transaction,symbol,buyer,seller,quantity,rate,amount,date
2025041001013482,GMLI,55,98,100.0,2599.7,259970.0,2025-04-10
2025041001013481,HEIP,59,34,1000.0,360.1,360100.0,2025-04-10
2025041001013480,CKHL,99,57,40.0,724.3,28972.0,2025-04-10
2025041001013479,CKHL,99,41,50.0,724.0,36200.0,2025-04-10
2025041001013478,CKHL,99,55,10.0,724.0,7240.0,2025-04-10
2025041001013477,KBSH,38,18,17.0,2210.0,37570.0,2025-04-10
2025041004016111,AKPL,32,38,208.0,227.0,47216.0,2025-04-10
2025041004016110,AKPL,32,52,189.0,226.6,42827.4,2025-04-10
2025041003008325,EDBL,32,8,10.0,610.0,6100.0,2025-04-10
2025041004016109,BARUN,6,32,550.0,522.0,287100.0,2025-04-10
2025041004016108,BARUN,94,32,500.0,522.5,261250.0,2025-04-10
2025041004016107,BARUN,42,32,10.0,523.0,5230.0,2025-04-10
2025041004016106,BARUN,32,32,340.0,523.0,177820.0,2025-04-10
2025041005011693,HIDCL,92,57,272.0,277.0,75344.0,2025-04-10
2025041005011692,HIDCL,92,42,100.0,277.0,27700.0,2025-04-10
2025041005011691,HIDCL,92,54,62.0,277.0,17174.0,2025-04-10
2025041005011690,HIDCL,92,34,1000.0,277.0,277000.0,2025-04-10
2025041005011689,HIDCL,92,45,125.0,277.0,34625.0,2025-04-10
2025041005011688,HIDCL,92,55,17.0,277.0,4709.0,2025-04-10
2025041005011687,HIDCL,92,49,105.0,277.0,29085.0,2025-04-10
2025041005011686,HIDCL,92,83,1000.0,277.0,277000.0,2025-04-10
2025041005011685,HIDCL,92,48,85.0,277.0,23545.0,2025-04-10
2025041001013476,SHLB,82,45,20.0,2151.0,43020.0,2025-04-10
2025041005011684,HRL,43,41,67.0,1027.5,68842.5,2025-04-10
2025041001013475,BHL,77,33,59.0,282.2,16649.8,2025-04-10
2025041001013474,BHL,6,33,20.0,283.0,5660.0,2025-04-10
2025041001013473,BHL,21,33,191.0,284.0,54244.0,2025-04-10
2025041001013472,BHL,58,33,40.0,284.5,11380.0,2025-04-10
2025041003008324,GMFIL,42,37,10.0,511.0,5110.0,2025-04-10
2025041005011683,SONA,14,42,520.0,467.1,242892.0,2025-04-10
2025041004016105,RADHI,43,38,199.0,470.1,93549.9,2025-04-10
2025041003008323,BFC,36,17,10.0,562.5,5625.0,2025-04-10
2025041005011682,NIFRA,60,58,10.0,270.3,2703.0,2025-04-10
2025041001013471,SMHL,25,58,10.0,909.0,9090.0,2025-04-10
2025041004016104,UPCL,84,90,80.0,302.2,24176.0,2025-04-10
2025041004016103,CGH,49,84,15.0,854.9,12823.5,2025-04-10
2025041004016102,NGPL,8,29,500.0,289.0,144500.0,2025-04-10
2025041003008322,JFL,6,56,200.0,507.1,101420.0,2025-04-10
2025041004016101,JOSHI,6,11,127.0,388.0,49276.0,2025-04-10
2025041004016100,JOSHI,6,4,20.0,388.0,7760.0,2025-04-10
2025041004016099,JOSHI,6,54,28.0,388.0,10864.0,2025-04-10
2025041004016098,JOSHI,6,58,100.0,387.1,38710.0,2025-04-10
2025041004016097,JOSHI,6,58,100.0,387.0,38700.0,2025-04-10
2025041003008321,SADBL,1,53,70.0,401.8,28126.0,2025-04-10
2025041004016096,UMHL,62,52,1400.0,460.0,644000.0,2025-04-10
2025041005011681,CHDC,50,19,500.0,2458.0,1229000.0,2025-04-10
2025041001013470,AHL,85,19,10.0,721.0,7210.0,2025-04-10
2025041001013469,RFPL,47,42,10.0,689.0,6890.0,2025-04-10
2025041004016095,UMHL,62,34,50.0,460.0,23000.0,2025-04-10
2025041004016094,NGPL,34,29,67.0,289.0,19363.0,2025-04-10
2025041004016093,NGPL,34,17,100.0,289.0,28900.0,2025-04-10
2025041004016092,NGPL,34,44,333.0,289.0,96237.0,2025-04-10
2025041001013468,RAWA,64,34,20.0,829.0,16580.0,2025-04-10
2025041001013467,GMLI,55,18,290.0,2599.7,753913.0,2025-04-10
2025041004016091,GHL,65,65,1990.0,267.5,532325.0,2025-04-10
2025041001013466,KBL,14,65,980.0,209.0,204820.0,2025-04-10
2025041001013465,KBL,14,22,20.0,208.9,4178.0,2025-04-10
2025041004016090,GHL,38,65,10.0,267.5,2675.0,2025-04-10
2025041001013464,EBL,49,14,83.0,606.6,50347.8,2025-04-10
2025041005011680,SONA,14,29,600.0,467.1,280260.0,2025-04-10
2025041001013463,HBL,39,3,10.0,235.0,2350.0,2025-04-10
2025041001013462,ULHC,8,39,225.0,513.0,115425.0,2025-04-10
2025041004016089,CHL,55,39,1000.0,455.5,455500.0,2025-04-10
2025041004016088,BARUN,32,69,160.0,523.0,83680.0,2025-04-10
2025041001013461,BEDC,51,45,190.0,757.0,143830.0,2025-04-10
2025041001013460,BEDC,48,45,10.0,757.5,7575.0,2025-04-10
2025041004016087,SSHL,41,45,1203.0,231.5,278494.5,2025-04-10
2025041004016086,SSHL,41,45,20.0,231.5,4630.0,2025-04-10
2025041004016085,SSHL,16,45,1000.0,231.6,231600.0,2025-04-10
2025041004016084,SSHL,39,45,52.0,231.6,12043.2,2025-04-10
2025041004016083,SSHL,52,45,525.0,231.7,121642.5,2025-04-10
2025041004016082,SSHL,4,45,200.0,231.7,46340.0,2025-04-10
2025041004016081,SHPC,43,57,100.0,472.0,47200.0,2025-04-10
2025041003008320,NABBC,20,57,38.0,1779.8,67632.4,2025-04-10
2025041003008319,NABBC,20,70,72.0,1779.7,128138.4,2025-04-10
2025041004016080,RADHI,14,26,518.0,470.0,243460.0,2025-04-10
2025041004016079,RADHI,58,26,482.0,470.0,226540.0,2025-04-10
2025041001013459,SARBTM,41,42,100.0,796.0,79600.0,2025-04-10
2025041004016078,JOSHI,42,58,100.0,387.0,38700.0,2025-04-10
2025041003008318,SAPDBL,59,95,16.0,1043.0,16688.0,2025-04-10
2025041005011679,GCIL,45,91,50.0,538.0,26900.0,2025-04-10
2025041005011678,GCIL,13,91,200.0,538.0,107600.0,2025-04-10
2025041005011677,GCIL,1,91,50.0,538.0,26900.0,2025-04-10
2025041005011676,GCIL,52,91,100.0,538.0,53800.0,2025-04-10
2025041005011675,GCIL,92,91,163.0,538.0,87694.0,2025-04-10
2025041003008317,SFCL,47,85,240.0,531.0,127440.0,2025-04-10
2025041003008316,SFCL,57,85,100.0,531.0,53100.0,2025-04-10
2025041003008315,KSBBL,34,25,371.0,436.6,161978.6,2025-04-10
2025041003008314,KSBBL,84,25,500.0,436.7,218350.0,2025-04-10
2025041003008313,KSBBL,49,25,79.0,436.8,34507.2,2025-04-10
2025041003008312,KSBBL,45,25,50.0,437.0,21850.0,2025-04-10
2025041005011674,GCIL,8,45,19.0,539.0,10241.0,2025-04-10
2025041003008311,GUFL,49,4,30.0,583.0,17490.0,2025-04-10
2025041001013458,SARBTM,41,17,100.0,796.0,79600.0,2025-04-10
2025041004016077,HDHPC,56,59,200.0,197.2,39440.0,2025-04-10
2025041004016076,UMHL,62,64,347.0,460.0,159620.0,2025-04-10
2025041005011673,PHCL,65,6,10.0,579.0,5790.0,2025-04-10
2025041004016075,NHPC,34,6,10.0,206.0,2060.0,2025-04-10
2025041005011672,NRM,48,13,31.0,474.6,14712.6,2025-04-10
2025041005011671,NRM,53,13,20.0,474.6,9492.0,2025-04-10
2025041005011670,NRM,48,13,30.0,474.7,14241.0,2025-04-10
2025041005011669,NRM,16,13,10.0,474.8,4748.0,2025-04-10
2025041005011668,VLUCL,86,17,10.0,662.9,6629.0,2025-04-10
2025041005011667,VLUCL,86,51,10.0,655.0,6550.0,2025-04-10
2025041004016074,HPPL,49,50,425.0,599.0,254575.0,2025-04-10
2025041004016073,HPPL,91,50,375.0,599.0,224625.0,2025-04-10
2025041003008310,ALBSL,5,43,114.0,820.0,93480.0,2025-04-10
2025041004016072,SHEL,43,35,50.0,246.9,12345.0,2025-04-10
2025041003008309,PMLI,1,34,12.0,548.0,6576.0,2025-04-10
2025041004016071,MHNL,3,54,300.0,259.0,77700.0,2025-04-10
2025041004016070,GHL,38,29,100.0,267.5,26750.0,2025-04-10
2025041004016069,PPCL,45,29,20.0,318.2,6364.0,2025-04-10
2025041005011666,NRN,39,45,60.0,1698.0,101880.0,2025-04-10
2025041005011665,HATHY,5,62,100.0,1374.0,137400.0,2025-04-10
2025041003008308,GILB,28,32,50.0,1242.1,62105.0,2025-04-10
2025041005011664,HRL,43,45,133.0,1027.5,136657.5,2025-04-10
2025041005011663,HRL,78,45,50.0,1028.0,51400.0,2025-04-10
2025041005011662,HRL,32,45,12.0,1028.0,12336.0,2025-04-10
2025041005011661,HIDCL,45,48,215.0,277.0,59555.0,2025-04-10
2025041005011660,HIDCL,45,53,285.0,276.9,78916.5,2025-04-10
2025041003008307,GBLBS,45,57,20.0,825.3,16506.0,2025-04-10
2025041003008306,GBLBS,5,57,50.0,825.5,41275.0,2025-04-10
2025041004016068,SGIC,1,37,100.0,590.0,59000.0,2025-04-10
2025041001013457,ULHC,42,4,10.0,518.8,5188.0,2025-04-10
2025041005011659,CHDC,42,43,10.0,2469.0,24690.0,2025-04-10
2025041003008305,FMDBL,49,59,40.0,770.0,30800.0,2025-04-10
2025041003008304,SINDU,17,65,20.0,1105.0,22100.0,2025-04-10
2025041003008303,SINDU,17,45,10.0,1105.0,11050.0,2025-04-10
2025041003008302,SINDU,17,6,30.0,1104.0,33120.0,2025-04-10
2025041001013456,MHCL,7,58,10.0,509.0,5090.0,2025-04-10
2025041005011658,GCIL,56,45,100.0,539.0,53900.0,2025-04-10
2025041001013455,MKCL,13,16,10.0,1634.0,16340.0,2025-04-10
2025041001013454,MKCL,13,36,10.0,1630.0,16300.0,2025-04-10
2025041001013453,SIKLES,6,52,10.0,1088.0,10880.0,2025-04-10
2025041001013452,MANDU,6,47,20.0,881.0,17620.0,2025-04-10
2025041004016067,LEC,36,51,179.0,207.9,37214.1,2025-04-10
2025041004016066,LEC,44,51,21.0,207.9,4365.9,2025-04-10
2025041003008301,NFS,63,43,50.0,686.0,34300.0,2025-04-10
2025041004016065,RURU,85,58,340.0,719.0,244460.0,2025-04-10
2025041004016064,RURU,85,58,282.0,719.0,202758.0,2025-04-10
2025041004016063,RURU,16,58,350.0,720.0,252000.0,2025-04-10
2025041004016062,RADHI,58,58,10.0,470.0,4700.0,2025-04-10
2025041004016061,HEI,48,1,10.0,602.9,6029.0,2025-04-10
2025041004016060,RADHI,58,48,395.0,470.0,185650.0,2025-04-10
2025041004016059,RADHI,71,48,304.0,470.1,142910.4,2025-04-10
2025041004016058,RADHI,8,48,301.0,470.1,141500.1,2025-04-10
2025041004016057,LEC,40,57,84.0,208.0,17472.0,2025-04-10
2025041004016056,LEC,40,58,316.0,208.0,65728.0,2025-04-10
2025041003008300,NADEP,48,22,100.0,870.0,87000.0,2025-04-10
2025041004016055,SPDL,57,39,10.0,326.0,3260.0,2025-04-10
2025041004016054,UMHL,55,11,20.0,460.1,9202.0,2025-04-10
2025041004016053,UMHL,91,11,57.0,460.1,26225.7,2025-04-10
2025041005011657,GCIL,92,26,150.0,538.0,80700.0,2025-04-10
2025041003008299,LICN,42,58,77.0,986.0,75922.0,2025-04-10
2025041003008298,LICN,42,99,30.0,985.9,29577.0,2025-04-10
2025041003008297,MPFL,50,42,20.0,629.0,12580.0,2025-04-10
2025041003008296,MPFL,32,42,50.0,629.1,31455.0,2025-04-10
2025041005011656,NSIF2,58,33,400.0,10.33,4132.0,2025-04-10
2025041003008295,GFCL,43,38,10.0,660.0,6600.0,2025-04-10
2025041001013451,ADBL,38,41,15.0,289.0,4335.0,2025-04-10
2025041004016052,UMRH,38,48,1000.0,592.0,592000.0,2025-04-10
2025041001013450,KBL,59,28,100.0,208.1,20810.0,2025-04-10
2025041003008294,MLBL,26,85,150.0,386.2,57930.0,2025-04-10
2025041005011655,SMJC,48,25,100.0,567.2,56720.0,2025-04-10
2025041004016051,SALICO,95,11,10.0,722.0,7220.0,2025-04-10
2025041003008293,MLBL,17,85,30.0,387.0,11610.0,2025-04-10
2025041003008292,SIFC,6,5,10.0,535.1,5351.0,2025-04-10
2025041004016050,GHL,53,21,100.0,268.9,26890.0,2025-04-10
2025041004016049,GHL,53,5,400.0,267.8,107120.0,2025-04-10
2025041004016048,SSHL,13,43,95.0,232.8,22116.0,2025-04-10
2025041004016047,SSHL,13,41,190.0,232.5,44175.0,2025-04-10
2025041004016046,SSHL,13,57,215.0,232.0,49880.0,2025-04-10
2025041001013449,GMLI,55,98,300.0,2599.7,779910.0,2025-04-10
2025041003008291,SMB,50,51,55.0,2416.0,132880.0,2025-04-10
2025041003008290,SMB,26,51,10.0,2418.0,24180.0,2025-04-10
2025041003008289,MLBL,26,94,150.0,386.2,57930.0,2025-04-10
2025041003008288,MLBL,59,94,50.0,386.2,19310.0,2025-04-10
2025041003008287,MLBL,38,94,115.0,386.2,44413.0,2025-04-10
2025041003008286,MLBL,26,94,1500.0,386.3,579450.0,2025-04-10
2025041003008285,MLBL,1,94,100.0,386.4,38640.0,2025-04-10
2025041003008284,MLBL,6,94,85.0,386.4,32844.0,2025-04-10
2025041004016045,RADHI,18,44,10.0,472.0,4720.0,2025-04-10
2025041004016044,UNHPL,57,29,200.0,318.0,63600.0,2025-04-10
2025041005011654,ILI,42,21,150.0,463.4,69510.0,2025-04-10
2025041001013448,GMLI,55,21,10.0,2599.7,25997.0,2025-04-10
2025041004016043,GHL,19,5,100.0,267.8,26780.0,2025-04-10
2025041003008283,JFL,34,35,100.0,508.0,50800.0,2025-04-10
2025041004016042,NGPL,35,44,47.0,289.0,13583.0,2025-04-10
2025041004016041,NGPL,35,45,203.0,288.9,58646.7,2025-04-10
2025041003008282,SAPDBL,16,95,100.0,1043.0,104300.0,2025-04-10
2025041001013447,GMLI,55,36,10.0,2599.7,25997.0,2025-04-10
2025041005011653,NIFRA,4,58,777.0,270.3,210023.1,2025-04-10
2025041001013446,GMLI,55,49,20.0,2599.7,51994.0,2025-04-10
2025041004016040,KKHC,38,49,221.0,346.0,76466.0,2025-04-10
2025041004016039,KKHC,56,49,15.0,346.1,5191.5,2025-04-10
2025041004016038,KKHC,29,49,14.0,346.1,4845.4,2025-04-10
2025041004016037,NLG,71,86,10.0,911.0,9110.0,2025-04-10
2025041001013445,IHL,81,74,80.0,687.8,55024.0,2025-04-10
2025041005011652,HDL,54,44,25.0,1194.0,29850.0,2025-04-10
2025041004016036,HPPL,91,14,100.0,599.0,59900.0,2025-04-10
2025041005011651,HATHY,58,62,20.0,1374.0,27480.0,2025-04-10
2025041005011650,NRN,78,21,708.0,1694.7,1199847.6,2025-04-10
2025041005011649,NRN,39,21,62.0,1694.7,105071.4,2025-04-10
2025041005011648,NRN,28,21,100.0,1694.8,169480.0,2025-04-10
2025041005011647,NRN,57,21,30.0,1695.1,50853.0,2025-04-10
2025041005011646,NRN,38,21,30.0,1696.1,50883.0,2025-04-10
2025041005011645,NRN,28,21,72.0,1696.1,122119.2,2025-04-10
2025041001013444,NYADI,38,35,20.0,596.2,11924.0,2025-04-10
2025041001013443,NYADI,40,35,100.0,597.0,59700.0,2025-04-10
2025041001013442,NYADI,45,35,50.0,599.9,29995.0,2025-04-10
2025041003008281,FOWAD,57,43,34.0,1183.0,40222.0,2025-04-10
2025041003008280,FOWAD,57,47,10.0,1183.0,11830.0,2025-04-10
2025041003008279,FOWAD,57,26,22.0,1182.9,26023.8,2025-04-10
2025041001013441,GMLI,55,61,50.0,2599.7,129985.0,2025-04-10
2025041001013440,MKJC,62,35,190.0,581.0,110390.0,2025-04-10
2025041004016035,API,26,58,10.0,272.0,2720.0,2025-04-10
2025041005011644,HDL,42,44,10.0,1194.0,11940.0,2025-04-10
2025041004016034,AHPC,29,38,240.0,252.4,60576.0,2025-04-10
2025041001013439,MCHL,28,45,10.0,609.9,6099.0,2025-04-10
2025041001013438,ULBSL,38,41,10.0,3240.0,32400.0,2025-04-10
2025041001013437,MKJC,52,35,10.0,581.0,5810.0,2025-04-10
2025041004016033,CHL,52,52,50.0,456.0,22800.0,2025-04-10
2025041004016032,UMHL,91,60,443.0,460.1,203824.3,2025-04-10
2025041004016031,UMHL,29,60,195.0,460.1,89719.5,2025-04-10
2025041004016030,AKPL,22,52,20.0,226.6,4532.0,2025-04-10
2025041001013436,GMLI,55,71,100.0,2599.7,259970.0,2025-04-10
2025041005011643,HRL,32,10,188.0,1028.0,193264.0,2025-04-10
2025041005011642,HRL,55,10,152.0,1028.0,156256.0,2025-04-10
2025041005011641,HRL,56,10,40.0,1028.1,41124.0,2025-04-10
2025041003008278,EDBL,48,8,20.0,610.0,12200.0,2025-04-10
2025041003008277,EDBL,48,8,610.0,610.0,372100.0,2025-04-10
2025041003008276,EDBL,57,8,175.0,610.0,106750.0,2025-04-10
2025041003008275,SHINE,6,49,101.0,411.0,41511.0,2025-04-10
2025041003008274,SHINE,6,59,25.0,411.0,10275.0,2025-04-10
2025041003008273,SHINE,6,57,74.0,410.5,30377.0,2025-04-10
2025041004016029,HURJA,6,99,500.0,236.0,118000.0,2025-04-10
2025041004016028,HURJA,6,14,100.0,236.0,23600.0,2025-04-10
2025041004016027,HURJA,6,53,120.0,236.0,28320.0,2025-04-10
2025041001013435,GVL,6,75,20.0,493.0,9860.0,2025-04-10
2025041003008272,PROFL,14,86,564.0,532.0,300048.0,2025-04-10
2025041003008271,PROFL,37,86,250.0,532.3,133075.0,2025-04-10
2025041003008270,PROFL,41,86,150.0,533.0,79950.0,2025-04-10
2025041003008269,PROFL,32,86,200.0,533.0,106600.0,2025-04-10
2025041003008268,PROFL,13,86,100.0,535.0,53500.0,2025-04-10
2025041003008267,PROFL,52,86,50.0,535.0,26750.0,2025-04-10
2025041003008266,PROFL,51,86,100.0,535.0,53500.0,2025-04-10
2025041003008265,PROFL,49,86,13.0,535.1,6956.3,2025-04-10
2025041003008264,PROFL,41,86,500.0,536.0,268000.0,2025-04-10
2025041003008263,PROFL,58,86,50.0,536.0,26800.0,2025-04-10
2025041003008262,PROFL,8,86,30.0,536.0,16080.0,2025-04-10
2025041003008261,PROFL,63,86,200.0,536.0,107200.0,2025-04-10
2025041003008260,PROFL,38,86,301.0,536.0,161336.0,2025-04-10
2025041003008259,PROFL,13,86,100.0,536.1,53610.0,2025-04-10
2025041003008258,PROFL,38,86,10.0,536.1,5361.0,2025-04-10
2025041003008257,PROFL,3,86,300.0,537.0,161100.0,2025-04-10
2025041003008256,PROFL,53,86,82.0,537.0,44034.0,2025-04-10
2025041004016026,UMRH,76,48,10.0,592.0,5920.0,2025-04-10
2025041004016025,UPPER,58,54,115.0,198.5,22827.5,2025-04-10
2025041004016024,UPPER,28,54,185.0,198.5,36722.5,2025-04-10
2025041003008255,GFCL,43,14,256.0,660.0,168960.0,2025-04-10
2025041003008254,GFCL,38,14,100.0,660.0,66000.0,2025-04-10
2025041003008253,GFCL,34,14,250.0,660.0,165000.0,2025-04-10
2025041003008252,GFCL,62,14,50.0,660.0,33000.0,2025-04-10
2025041003008251,GFCL,5,14,50.0,660.0,33000.0,2025-04-10
2025041003008250,GFCL,22,14,100.0,660.0,66000.0,2025-04-10
2025041001013434,MHL,14,32,10.0,703.0,7030.0,2025-04-10
2025041001013433,MHL,14,7,10.0,702.0,7020.0,2025-04-10
2025041001013432,MHL,14,4,10.0,702.0,7020.0,2025-04-10
2025041004016023,UPCL,84,14,120.0,302.2,36264.0,2025-04-10
2025041004016022,UPCL,42,14,80.0,302.3,24184.0,2025-04-10
2025041004016021,CHL,55,39,465.0,455.5,211807.5,2025-04-10
2025041004016020,CHL,63,39,35.0,455.6,15946.0,2025-04-10
2025041001013431,GMLI,55,21,10.0,2599.7,25997.0,2025-04-10
2025041001013430,BHL,21,58,17.0,284.0,4828.0,2025-04-10
2025041003008249,GBBL,48,57,10.0,396.0,3960.0,2025-04-10
2025041004016019,UMRH,87,48,200.0,592.0,118400.0,2025-04-10
2025041004016018,UMRH,17,48,100.0,592.0,59200.0,2025-04-10
2025041004016017,UMRH,36,48,300.0,592.1,177630.0,2025-04-10
2025041004016016,UMRH,54,48,300.0,592.3,177690.0,2025-04-10
2025041004016015,UMRH,16,48,262.0,593.0,155366.0,2025-04-10
2025041001013429,BHL,19,8,10.0,284.5,2845.0,2025-04-10
2025041001013428,BHL,19,26,200.0,284.5,56900.0,2025-04-10
2025041001013427,BHL,19,38,14.0,284.5,3983.0,2025-04-10
2025041004016014,AHPC,22,36,20.0,252.5,5050.0,2025-04-10
2025041004016013,HEI,62,45,500.0,600.0,300000.0,2025-04-10
2025041004016012,HEI,62,38,459.0,600.0,275400.0,2025-04-10
2025041004016011,GHL,38,38,80.0,267.5,21400.0,2025-04-10
2025041004016010,UNHPL,57,44,100.0,318.0,31800.0,2025-04-10
2025041004016009,RADHI,77,44,2670.0,472.0,1260240.0,2025-04-10
2025041004016008,RADHI,77,14,1000.0,472.0,472000.0,2025-04-10
2025041004016007,RADHI,77,49,680.0,472.0,320960.0,2025-04-10
2025041004016006,RADHI,77,1,50.0,472.0,23600.0,2025-04-10
2025041004016005,RADHI,77,14,100.0,472.0,47200.0,2025-04-10
2025041003008248,NABBC,56,70,190.0,1779.7,338143.0,2025-04-10
2025041003008247,NABBC,56,45,10.0,1770.0,17700.0,2025-04-10
2025041001013426,BNT,60,49,10.0,13220.0,132200.0,2025-04-10
2025041004016004,HPPL,91,66,425.0,599.0,254575.0,2025-04-10
2025041004016003,HPPL,45,66,15.0,599.0,8985.0,2025-04-10
2025041004016002,HPPL,48,66,60.0,599.1,35946.0,2025-04-10
2025041004016001,HDHPC,58,50,400.0,197.0,78800.0,2025-04-10
2025041004016000,HDHPC,64,50,500.0,197.0,98500.0,2025-04-10
2025041003008246,NFS,45,43,150.0,686.0,102900.0,2025-04-10
2025041001013425,GBIME,34,22,100.0,219.2,21920.0,2025-04-10
2025041005011640,MBJC,55,63,10.0,315.8,3158.0,2025-04-10
2025041005011639,GCIL,92,14,22.0,538.0,11836.0,2025-04-10
2025041005011638,GCIL,45,14,18.0,538.0,9684.0,2025-04-10
2025041003008245,BFC,70,34,120.0,560.0,67200.0,2025-04-10
2025041003008244,BFC,38,34,200.0,560.1,112020.0,2025-04-10
2025041003008243,SAPDBL,32,95,40.0,1043.0,41720.0,2025-04-10
2025041003008242,SFCL,57,48,100.0,531.0,53100.0,2025-04-10
2025041004015999,JOSHI,57,58,75.0,387.0,29025.0,2025-04-10
2025041004015998,UMHL,62,10,200.0,460.4,92080.0,2025-04-10
2025041001013424,NYADI,45,56,10.0,600.0,6000.0,2025-04-10
2025041001013423,MKCL,58,42,10.0,1620.0,16200.0,2025-04-10
2025041001013422,MKCL,21,42,80.0,1620.1,129608.0,2025-04-10
2025041004015997,UMHL,29,42,10.0,460.1,4601.0,2025-04-10
2025041001013421,GMLI,55,36,20.0,2599.7,51994.0,2025-04-10
2025041005011637,MEL,14,55,3709.0,311.0,1153499.0,2025-04-10
2025041005011636,MEL,50,55,1000.0,311.0,311000.0,2025-04-10
2025041005011635,MEL,36,55,250.0,311.0,77750.0,2025-04-10
2025041005011634,MEL,14,55,861.0,311.0,267771.0,2025-04-10
2025041005011633,MEL,57,55,200.0,311.5,62300.0,2025-04-10
2025041005011632,MEL,4,55,300.0,311.5,93450.0,2025-04-10
2025041005011631,MEL,70,55,300.0,311.5,93450.0,2025-04-10
2025041005011630,MEL,38,55,60.0,311.6,18696.0,2025-04-10
2025041005011629,MEL,57,55,470.0,312.0,146640.0,2025-04-10
2025041005011628,MEL,32,55,500.0,312.0,156000.0,2025-04-10
2025041005011627,MEL,57,55,350.0,312.0,109200.0,2025-04-10
2025041005011626,SHIVM,47,55,165.0,532.5,87862.5,2025-04-10
2025041005011625,SMJC,65,64,50.0,567.1,28355.0,2025-04-10
2025041003008241,PMLI,1,41,42.0,548.0,23016.0,2025-04-10
2025041003008240,PMLI,34,41,178.0,548.1,97561.8,2025-04-10
2025041003008239,PMLI,55,41,30.0,548.2,16446.0,2025-04-10
2025041003008238,JFL,49,58,437.0,510.0,222870.0,2025-04-10
2025041003008237,JFL,49,11,39.0,508.0,19812.0,2025-04-10
2025041003008236,PFL,13,58,110.0,417.0,45870.0,2025-04-10
2025041004015996,CHL,63,13,900.0,455.6,410040.0,2025-04-10
2025041004015995,CHL,40,13,100.0,455.7,45570.0,2025-04-10
2025041003008235,NMFBS,56,40,10.0,1197.0,11970.0,2025-04-10
2025041001013420,PRVU,33,46,227.0,208.5,47329.5,2025-04-10
2025041001013419,PRVU,51,46,10.0,208.5,2085.0,2025-04-10
2025041001013418,PRVU,57,46,100.0,208.5,20850.0,2025-04-10
2025041001013417,PRVU,49,46,100.0,208.5,20850.0,2025-04-10
2025041001013416,PRVU,48,46,763.0,208.6,159161.8,2025-04-10
2025041001013415,PRVU,41,46,300.0,208.9,62670.0,2025-04-10
2025041004015994,CHCL,17,29,500.0,473.4,236700.0,2025-04-10
2025041001013414,MEHL,5,48,10.0,530.0,5300.0,2025-04-10
2025041005011624,NIFRA,49,29,512.0,270.0,138240.0,2025-04-10
2025041004015993,BARUN,19,69,200.0,523.0,104600.0,2025-04-10
2025041005011623,NRN,28,35,10.0,1696.1,16961.0,2025-04-10
2025041005011622,GCIL,45,22,22.0,538.0,11836.0,2025-04-10
2025041005011621,GCIL,25,22,78.0,538.0,41964.0,2025-04-10
2025041004015992,MHNL,38,22,90.0,255.5,22995.0,2025-04-10
2025041004015991,BARUN,22,69,100.0,523.0,52300.0,2025-04-10
2025041004015990,UMHL,29,62,2000.0,460.1,920200.0,2025-04-10
2025041003008234,MPFL,50,45,100.0,629.0,62900.0,2025-04-10
2025041005011620,NRN,28,96,18.0,1695.0,30510.0,2025-04-10
2025041005011619,HRL,55,8,50.0,1028.0,51400.0,2025-04-10
2025041005011618,HRL,55,41,200.0,1028.0,205600.0,2025-04-10
2025041005011617,HRL,55,47,60.0,1028.0,61680.0,2025-04-10
2025041005011616,HRL,55,81,500.0,1028.0,514000.0,2025-04-10
2025041005011615,HRL,55,77,38.0,1028.0,39064.0,2025-04-10
2025041003008233,SKBBL,40,25,13.0,799.0,10387.0,2025-04-10
2025041001013413,SRLI,41,29,10.0,413.8,4138.0,2025-04-10
2025041004015989,HPPL,49,21,414.0,600.0,248400.0,2025-04-10
2025041004015988,HPPL,49,56,585.0,600.0,351000.0,2025-04-10
2025041003008232,GRDBL,42,49,54.0,1254.2,67726.8,2025-04-10
2025041004015987,RADHI,6,14,1000.0,472.0,472000.0,2025-04-10
2025041004015986,UMHL,13,10,100.0,460.4,46040.0,2025-04-10
2025041004015985,SALICO,13,13,375.0,715.1,268162.5,2025-04-10
2025041001013412,UNLB,11,52,20.0,2230.0,44600.0,2025-04-10
2025041004015984,NGPL,70,44,120.0,289.0,34680.0,2025-04-10
2025041004015983,NGPL,70,43,30.0,289.0,8670.0,2025-04-10
2025041004015982,NGPL,70,17,100.0,289.0,28900.0,2025-04-10
2025041004015981,NGPL,70,41,250.0,289.0,72250.0,2025-04-10
2025041005011614,CHDC,39,43,100.0,2469.0,246900.0,2025-04-10
2025041005011613,GCIL,36,45,100.0,539.0,53900.0,2025-04-10
2025041005011612,HRL,58,77,30.0,1028.0,30840.0,2025-04-10
2025041001013411,GMLI,55,58,20.0,2599.7,51994.0,2025-04-10
2025041001013410,MHCL,58,57,100.0,508.9,50890.0,2025-04-10
2025041003008231,PFL,34,58,35.0,416.2,14567.0,2025-04-10
2025041001013409,DORDI,58,57,100.0,365.1,36510.0,2025-04-10
2025041001013408,CZBIL,48,45,794.0,210.0,166740.0,2025-04-10
2025041001013407,CZBIL,19,45,10.0,210.1,2101.0,2025-04-10
2025041001013406,CZBIL,19,45,10.0,210.1,2101.0,2025-04-10
2025041001013405,CZBIL,19,45,10.0,210.1,2101.0,2025-04-10
2025041001013404,CZBIL,41,45,200.0,210.1,42020.0,2025-04-10
2025041001013403,CZBIL,11,45,976.0,210.2,205155.2,2025-04-10
2025041001013402,BHPL,25,45,40.0,1026.0,41040.0,2025-04-10
2025041001013401,BHPL,1,45,50.0,1030.0,51500.0,2025-04-10
2025041001013400,BHPL,62,45,50.0,1030.0,51500.0,2025-04-10
2025041001013399,BHPL,13,45,60.0,1032.0,61920.0,2025-04-10
2025041004015980,UMHL,42,10,200.0,460.4,92080.0,2025-04-10
2025041003008230,SMB,57,28,20.0,2420.0,48400.0,2025-04-10
2025041005011611,SIGS2,42,48,6100.0,10.09,61549.0,2025-04-10
2025041003008229,ICFC,48,10,14.0,595.0,8330.0,2025-04-10
2025041003008228,ICFC,34,10,500.0,595.0,297500.0,2025-04-10
2025041003008227,ICFC,34,10,218.0,595.0,129710.0,2025-04-10
2025041003008226,ICFC,44,10,10.0,595.1,5951.0,2025-04-10
2025041004015979,RHPL,42,10,10.0,374.0,3740.0,2025-04-10
2025041001013398,GMLI,55,44,10.0,2599.7,25997.0,2025-04-10
2025041003008225,SFCL,55,55,250.0,530.0,132500.0,2025-04-10
2025041001013397,NWCL,17,43,20.0,959.0,19180.0,2025-04-10
2025041004015978,AKJCL,45,36,98.0,201.5,19747.0,2025-04-10
2025041004015977,AKJCL,22,36,300.0,201.5,60450.0,2025-04-10
2025041004015976,AKJCL,39,36,79.0,201.5,15918.5,2025-04-10
2025041005011610,NRM,36,49,500.0,475.0,237500.0,2025-04-10
2025041005011609,NRM,52,49,205.0,475.0,97375.0,2025-04-10
2025041005011608,NRM,48,49,200.0,476.0,95200.0,2025-04-10
2025041004015975,UMRH,76,35,10.0,596.9,5969.0,2025-04-10
2025041003008224,NUBL,45,6,28.0,680.0,19040.0,2025-04-10
2025041005011607,HIDCL,48,53,150.0,276.9,41535.0,2025-04-10
2025041005011606,HIDCL,56,53,325.0,276.9,89992.5,2025-04-10
2025041005011605,VLUCL,67,50,10.0,653.0,6530.0,2025-04-10
2025041005011604,HATHY,19,43,30.0,1370.1,41103.0,2025-04-10
2025041004015974,UMHL,29,14,50.0,460.1,23005.0,2025-04-10
2025041005011603,NRIC,5,48,35.0,1318.0,46130.0,2025-04-10
2025041003008223,PFL,34,5,100.0,416.2,41620.0,2025-04-10
2025041004015973,SHEL,34,35,5000.0,246.9,1234500.0,2025-04-10
2025041003008222,SFCL,55,48,100.0,530.0,53000.0,2025-04-10
2025041001013396,GMLI,55,34,10.0,2599.7,25997.0,2025-04-10
2025041005011602,NRN,32,96,200.0,1695.0,339000.0,2025-04-10
2025041004015972,RIDI,37,45,100.0,220.9,22090.0,2025-04-10
2025041004015971,RIDI,37,50,285.0,220.9,62956.5,2025-04-10
2025041004015970,RIDI,37,25,111.0,220.8,24508.8,2025-04-10
2025041003008221,LICN,32,57,15.0,984.2,14763.0,2025-04-10
2025041003008220,LICN,58,57,10.0,984.2,9842.0,2025-04-10
2025041005011601,NRN,58,96,50.0,1695.0,84750.0,2025-04-10
2025041005011600,NRN,40,96,100.0,1695.0,169500.0,2025-04-10
2025041005011599,NRN,57,96,582.0,1696.0,987072.0,2025-04-10
2025041005011598,NRN,53,96,30.0,1698.0,50940.0,2025-04-10
2025041005011597,NRN,39,96,20.0,1698.0,33960.0,2025-04-10
2025041003008219,NFS,45,45,50.0,686.0,34300.0,2025-04-10
2025041004015969,PMHPL,45,53,50.0,293.0,14650.0,2025-04-10
2025041004015968,PMHPL,45,44,10.0,293.0,2930.0,2025-04-10
2025041004015967,PMHPL,45,41,150.0,293.0,43950.0,2025-04-10
2025041004015966,PMHPL,45,41,30.0,293.0,8790.0,2025-04-10
2025041001013395,ADBL,45,41,10.0,289.0,2890.0,2025-04-10
2025041001013394,ADBL,45,38,90.0,289.0,26010.0,2025-04-10
2025041004015965,PMHPL,45,41,10.0,293.0,2930.0,2025-04-10
2025041001013393,GMLI,55,71,10.0,2599.7,25997.0,2025-04-10
2025041005011596,SAHAS,25,38,100.0,499.0,49900.0,2025-04-10
2025041003008218,SINDU,41,8,66.0,1102.0,72732.0,2025-04-10
2025041003008217,SINDU,41,8,104.0,1103.0,114712.0,2025-04-10
2025041003008216,SINDU,65,8,100.0,1103.1,110310.0,2025-04-10
2025041004015964,BARUN,38,69,250.0,523.0,130750.0,2025-04-10
2025041004015963,BARUN,63,69,2000.0,523.0,1046000.0,2025-04-10
2025041004015962,BARUN,58,69,25.0,523.0,13075.0,2025-04-10
2025041005011595,HDL,56,44,165.0,1194.0,197010.0,2025-04-10
2025041001013392,NMB,47,16,500.0,252.0,126000.0,2025-04-10
2025041001013391,NMB,47,17,476.0,252.0,119952.0,2025-04-10
2025041001013390,GMLI,55,94,10.0,2599.7,25997.0,2025-04-10
2025041005011594,SAHAS,39,80,300.0,499.5,149850.0,2025-04-10
2025041003008215,GRDBL,42,39,50.0,1254.2,62710.0,2025-04-10
2025041005011593,GCIL,25,39,10.0,538.0,5380.0,2025-04-10
2025041004015961,UPCL,42,1,20.0,302.3,6046.0,2025-04-10
2025041001013389,TPC,38,32,10.0,515.0,5150.0,2025-04-10
2025041004015960,AKPL,58,38,162.0,227.0,36774.0,2025-04-10
2025041004015959,AKPL,58,38,58.0,227.0,13166.0,2025-04-10
2025041001013388,DORDI,58,37,400.0,365.1,146040.0,2025-04-10
2025041001013387,DORDI,22,37,100.0,365.1,36510.0,2025-04-10
2025041001013386,GMLI,55,26,50.0,2599.7,129985.0,2025-04-10
2025041004015958,GHL,38,26,110.0,267.5,29425.0,2025-04-10
2025041004015957,GHL,38,26,25.0,267.5,6687.5,2025-04-10
2025041004015956,GHL,22,26,65.0,267.5,17387.5,2025-04-10
2025041004015955,NGPL,28,41,965.0,289.0,278885.0,2025-04-10
2025041004015954,NGPL,28,94,1000.0,288.9,288900.0,2025-04-10
2025041004015953,NGPL,28,36,50.0,288.9,14445.0,2025-04-10
2025041004015952,NGPL,28,34,10.0,288.9,2889.0,2025-04-10
2025041004015951,NGPL,28,54,60.0,288.8,17328.0,2025-04-10
2025041004015950,NGPL,28,51,500.0,288.8,144400.0,2025-04-10
2025041004015949,NGPL,28,58,1000.0,288.8,288800.0,2025-04-10
2025041004015948,NGPL,28,7,120.0,288.8,34656.0,2025-04-10
2025041004015947,NGPL,28,45,11.0,288.8,3176.8,2025-04-10
2025041004015946,NGPL,28,77,950.0,288.7,274265.0,2025-04-10
2025041004015945,NGPL,28,51,232.0,288.6,66955.2,2025-04-10
2025041004015944,NGPL,28,29,102.0,288.5,29427.0,2025-04-10
2025041001013385,GMLI,55,42,10.0,2599.7,25997.0,2025-04-10
2025041004015943,SHEL,38,35,20.0,246.9,4938.0,2025-04-10
2025041005011592,HIDCL,56,38,157.0,276.9,43473.3,2025-04-10
2025041004015942,UPPER,28,41,315.0,198.5,62527.5,2025-04-10
2025041004015941,UPPER,34,41,20.0,198.5,3970.0,2025-04-10
2025041003008214,SINDU,8,6,10.0,1104.1,11041.0,2025-04-10
2025041003008213,SINDU,34,6,10.0,1104.2,11042.0,2025-04-10
2025041004015940,HPPL,56,56,157.0,600.0,94200.0,2025-04-10
2025041004015939,HPPL,56,26,643.0,600.0,385800.0,2025-04-10
2025041004015938,BARUN,94,57,170.0,523.5,88995.0,2025-04-10
2025041004015937,BARUN,94,29,30.0,523.4,15702.0,2025-04-10
2025041001013384,MHCL,34,65,10.0,503.0,5030.0,2025-04-10
2025041001013383,MHCL,56,65,100.0,503.6,50360.0,2025-04-10
2025041001013382,MHCL,45,65,90.0,503.7,45333.0,2025-04-10
2025041004015936,HPPL,63,26,157.0,600.0,94200.0,2025-04-10
2025041004015935,HPPL,63,66,300.0,600.0,180000.0,2025-04-10
2025041004015934,HPPL,63,94,43.0,600.0,25800.0,2025-04-10
2025041004015933,SHPC,43,14,510.0,472.0,240720.0,2025-04-10
2025041004015932,NGPL,42,29,99.0,288.5,28561.5,2025-04-10
2025041004015931,SJCL,45,5,40.0,320.3,12812.0,2025-04-10
2025041003008212,NMLBBL,42,48,116.0,655.0,75980.0,2025-04-10
2025041003008211,NMLBBL,34,48,20.0,655.0,13100.0,2025-04-10
2025041003008210,NMLBBL,58,48,45.0,655.0,29475.0,2025-04-10
2025041003008209,NMLBBL,57,48,30.0,655.0,19650.0,2025-04-10
2025041003008208,NMLBBL,63,48,34.0,655.2,22276.8,2025-04-10
2025041003008207,NMLBBL,6,48,150.0,655.5,98325.0,2025-04-10
2025041003008206,NMLBBL,1,48,25.0,655.5,16387.5,2025-04-10
2025041003008205,NMLBBL,6,48,80.0,656.0,52480.0,2025-04-10
2025041004015930,BARUN,48,29,70.0,523.4,36638.0,2025-04-10
2025041004015929,HPPL,48,48,140.0,599.1,83874.0,2025-04-10
2025041004015928,HPPL,48,48,800.0,599.1,479280.0,2025-04-10
2025041005011591,NRM,33,58,179.0,477.0,85383.0,2025-04-10
2025041004015927,HPPL,57,94,80.0,600.0,48000.0,2025-04-10
2025041004015926,API,50,58,200.0,272.0,54400.0,2025-04-10
2025041004015925,API,52,58,144.0,272.0,39168.0,2025-04-10
2025041005011590,NRIC,62,58,925.0,1316.4,1217670.0,2025-04-10
2025041005011589,NRIC,50,58,50.0,1318.0,65900.0,2025-04-10
2025041005011588,NRIC,5,58,25.0,1318.0,32950.0,2025-04-10
2025041004015924,LEC,44,1,400.0,207.9,83160.0,2025-04-10
2025041004015923,NGPL,58,51,200.0,288.6,57720.0,2025-04-10
2025041003008204,HLI,94,42,10.0,427.7,4277.0,2025-04-10
2025041004015922,UNHPL,57,42,350.0,318.0,111300.0,2025-04-10
2025041001013381,NIBLSTF,55,14,100.0,8.43,843.0,2025-04-10
2025041005011587,NRN,77,98,819.0,1699.0,1391481.0,2025-04-10
2025041005011586,NRN,77,35,11.0,1699.0,18689.0,2025-04-10
2025041005011585,NRN,77,48,110.0,1699.0,186890.0,2025-04-10
2025041005011584,NRN,77,95,390.0,1698.0,662220.0,2025-04-10
2025041005011583,NRN,77,53,50.0,1697.9,84895.0,2025-04-10
2025041005011582,NRN,77,48,20.0,1697.9,33958.0,2025-04-10
2025041001013380,GBIME,28,7,620.0,219.0,135780.0,2025-04-10
2025041001013379,GBIME,57,7,100.0,219.0,21900.0,2025-04-10
2025041001013378,HIDCLP,28,7,500.0,176.1,88050.0,2025-04-10
2025041004015921,KKHC,29,49,50.0,346.1,17305.0,2025-04-10
2025041004015920,NGPL,49,51,100.0,288.6,28860.0,2025-04-10
2025041004015919,CHL,60,52,122.0,456.0,55632.0,2025-04-10
2025041004015918,CHL,60,26,90.0,456.0,41040.0,2025-04-10
2025041004015917,CHL,60,49,288.0,456.0,131328.0,2025-04-10
2025041001013377,HIDCLP,28,60,160.0,176.1,28176.0,2025-04-10
2025041001013376,HIDCLP,52,60,40.0,176.1,7044.0,2025-04-10
2025041004015916,DHPL,43,91,809.0,400.0,323600.0,2025-04-10
2025041004015915,DHPL,43,35,16.0,400.0,6400.0,2025-04-10
2025041004015914,DHPL,43,4,500.0,400.0,200000.0,2025-04-10
2025041004015913,DHPL,43,89,200.0,399.8,79960.0,2025-04-10
2025041004015912,DHPL,43,11,200.0,399.5,79900.0,2025-04-10
2025041004015911,DHPL,43,41,40.0,398.0,15920.0,2025-04-10
2025041004015910,DHPL,43,35,235.0,397.0,93295.0,2025-04-10
2025041004015909,GLH,39,48,100.0,237.0,23700.0,2025-04-10
2025041001013375,HBL,4,35,1267.0,233.1,295337.7,2025-04-10
2025041004015908,BPCL,35,58,10.0,405.0,4050.0,2025-04-10
2025041005011581,BBC,19,40,15.0,6000.0,90000.0,2025-04-10
2025041005011580,BBC,45,40,10.0,6000.0,60000.0,2025-04-10
2025041005011579,BBC,10,40,20.0,6020.0,120400.0,2025-04-10
2025041005011578,BBC,96,40,10.0,6037.0,60370.0,2025-04-10
2025041005011577,BBC,96,40,10.0,6037.0,60370.0,2025-04-10
2025041001013374,GMLI,55,40,90.0,2599.7,233973.0,2025-04-10
2025041001013373,CZBIL,11,62,25.0,210.2,5255.0,2025-04-10
2025041001013372,GMLI,55,45,40.0,2599.7,103988.0,2025-04-10
2025041001013371,GMLI,55,58,10.0,2599.7,25997.0,2025-04-10
2025041005011576,NIFRA,58,58,105.0,270.3,28381.5,2025-04-10
2025041005011575,NIFRA,58,7,42.0,270.2,11348.4,2025-04-10
2025041004015907,NGPL,42,42,101.0,288.5,29138.5,2025-04-10
2025041004015906,NGPL,51,42,100.0,288.5,28850.0,2025-04-10
2025041004015905,NGPL,22,42,200.0,288.5,57700.0,2025-04-10
2025041001013370,MHL,49,4,240.0,695.0,166800.0,2025-04-10
2025041001013369,BHDC,22,25,100.0,566.5,56650.0,2025-04-10
2025041004015904,NHPC,34,74,207.0,206.0,42642.0,2025-04-10
2025041004015903,NHPC,34,74,50.0,206.0,10300.0,2025-04-10
2025041004015902,NHPC,48,74,50.0,206.0,10300.0,2025-04-10
2025041004015901,NHPC,45,74,100.0,206.0,20600.0,2025-04-10
2025041004015900,NHPC,11,74,100.0,206.0,20600.0,2025-04-10
2025041004015899,NHPC,57,74,34.0,206.0,7004.0,2025-04-10
2025041004015898,NHPC,53,74,269.0,206.1,55440.9,2025-04-10
2025041004015897,NHPC,38,74,690.0,206.4,142416.0,2025-04-10
2025041003008203,PFL,74,58,50.0,417.0,20850.0,2025-04-10
2025041005011574,HDL,44,7,10.0,1193.9,11939.0,2025-04-10
2025041005011573,HIDCL,56,6,50.0,276.9,13845.0,2025-04-10
2025041005011572,NRIC,5,60,75.0,1318.0,98850.0,2025-04-10
2025041005011571,NRIC,6,60,20.0,1318.0,26360.0,2025-04-10
2025041005011570,NRIC,50,60,200.0,1318.0,263600.0,2025-04-10
2025041005011569,NRIC,7,60,255.0,1318.2,336141.0,2025-04-10
2025041005011568,NIFRA,49,43,73.0,270.0,19710.0,2025-04-10
2025041005011567,NIFRA,34,43,27.0,270.0,7290.0,2025-04-10
2025041001013368,LSL,44,21,856.0,217.3,186008.8,2025-04-10
2025041001013367,LSL,38,21,30.0,217.3,6519.0,2025-04-10
2025041001013366,LSL,6,21,80.0,217.3,17384.0,2025-04-10
2025041003008202,SHINE,40,57,16.0,410.5,6568.0,2025-04-10
2025041003008201,MERO,55,16,164.0,704.0,115456.0,2025-04-10
2025041005011566,GCIL,25,11,100.0,538.0,53800.0,2025-04-10
2025041001013365,GMLI,55,45,10.0,2599.7,25997.0,2025-04-10
2025041001013364,NYADI,45,74,50.0,599.0,29950.0,2025-04-10
2025041004015896,AKPL,42,38,100.0,227.0,22700.0,2025-04-10
2025041005011565,HATHY,19,42,40.0,1370.1,54804.0,2025-04-10
2025041005011564,HATHY,38,42,10.0,1372.0,13720.0,2025-04-10
2025041005011563,HATHY,43,42,20.0,1374.0,27480.0,2025-04-10
2025041003008200,GRDBL,4,49,10.0,1254.3,12543.0,2025-04-10
2025041001013363,GMLI,55,58,50.0,2599.7,129985.0,2025-04-10
2025041004015895,NGPL,22,53,100.0,288.5,28850.0,2025-04-10
2025041003008199,GFCL,45,49,100.0,661.0,66100.0,2025-04-10
2025041003008198,GFCL,55,49,40.0,661.0,26440.0,2025-04-10
2025041003008197,GFCL,33,49,150.0,661.0,99150.0,2025-04-10
2025041001013362,MHL,49,43,40.0,695.0,27800.0,2025-04-10
2025041001013361,MHL,63,43,60.0,696.0,41760.0,2025-04-10
2025041005011562,SHIVM,47,3,15.0,532.0,7980.0,2025-04-10
2025041003008196,SHINE,54,57,10.0,410.5,4105.0,2025-04-10
2025041003008195,MFIL,48,22,30.0,602.0,18060.0,2025-04-10
2025041003008194,MFIL,48,45,63.0,602.0,37926.0,2025-04-10
2025041003008193,MFIL,48,57,70.0,602.0,42140.0,2025-04-10
2025041003008192,MFIL,48,55,75.0,602.0,45150.0,2025-04-10
2025041003008191,MFIL,48,42,50.0,601.9,30095.0,2025-04-10
2025041003008190,MLBSL,34,85,10.0,2257.0,22570.0,2025-04-10
2025041003008189,MDB,34,32,104.0,616.0,64064.0,2025-04-10
2025041003008188,MDB,34,25,581.0,616.0,357896.0,2025-04-10
2025041003008187,MDB,34,36,124.0,615.5,76322.0,2025-04-10
2025041003008186,SHINE,28,57,200.0,410.5,82100.0,2025-04-10
2025041004015894,LEC,44,39,79.0,207.9,16424.1,2025-04-10
2025041001013360,SMHL,100,42,25.0,901.3,22532.5,2025-04-10
2025041001013359,SMHL,45,42,25.0,901.5,22537.5,2025-04-10
2025041001013358,GMLI,55,55,10.0,2599.7,25997.0,2025-04-10
2025041004015893,IGI,42,64,180.0,563.0,101340.0,2025-04-10
2025041005011561,MBJC,58,42,365.0,315.9,115303.5,2025-04-10
2025041001013357,NIMB,47,36,450.0,213.1,95895.0,2025-04-10
2025041005011560,PHCL,65,51,10.0,583.0,5830.0,2025-04-10
2025041005011559,PHCL,65,49,10.0,583.0,5830.0,2025-04-10
2025041005011558,PHCL,65,28,2120.0,583.0,1235960.0,2025-04-10
2025041005011557,PHCL,65,65,100.0,582.0,58200.0,2025-04-10
2025041004015892,SPDL,29,39,10.0,326.0,3260.0,2025-04-10
2025041004015891,RURU,16,29,50.0,720.0,36000.0,2025-04-10
2025041001013356,CITY,22,35,15.0,841.0,12615.0,2025-04-10
2025041003008185,NLIC,85,49,390.0,771.0,300690.0,2025-04-10
2025041003008184,NLIC,85,34,200.0,770.0,154000.0,2025-04-10
2025041001013355,GMLI,55,42,10.0,2599.7,25997.0,2025-04-10
2025041001013354,MKJC,72,42,10.0,581.0,5810.0,2025-04-10
2025041001013353,MKJC,48,42,190.0,581.1,110409.0,2025-04-10
2025041004015890,NGPL,25,51,400.0,288.6,115440.0,2025-04-10
2025041004015889,UMRH,76,6,10.0,593.1,5931.0,2025-04-10
2025041005011556,HRL,58,77,40.0,1028.0,41120.0,2025-04-10
2025041005011555,MEL,57,60,70.0,312.0,21840.0,2025-04-10
2025041005011554,MEL,45,60,50.0,312.0,15600.0,2025-04-10
2025041005011553,MEL,35,60,30.0,312.0,9360.0,2025-04-10
2025041005011552,MEL,42,60,90.0,312.0,28080.0,2025-04-10
2025041005011551,MEL,36,60,50.0,312.0,15600.0,2025-04-10
2025041005011550,MEL,34,60,210.0,312.2,65562.0,2025-04-10
2025041003008183,RLFL,51,17,325.0,528.1,171632.5,2025-04-10
2025041003008182,HLI,94,58,288.0,427.7,123177.6,2025-04-10
2025041004015888,SHPC,43,14,165.0,472.0,77880.0,2025-04-10
2025041003008181,SAPDBL,21,95,100.0,1043.0,104300.0,2025-04-10
2025041005011549,NRIC,50,21,100.0,1318.0,131800.0,2025-04-10
2025041005011548,BBC,62,29,10.0,6050.0,60500.0,2025-04-10
2025041003008180,SMB,34,19,10.0,2420.0,24200.0,2025-04-10
2025041003008179,SMB,14,19,55.0,2420.0,133100.0,2025-04-10
2025041005011547,HIDCL,35,48,100.0,277.0,27700.0,2025-04-10
2025041003008178,NLIC,16,34,10.0,770.0,7700.0,2025-04-10
2025041004015887,IGI,42,45,400.0,563.0,225200.0,2025-04-10
2025041004015886,IGI,57,45,100.0,563.3,56330.0,2025-04-10
2025041005011546,HATHY,59,71,20.0,1375.0,27500.0,2025-04-10
2025041005011545,HATHY,42,71,72.0,1375.0,99000.0,2025-04-10
2025041005011544,HATHY,42,71,100.0,1375.0,137500.0,2025-04-10
2025041005011543,HATHY,58,71,10.0,1375.3,13753.0,2025-04-10
2025041004015885,AHPC,6,36,100.0,252.5,25250.0,2025-04-10
2025041004015884,AHPC,56,36,350.0,252.5,88375.0,2025-04-10
2025041004015883,AHPC,7,36,100.0,252.5,25250.0,2025-04-10
2025041004015882,AHPC,57,36,177.0,252.5,44692.5,2025-04-10
2025041005011542,HRL,28,77,1000.0,1028.0,1028000.0,2025-04-10
2025041005011541,HRL,48,77,292.0,1028.0,300176.0,2025-04-10
2025041005011540,NRN,57,42,200.0,1696.0,339200.0,2025-04-10
2025041004015881,NHPC,38,6,10.0,206.4,2064.0,2025-04-10
2025041001013352,NYADI,38,38,25.0,596.2,14905.0,2025-04-10
2025041005011539,SMATA,4,57,10.0,826.0,8260.0,2025-04-10
2025041001013351,GMLI,55,58,10.0,2599.7,25997.0,2025-04-10
2025041001013350,BEDC,58,62,10.0,759.9,7599.0,2025-04-10
2025041005011538,NIFRA,34,58,22.0,270.0,5940.0,2025-04-10
2025041001013349,MAKAR,58,42,20.0,703.0,14060.0,2025-04-10
2025041003008177,LICN,49,99,20.0,985.9,19718.0,2025-04-10
2025041005011537,NRIC,58,49,200.0,1318.0,263600.0,2025-04-10
2025041005011536,NTC,36,51,200.0,897.5,179500.0,2025-04-10
2025041005011535,NTC,94,51,386.0,897.5,346435.0,2025-04-10
2025041005011534,HIDCL,51,38,100.0,277.0,27700.0,2025-04-10
2025041005011533,HIDCL,51,40,200.0,277.0,55400.0,2025-04-10
2025041004015880,HPPL,87,94,537.0,600.0,322200.0,2025-04-10
2025041004015879,SSHL,47,57,10.0,232.0,2320.0,2025-04-10
2025041004015878,SHL,16,41,810.0,491.1,397791.0,2025-04-10
2025041004015877,SHL,25,41,200.0,491.2,98240.0,2025-04-10
2025041001013348,MAKAR,58,39,10.0,700.0,7000.0,2025-04-10
2025041005011532,KEF,43,46,6150.0,9.2,56580.0,2025-04-10
2025041001013347,GMLI,55,48,10.0,2599.7,25997.0,2025-04-10
2025041001013346,GMLI,55,32,10.0,2599.7,25997.0,2025-04-10
2025041001013345,BEDC,34,62,50.0,759.9,37995.0,2025-04-10
2025041004015876,UMHL,32,52,500.0,460.5,230250.0,2025-04-10
2025041001013344,NIMB,33,36,50.0,213.1,10655.0,2025-04-10
2025041001013343,HEIP,59,26,100.0,360.1,36010.0,2025-04-10
2025041001013342,SHLB,34,45,10.0,2152.0,21520.0,2025-04-10
2025041004015875,RADHI,45,14,35.0,472.0,16520.0,2025-04-10
2025041004015874,RADHI,45,14,15.0,472.0,7080.0,2025-04-10
2025041001013341,NIMB,42,55,500.0,213.0,106500.0,2025-04-10
2025041001013340,GMLI,55,38,10.0,2599.7,25997.0,2025-04-10
2025041003008176,MNBBL,38,21,33.0,362.0,11946.0,2025-04-10
2025041001013339,UHEWA,6,69,90.0,657.0,59130.0,2025-04-10
2025041001013338,UHEWA,34,69,10.0,658.0,6580.0,2025-04-10
2025041003008175,HLI,58,58,12.0,427.7,5132.4,2025-04-10
2025041003008174,SAPDBL,60,6,100.0,1041.9,104190.0,2025-04-10
2025041005011531,SAHAS,25,56,100.0,499.0,49900.0,2025-04-10
2025041001013337,ULBSL,38,47,20.0,3220.0,64400.0,2025-04-10
2025041004015873,UMHL,29,3,500.0,460.1,230050.0,2025-04-10
2025041001013336,SPC,14,11,10.0,524.0,5240.0,2025-04-10
2025041001013335,RHGCL,36,98,100.0,524.0,52400.0,2025-04-10
2025041003008173,NLIC,52,34,90.0,770.0,69300.0,2025-04-10
2025041001013334,MKJC,48,22,10.0,581.1,5811.0,2025-04-10
2025041003008172,SINDU,37,50,95.0,1105.0,104975.0,2025-04-10
2025041005011530,NIFRA,34,62,35.0,270.0,9450.0,2025-04-10
2025041005011529,NIFRA,34,62,500.0,270.0,135000.0,2025-04-10
2025041005011528,NIFRA,41,62,50.0,270.0,13500.0,2025-04-10
2025041005011527,NIFRA,38,62,80.0,270.0,21600.0,2025-04-10
2025041005011526,NIFRA,45,62,15.0,270.0,4050.0,2025-04-10
2025041005011525,NIFRA,36,62,25.0,270.0,6750.0,2025-04-10
2025041005011524,NIFRA,11,62,100.0,270.0,27000.0,2025-04-10
2025041005011523,NIFRA,55,62,195.0,270.0,52650.0,2025-04-10
2025041001013333,GMLI,55,36,10.0,2599.7,25997.0,2025-04-10
2025041003008171,SMB,14,59,15.0,2420.0,36300.0,2025-04-10
2025041003008170,GFCL,33,44,150.0,661.0,99150.0,2025-04-10
2025041003008169,PMLI,87,39,15.0,548.9,8233.5,2025-04-10
2025041003008168,PMLI,87,75,158.0,548.9,86726.2,2025-04-10
2025041004015872,GHL,22,38,125.0,267.5,33437.5,2025-04-10
2025041004015871,GHL,44,38,15.0,267.8,4017.0,2025-04-10
2025041005011522,HRL,48,74,67.0,1028.0,68876.0,2025-04-10
2025041003008167,PFL,17,58,138.0,417.0,57546.0,2025-04-10
2025041003008166,RLFL,6,17,172.0,528.1,90833.2,2025-04-10
2025041004015870,RIDI,13,25,100.0,220.8,22080.0,2025-04-10
2025041004015869,RIDI,13,1,80.0,220.8,17664.0,2025-04-10
2025041004015868,RIDI,13,58,320.0,220.2,70464.0,2025-04-10
2025041001013332,SPC,8,11,10.0,524.0,5240.0,2025-04-10
2025041003008165,HLI,74,6,10.0,427.1,4271.0,2025-04-10
2025041003008164,SMFBS,50,25,35.0,1900.0,66500.0,2025-04-10
2025041003008163,SMFBS,50,26,25.0,1899.9,47497.5,2025-04-10
2025041004015867,UMHL,29,94,420.0,460.1,193242.0,2025-04-10
2025041003008162,RLFL,6,29,70.0,528.1,36967.0,2025-04-10
2025041004015866,BPCL,34,34,14.0,404.0,5656.0,2025-04-10
2025041004015865,BPCL,34,6,318.0,404.0,128472.0,2025-04-10
2025041004015864,BPCL,22,61,100.0,403.1,40310.0,2025-04-10
2025041004015863,RURU,16,32,10.0,720.0,7200.0,2025-04-10
2025041003008161,MLBSL,34,58,10.0,2250.0,22500.0,2025-04-10
2025041003008160,PMLI,22,75,156.0,548.9,85628.4,2025-04-10
2025041003008159,PMLI,22,19,12.0,548.9,6586.8,2025-04-10
2025041003008158,GLBSL,56,35,200.0,2800.0,560000.0,2025-04-10
2025041003008157,GLBSL,98,35,10.0,2801.2,28012.0,2025-04-10
2025041003008156,GLBSL,8,35,90.0,2802.1,252189.0,2025-04-10
2025041003008155,MFIL,57,57,30.0,600.2,18006.0,2025-04-10
2025041003008154,MFIL,58,57,50.0,601.0,30050.0,2025-04-10
2025041003008153,MFIL,32,57,20.0,601.0,12020.0,2025-04-10
2025041003008152,MFIL,43,57,50.0,601.4,30070.0,2025-04-10
2025041001013331,BHL,21,57,292.0,284.0,82928.0,2025-04-10
2025041004015862,UPPER,59,34,379.0,198.7,75307.3,2025-04-10
2025041005011521,GCIL,25,91,112.0,538.0,60256.0,2025-04-10
2025041005011520,GCIL,92,91,328.0,538.0,176464.0,2025-04-10
2025041003008151,MPFL,14,44,30.0,628.0,18840.0,2025-04-10
2025041003008150,MPFL,57,44,200.0,628.1,125620.0,2025-04-10
2025041003008149,MPFL,42,44,50.0,628.2,31410.0,2025-04-10
2025041003008148,MPFL,32,44,100.0,628.3,62830.0,2025-04-10
2025041003008147,MPFL,1,44,50.0,629.0,31450.0,2025-04-10
2025041003008146,MPFL,32,44,20.0,629.0,12580.0,2025-04-10
2025041001013330,GMLI,55,38,400.0,2599.7,1039880.0,2025-04-10
2025041001013329,SNLI,59,7,12.0,637.0,7644.0,2025-04-10
2025041005011519,SONA,66,1,460.0,469.0,215740.0,2025-04-10
2025041005011518,SONA,66,7,40.0,468.0,18720.0,2025-04-10
2025041003008145,PFL,58,58,200.0,417.0,83400.0,2025-04-10
2025041001013328,GMLI,55,58,10.0,2599.7,25997.0,2025-04-10
2025041001013327,SRLI,44,43,385.0,412.7,158889.5,2025-04-10
2025041001013326,SRLI,14,43,100.0,412.8,41280.0,2025-04-10
2025041001013325,SRLI,14,43,10.0,412.9,4129.0,2025-04-10
2025041001013324,SRLI,66,43,150.0,413.0,61950.0,2025-04-10
2025041001013323,SRLI,55,43,30.0,413.0,12390.0,2025-04-10
2025041001013322,SRLI,22,43,100.0,413.0,41300.0,2025-04-10
2025041001013321,SRLI,49,43,10.0,413.2,4132.0,2025-04-10
2025041001013320,SRLI,38,43,50.0,413.2,20660.0,2025-04-10
2025041001013319,SRLI,25,43,10.0,413.5,4135.0,2025-04-10
2025041005011517,SHIVM,47,57,10.0,532.0,5320.0,2025-04-10
2025041004015861,SHPC,43,29,150.0,472.0,70800.0,2025-04-10
2025041005011516,HRL,48,45,41.0,1028.0,42148.0,2025-04-10
2025041003008144,JFL,45,11,11.0,508.0,5588.0,2025-04-10
2025041003008143,NFS,26,19,70.0,686.0,48020.0,2025-04-10
2025041003008142,NFS,51,19,25.0,688.0,17200.0,2025-04-10
2025041005011515,SHIVM,38,57,11.0,532.0,5852.0,2025-04-10
2025041004015860,HPPL,87,26,200.0,600.0,120000.0,2025-04-10
2025041003008141,GBLBS,41,57,15.0,827.2,12408.0,2025-04-10
2025041003008140,GBLBS,4,57,15.0,827.2,12408.0,2025-04-10
2025041005011514,HRL,36,45,50.0,1028.0,51400.0,2025-04-10
2025041005011513,HRL,55,45,379.0,1028.9,389953.1,2025-04-10
2025041005011512,HRL,50,45,50.0,1029.0,51450.0,2025-04-10
2025041004015859,HURJA,1,4,10.0,235.9,2359.0,2025-04-10
2025041001013318,NICA,42,44,24.0,378.9,9093.6,2025-04-10
2025041001013317,NICA,42,16,300.0,378.8,113640.0,2025-04-10
2025041001013316,NICA,42,22,55.0,378.8,20834.0,2025-04-10
2025041001013315,NICA,42,17,101.0,378.7,38248.7,2025-04-10
2025041001013314,NICA,42,48,20.0,378.6,7572.0,2025-04-10
2025041003008139,JBBL,4,32,20.0,336.0,6720.0,2025-04-10
2025041001013313,NABIL,55,44,20.0,485.5,9710.0,2025-04-10
2025041004015858,RADHI,58,38,25.0,470.0,11750.0,2025-04-10
2025041001013312,ULBSL,38,41,10.0,3240.0,32400.0,2025-04-10
2025041001013311,TVCL,86,14,50.0,522.9,26145.0,2025-04-10
2025041004015857,NLG,94,60,200.0,908.0,181600.0,2025-04-10
2025041004015856,NLG,60,60,50.0,908.0,45400.0,2025-04-10
2025041004015855,NLG,58,60,45.0,908.0,40860.0,2025-04-10
2025041001013310,HIDCLP,52,58,1000.0,176.1,176100.0,2025-04-10
2025041004015854,UPCL,56,49,100.0,303.0,30300.0,2025-04-10
2025041004015853,UPCL,84,49,2956.0,303.0,895668.0,2025-04-10
2025041005011511,SMJC,65,49,785.0,567.1,445173.5,2025-04-10
2025041005011510,SMATA,45,51,10.0,817.0,8170.0,2025-04-10
2025041001013309,GMLI,55,56,10.0,2599.7,25997.0,2025-04-10
2025041001013308,GMLI,55,56,10.0,2599.7,25997.0,2025-04-10
2025041004015852,UNHPL,57,41,100.0,318.0,31800.0,2025-04-10
2025041004015851,UMHL,29,39,350.0,460.1,161035.0,2025-04-10
2025041004015850,UMRH,21,34,10.0,595.0,5950.0,2025-04-10
2025041003008138,MSLB,40,14,30.0,1250.3,37509.0,2025-04-10
2025041003008137,SIFC,5,5,10.0,535.1,5351.0,2025-04-10
2025041001013307,GMLI,55,40,435.0,2599.7,1130869.5,2025-04-10
2025041004015849,HURJA,1,22,100.0,235.9,23590.0,2025-04-10
2025041005011509,SBCF,34,46,100.0,9.2,920.0,2025-04-10
2025041005011508,SBCF,34,45,700.0,9.2,6440.0,2025-04-10
2025041005011507,SBCF,34,46,300.0,9.19,2757.0,2025-04-10
2025041005011506,SBCF,34,58,200.0,9.1,1820.0,2025-04-10
2025041003008136,JBBL,59,32,100.0,336.0,33600.0,2025-04-10
2025041004015848,RADHI,58,26,20.0,470.0,9400.0,2025-04-10
2025041003008135,HLI,57,58,100.0,427.7,42770.0,2025-04-10
2025041001013306,PRVU,41,28,200.0,208.9,41780.0,2025-04-10
2025041005011505,NRIC,57,6,50.0,1318.3,65915.0,2025-04-10
2025041001013305,GMLI,55,45,10.0,2599.7,25997.0,2025-04-10
2025041001013304,NICA,36,48,10.0,378.6,3786.0,2025-04-10
2025041001013303,NICA,36,4,20.0,378.1,7562.0,2025-04-10
2025041005011504,NRN,57,6,550.0,1696.0,932800.0,2025-04-10
2025041004015847,GHL,44,57,400.0,267.8,107120.0,2025-04-10
2025041001013302,GVL,34,45,200.0,491.0,98200.0,2025-04-10
2025041001013301,MHL,63,45,180.0,696.0,125280.0,2025-04-10
2025041003008134,SAPDBL,26,95,135.0,1043.0,140805.0,2025-04-10
2025041001013300,NABIL,49,44,10.0,485.5,4855.0,2025-04-10
2025041003008133,ICFC,88,32,10.0,599.8,5998.0,2025-04-10
2025041005011503,HRL,50,7,10.0,1029.0,10290.0,2025-04-10
2025041005011502,HRL,50,47,100.0,1029.0,102900.0,2025-04-10
2025041005011501,HRL,50,58,200.0,1029.0,205800.0,2025-04-10
2025041005011500,HRL,50,25,390.0,1029.0,401310.0,2025-04-10
2025041005011499,HRL,50,45,50.0,1029.0,51450.0,2025-04-10
2025041005011498,HRL,50,39,200.0,1029.0,205800.0,2025-04-10
2025041004015846,HPPL,42,50,20.0,601.0,12020.0,2025-04-10
2025041003008132,ALICL,49,57,10.0,749.9,7499.0,2025-04-10
2025041003008131,GRDBL,49,49,86.0,1254.3,107869.8,2025-04-10
2025041005011497,HRL,55,70,400.0,1028.9,411560.0,2025-04-10
2025041001013299,MKHL,6,56,10.0,665.3,6653.0,2025-04-10
2025041001013298,NIMB,42,58,10.0,213.0,2130.0,2025-04-10
2025041005011496,NRN,39,6,50.0,1696.0,84800.0,2025-04-10
2025041004015845,AKJCL,39,41,235.0,201.5,47352.5,2025-04-10
2025041004015844,AKJCL,34,41,265.0,201.6,53424.0,2025-04-10
2025041001013297,BNT,80,34,20.0,13200.0,264000.0,2025-04-10
2025041001013296,ULBSL,38,33,190.0,3220.0,611800.0,2025-04-10
2025041001013295,ULBSL,55,33,10.0,3221.0,32210.0,2025-04-10
2025041001013294,AHL,42,26,50.0,721.1,36055.0,2025-04-10
2025041003008130,WNLB,19,59,11.0,3219.9,35418.9,2025-04-10
2025041001013293,PRVU,95,42,100.0,209.0,20900.0,2025-04-10
2025041004015843,LEC,40,45,100.0,207.8,20780.0,2025-04-10
2025041003008129,PROFL,45,59,260.0,539.9,140374.0,2025-04-10
2025041001013292,NABIL,57,1,112.0,486.0,54432.0,2025-04-10
2025041001013291,NABIL,57,19,378.0,486.0,183708.0,2025-04-10
2025041001013290,NABIL,57,38,10.0,485.5,4855.0,2025-04-10
2025041001013289,BNHC,45,57,16.0,502.0,8032.0,2025-04-10
2025041001013288,BNHC,45,4,100.0,501.9,50190.0,2025-04-10
2025041001013287,BNHC,45,4,49.0,501.9,24593.1,2025-04-10
2025041001013286,BNHC,45,38,250.0,501.0,125250.0,2025-04-10
2025041005011495,HRL,55,3,60.0,1028.9,61734.0,2025-04-10
2025041005011494,HRL,55,17,31.0,1028.0,31868.0,2025-04-10
2025041005011493,HRL,55,89,130.0,1028.0,133640.0,2025-04-10
2025041001013285,GBIME,58,7,280.0,219.1,61348.0,2025-04-10
2025041004015842,UMRH,76,34,10.0,595.0,5950.0,2025-04-10
2025041004015841,AKPL,6,38,20.0,227.0,4540.0,2025-04-10
2025041004015840,UMHL,29,3,500.0,460.1,230050.0,2025-04-10
2025041003008128,MLBL,56,85,60.0,387.0,23220.0,2025-04-10
2025041003008127,SAPDBL,26,58,65.0,1043.0,67795.0,2025-04-10
2025041003008126,SAPDBL,32,58,10.0,1043.0,10430.0,2025-04-10
2025041003008125,SAPDBL,41,58,165.0,1043.0,172095.0,2025-04-10
2025041005011492,NRM,58,58,10.0,477.0,4770.0,2025-04-10
2025041005011491,NRM,58,25,10.0,476.0,4760.0,2025-04-10
2025041004015839,NGPL,58,51,30.0,288.6,8658.0,2025-04-10
2025041001013284,GVL,34,58,240.0,491.0,117840.0,2025-04-10
2025041001013283,KBL,39,54,300.0,208.0,62400.0,2025-04-10
2025041004015838,CGH,41,82,50.0,854.0,42700.0,2025-04-10
2025041004015837,NIL,29,58,15.0,745.0,11175.0,2025-04-10
2025041005011490,SMJC,59,16,100.0,567.2,56720.0,2025-04-10
2025041003008124,SMB,14,33,40.0,2420.0,96800.0,2025-04-10
2025041005011489,NRN,44,39,100.0,1698.0,169800.0,2025-04-10
2025041003008123,SWMF,25,4,33.0,722.1,23829.3,2025-04-10
2025041003008122,NUBL,45,6,100.0,680.0,68000.0,2025-04-10
2025041003008121,ILBS,13,29,90.0,924.0,83160.0,2025-04-10
2025041003008120,ILBS,13,42,10.0,924.0,9240.0,2025-04-10
2025041001013282,PCBL,38,49,50.0,253.4,12670.0,2025-04-10
2025041004015836,AKJCL,34,72,200.0,201.6,40320.0,2025-04-10
2025041005011488,NIFRA,55,57,200.0,270.0,54000.0,2025-04-10
2025041004015835,SGIC,1,25,10.0,590.0,5900.0,2025-04-10
2025041004015834,SGIC,1,3,50.0,590.0,29500.0,2025-04-10
2025041004015833,SGIC,1,38,10.0,590.0,5900.0,2025-04-10
2025041004015832,SGIC,1,57,300.0,590.0,177000.0,2025-04-10
2025041004015831,SGIC,1,68,10.0,590.0,5900.0,2025-04-10
2025041004015830,SGIC,1,54,20.0,590.0,11800.0,2025-04-10
2025041001013281,MKJC,52,41,10.0,583.4,5834.0,2025-04-10
2025041003008119,SFCL,55,6,100.0,530.0,53000.0,2025-04-10
2025041003008118,SFCL,35,6,100.0,530.1,53010.0,2025-04-10
2025041004015829,HDHPC,45,50,107.0,196.2,20993.4,2025-04-10
2025041004015828,HDHPC,45,50,28.0,196.2,5493.6,2025-04-10
2025041004015827,HDHPC,32,50,552.0,196.2,108302.4,2025-04-10
2025041004015826,HDHPC,14,50,150.0,196.4,29460.0,2025-04-10
2025041004015825,HDHPC,32,50,349.0,196.4,68543.6,2025-04-10
2025041004015824,HDHPC,6,50,300.0,196.5,58950.0,2025-04-10
2025041004015823,HDHPC,50,50,387.0,196.5,76045.5,2025-04-10
2025041004015822,HDHPC,35,50,112.0,197.0,22064.0,2025-04-10
2025041004015821,HDHPC,59,50,15.0,197.1,2956.5,2025-04-10
2025041003008117,BFC,70,43,200.0,560.0,112000.0,2025-04-10
2025041001013280,GMLI,55,58,10.0,2599.7,25997.0,2025-04-10
2025041003008116,BFC,70,14,540.0,560.0,302400.0,2025-04-10
2025041003008115,BFC,28,14,105.0,560.0,58800.0,2025-04-10
2025041001013279,GMLI,55,14,130.0,2599.7,337961.0,2025-04-10
2025041003008114,SIFC,42,5,25.0,535.1,13377.5,2025-04-10
2025041003008113,SIFC,14,5,81.0,535.1,43343.1,2025-04-10
2025041003008112,SIFC,6,5,10.0,535.7,5357.0,2025-04-10
2025041003008111,SIFC,41,5,50.0,535.7,26785.0,2025-04-10
2025041001013278,NABIL,20,38,90.0,485.5,43695.0,2025-04-10
2025041001013277,NABIL,52,11,55.0,485.0,26675.0,2025-04-10
2025041001013276,NABIL,48,11,20.0,485.0,9700.0,2025-04-10
2025041001013275,NABIL,1,11,10.0,485.0,4850.0,2025-04-10
2025041001013274,NABIL,42,11,20.0,485.0,9700.0,2025-04-10
2025041001013273,NABIL,42,11,93.0,485.0,45105.0,2025-04-10
2025041001013272,NABIL,51,11,100.0,485.1,48510.0,2025-04-10
2025041001013271,NABIL,94,11,200.0,485.2,97040.0,2025-04-10
2025041001013270,NABIL,43,11,80.0,485.4,38832.0,2025-04-10
2025041005011487,HIDCL,56,29,218.0,276.9,60364.2,2025-04-10
2025041001013269,SBL,34,11,200.0,284.0,56800.0,2025-04-10
2025041004015820,UMHL,44,52,100.0,460.5,46050.0,2025-04-10
2025041005011486,MBJC,38,45,30.0,315.2,9456.0,2025-04-10
2025041005011485,MBJC,43,45,270.0,315.2,85104.0,2025-04-10
2025041001013268,MCHL,6,45,22.0,605.3,13316.6,2025-04-10
2025041004015819,AHPC,57,45,83.0,252.5,20957.5,2025-04-10
2025041004015818,AHPC,57,45,31.0,252.5,7827.5,2025-04-10
2025041004015817,AHPC,14,45,31.0,252.5,7827.5,2025-04-10
2025041001013267,PPL,58,42,50.0,516.7,25835.0,2025-04-10
2025041001013266,RFPL,69,85,10.0,686.0,6860.0,2025-04-10
2025041001013265,DORDI,22,38,100.0,365.1,36510.0,2025-04-10
2025041001013264,DORDI,22,38,60.0,365.1,21906.0,2025-04-10
2025041001013263,DORDI,58,38,30.0,365.6,10968.0,2025-04-10
2025041001013262,DORDI,48,38,10.0,365.6,3656.0,2025-04-10
2025041003008110,MLBL,94,85,1000.0,387.0,387000.0,2025-04-10
2025041005011484,ENL,7,6,20.0,1211.0,24220.0,2025-04-10
2025041003008109,SHINE,6,57,300.0,410.5,123150.0,2025-04-10
2025041005011483,NIFRA,55,56,64.0,270.0,17280.0,2025-04-10
2025041005011482,HRL,41,89,70.0,1028.0,71960.0,2025-04-10
2025041005011481,HRL,41,26,380.0,1028.0,390640.0,2025-04-10
2025041004015816,UMHL,29,14,330.0,460.1,151833.0,2025-04-10
2025041004015815,RADHI,35,14,15.0,472.0,7080.0,2025-04-10
2025041004015814,RADHI,35,29,85.0,472.0,40120.0,2025-04-10
2025041001013261,NABIL,43,4,20.0,485.4,9708.0,2025-04-10
2025041001013260,UHEWA,14,69,100.0,660.0,66000.0,2025-04-10
2025041003008108,WNLB,19,88,180.0,3219.9,579582.0,2025-04-10
2025041001013259,SPL,88,47,10.0,887.4,8874.0,2025-04-10
2025041003008107,SAPDBL,41,72,50.0,1043.0,52150.0,2025-04-10
2025041003008106,SAPDBL,45,72,10.0,1043.1,10431.0,2025-04-10
2025041003008105,SAPDBL,8,72,50.0,1043.1,52155.0,2025-04-10
2025041003008104,SAPDBL,6,72,10.0,1043.1,10431.0,2025-04-10
2025041003008103,SAPDBL,26,72,180.0,1044.0,187920.0,2025-04-10
2025041005011480,HATHY,34,66,98.0,1375.4,134789.2,2025-04-10
2025041001013258,ULBSL,38,42,11.0,3222.0,35442.0,2025-04-10
2025041004015813,RADHI,58,38,68.0,470.0,31960.0,2025-04-10
2025041004015812,RADHI,32,38,32.0,470.0,15040.0,2025-04-10
2025041004015811,UMHL,29,38,15.0,460.1,6901.5,2025-04-10
2025041004015810,UNHPL,57,19,147.0,318.0,46746.0,2025-04-10
2025041004015809,SPDL,44,57,438.0,325.0,142350.0,2025-04-10
2025041004015808,SPDL,44,57,462.0,325.0,150150.0,2025-04-10
2025041005011479,NRIC,33,57,100.0,1318.1,131810.0,2025-04-10
2025041003008102,NLIC,52,51,200.0,770.0,154000.0,2025-04-10
2025041003008101,NLIC,52,40,10.0,770.0,7700.0,2025-04-10
2025041004015807,LEC,52,39,300.0,207.9,62370.0,2025-04-10
2025041004015806,SSHL,4,43,100.0,231.7,23170.0,2025-04-10
2025041004015805,NGPL,32,51,15.0,288.6,4329.0,2025-04-10
2025041004015804,NGPL,58,51,16.0,288.6,4617.6,2025-04-10
2025041001013257,DOLTI,22,65,10.0,666.0,6660.0,2025-04-10
2025041001013256,DOLTI,46,65,70.0,666.2,46634.0,2025-04-10
2025041001013255,DOLTI,48,65,150.0,666.2,99930.0,2025-04-10
2025041001013254,DOLTI,89,65,50.0,668.0,33400.0,2025-04-10
2025041005011478,CHDC,39,43,30.0,2469.0,74070.0,2025-04-10
2025041005011477,GCIL,92,14,72.0,538.0,38736.0,2025-04-10
2025041005011476,GCIL,22,14,50.0,538.0,26900.0,2025-04-10
2025041005011475,GCIL,58,14,10.0,538.0,5380.0,2025-04-10
2025041005011474,GCIL,6,14,100.0,538.1,53810.0,2025-04-10
2025041005011473,GCIL,33,14,200.0,538.1,107620.0,2025-04-10
2025041005011472,GCIL,55,14,100.0,538.1,53810.0,2025-04-10
2025041005011471,GCIL,5,14,100.0,538.1,53810.0,2025-04-10
2025041005011470,GCIL,22,14,140.0,538.1,75334.0,2025-04-10
2025041005011469,GCIL,41,14,100.0,538.1,53810.0,2025-04-10
2025041005011468,GCIL,45,14,218.0,538.1,117305.8,2025-04-10
2025041005011467,GCIL,26,14,20.0,538.2,10764.0,2025-04-10
2025041005011466,GCIL,14,14,240.0,538.2,129168.0,2025-04-10
2025041005011465,GCIL,87,14,20.0,538.3,10766.0,2025-04-10
2025041005011464,GCIL,58,14,40.0,538.3,21532.0,2025-04-10
2025041005011463,GCIL,55,14,90.0,538.3,48447.0,2025-04-10
2025041005011462,NTC,94,48,104.0,897.5,93340.0,2025-04-10
2025041005011461,NRN,39,48,38.0,1694.7,64398.6,2025-04-10
2025041005011460,NRN,28,48,100.0,1695.0,169500.0,2025-04-10
2025041005011459,NRN,78,48,200.0,1695.0,339000.0,2025-04-10
2025041005011458,NRN,28,48,40.0,1696.0,67840.0,2025-04-10
2025041005011457,NRN,7,48,22.0,1696.0,37312.0,2025-04-10
2025041004015803,UMHL,29,48,630.0,460.1,289863.0,2025-04-10
2025041004015802,NGPL,58,19,35.0,288.6,10101.0,2025-04-10
2025041001013253,BHDC,22,49,11.0,566.5,6231.5,2025-04-10
2025041004015801,RADHI,32,6,16.0,470.0,7520.0,2025-04-10
2025041004015800,RADHI,32,51,71.0,470.0,33370.0,2025-04-10
2025041004015799,RADHI,32,58,181.0,470.0,85070.0,2025-04-10
2025041005011456,NRM,33,34,321.0,475.0,152475.0,2025-04-10
2025041005011455,NRM,5,34,100.0,475.0,47500.0,2025-04-10
2025041005011454,NRM,41,34,50.0,475.0,23750.0,2025-04-10
2025041005011453,NRM,38,34,10.0,475.0,4750.0,2025-04-10
2025041005011452,NRM,50,34,19.0,475.0,9025.0,2025-04-10
2025041001013252,NBL,58,33,20.0,248.5,4970.0,2025-04-10
2025041004015798,UMHL,62,22,610.0,460.0,280600.0,2025-04-10
2025041005011451,RNLI,44,35,292.0,544.8,159081.6,2025-04-10
2025041005011450,RNLI,44,52,50.0,544.8,27240.0,2025-04-10
2025041005011449,RNLI,44,45,920.0,544.7,501124.0,2025-04-10
2025041005011448,RNLI,44,52,50.0,544.7,27235.0,2025-04-10
2025041005011447,RNLI,44,58,11.0,544.1,5985.1,2025-04-10
2025041005011446,RNLI,44,49,177.0,544.0,96288.0,2025-04-10
2025041005011445,RNLI,44,58,100.0,543.9,54390.0,2025-04-10
2025041001013251,PPL,58,74,346.0,516.7,178778.2,2025-04-10
2025041004015797,JOSHI,55,74,61.0,386.6,23582.6,2025-04-10
2025041005011444,NTC,45,45,50.0,899.0,44950.0,2025-04-10
2025041001013250,TVCL,86,86,270.0,518.6,140022.0,2025-04-10
2025041001013249,TVCL,11,86,30.0,518.7,15561.0,2025-04-10
2025041001013248,TVCL,34,86,150.0,519.0,77850.0,2025-04-10
2025041004015796,UPCL,84,17,450.0,303.0,136350.0,2025-04-10
2025041005011443,NRN,7,38,47.0,1696.0,79712.0,2025-04-10
2025041003008100,SAPDBL,26,38,20.0,1044.0,20880.0,2025-04-10
2025041003008099,GRDBL,49,38,100.0,1254.3,125430.0,2025-04-10
2025041001013247,SNLI,8,45,11.0,638.0,7018.0,2025-04-10
2025041001013246,MKJC,1,41,50.0,583.4,29170.0,2025-04-10
2025041001013245,ANLB,39,52,15.0,5200.0,78000.0,2025-04-10
2025041001013244,BNL,5,89,10.0,17800.0,178000.0,2025-04-10
2025041001013243,BNL,21,89,10.0,17992.8,179928.0,2025-04-10
2025041004015795,BARUN,6,57,100.0,523.5,52350.0,2025-04-10
2025041001013242,GVL,34,56,40.0,491.0,19640.0,2025-04-10
2025041003008098,MPFL,48,42,10.0,630.0,6300.0,2025-04-10
2025041003008097,MPFL,48,32,20.0,630.0,12600.0,2025-04-10
2025041001013241,DOLTI,89,48,400.0,668.0,267200.0,2025-04-10
2025041005011442,GCIL,40,45,250.0,539.0,134750.0,2025-04-10
2025041004015794,AKJCL,34,49,25.0,201.6,5040.0,2025-04-10
2025041001013240,BEDC,49,45,20.0,760.0,15200.0,2025-04-10
2025041003008096,SJLIC,49,32,100.0,439.0,43900.0,2025-04-10
2025041001013239,PRVU,41,35,1000.0,208.9,208900.0,2025-04-10
2025041003008095,GBLBS,13,22,30.0,827.4,24822.0,2025-04-10
2025041005011441,NIFRA,55,28,20.0,270.0,5400.0,2025-04-10
2025041004015793,HDHPC,59,85,440.0,197.1,86724.0,2025-04-10
2025041004015792,HPPL,87,57,663.0,600.0,397800.0,2025-04-10
2025041001013238,SPHL,17,45,25.0,740.0,18500.0,2025-04-10
2025041001013237,SPHL,29,45,50.0,740.0,37000.0,2025-04-10
2025041001013236,SPHL,7,45,120.0,740.9,88908.0,2025-04-10
2025041001013235,SPHL,22,45,10.0,741.0,7410.0,2025-04-10
2025041001013234,SPHL,62,45,85.0,741.0,62985.0,2025-04-10
2025041001013233,SPHL,17,45,10.0,752.0,7520.0,2025-04-10
2025041001013232,GMLI,55,17,10.0,2599.7,25997.0,2025-04-10
2025041001013231,BHL,42,38,186.0,284.5,52917.0,2025-04-10
2025041001013230,BHL,42,49,14.0,284.5,3983.0,2025-04-10
2025041001013229,BHL,42,8,100.0,283.0,28300.0,2025-04-10
2025041003008094,SJLIC,6,25,10.0,438.6,4386.0,2025-04-10
2025041001013228,BHL,63,8,500.0,283.0,141500.0,2025-04-10
2025041001013227,BHL,48,8,90.0,283.0,25470.0,2025-04-10
2025041001013226,BHL,59,8,10.0,284.0,2840.0,2025-04-10
2025041003008093,JSLBB,1,36,10.0,1469.0,14690.0,2025-04-10
2025041003008092,ALICL,18,57,10.0,749.9,7499.0,2025-04-10
2025041004015791,NHPC,39,41,100.0,206.5,20650.0,2025-04-10
2025041001013225,CITY,22,48,10.0,841.0,8410.0,2025-04-10
2025041005011440,GCIL,55,19,10.0,538.3,5383.0,2025-04-10
2025041005011439,SONA,49,7,10.0,468.0,4680.0,2025-04-10
2025041003008091,KMCDB,62,45,38.0,1068.0,40584.0,2025-04-10
2025041003008090,KMCDB,62,38,16.0,1065.0,17040.0,2025-04-10
2025041003008089,KMCDB,62,49,50.0,1060.0,53000.0,2025-04-10
2025041003008088,KMCDB,62,36,31.0,1055.0,32705.0,2025-04-10
2025041003008087,KMCDB,62,34,11.0,1055.0,11605.0,2025-04-10
2025041003008086,KMCDB,62,45,16.0,1054.0,16864.0,2025-04-10
2025041003008085,KMCDB,62,60,38.0,1054.0,40052.0,2025-04-10
2025041004015790,UMRH,16,35,400.0,593.0,237200.0,2025-04-10
2025041004015789,UMRH,41,35,100.0,593.1,59310.0,2025-04-10
2025041005011438,NRN,7,35,20.0,1696.0,33920.0,2025-04-10
2025041001013224,ULHC,96,49,10.0,515.0,5150.0,2025-04-10
2025041001013223,RAWA,96,96,30.0,841.9,25257.0,2025-04-10
2025041004015788,HURJA,34,53,880.0,236.0,207680.0,2025-04-10
2025041004015787,HURJA,34,57,120.0,236.0,28320.0,2025-04-10
2025041004015786,NGPL,58,22,100.0,288.6,28860.0,2025-04-10
2025041001013222,GMLI,55,22,110.0,2599.7,285967.0,2025-04-10
2025041001013221,SRLI,28,49,50.0,414.0,20700.0,2025-04-10
2025041001013220,SANIMA,42,44,300.0,298.0,89400.0,2025-04-10
2025041004015785,UMRH,76,34,10.0,595.0,5950.0,2025-04-10
2025041004015784,UPCL,84,42,100.0,303.0,30300.0,2025-04-10
2025041001013219,SMHL,25,58,10.0,909.0,9090.0,2025-04-10
2025041003008084,BFC,28,55,550.0,560.0,308000.0,2025-04-10
2025041001013218,NWCL,8,43,500.0,959.0,479500.0,2025-04-10
2025041001013217,DORDI,58,57,50.0,365.7,18285.0,2025-04-10
2025041001013216,DORDI,32,57,118.0,365.7,43152.6,2025-04-10
2025041005011437,CIT,6,56,16.0,1945.0,31120.0,2025-04-10
2025041005011436,GCIL,51,45,50.0,539.0,26950.0,2025-04-10
2025041003008083,MLBL,6,51,25.0,386.4,9660.0,2025-04-10
2025041003008082,NADEP,48,16,397.0,870.0,345390.0,2025-04-10
2025041003008081,NADEP,55,16,50.0,871.0,43550.0,2025-04-10
2025041003008080,NADEP,53,16,20.0,878.0,17560.0,2025-04-10
2025041003008079,NADEP,42,16,33.0,879.1,29010.3,2025-04-10
2025041005011435,HRL,16,26,20.0,1028.0,20560.0,2025-04-10
2025041004015783,UMHL,62,32,1132.0,460.0,520720.0,2025-04-10
2025041004015782,UMHL,39,32,2868.0,460.0,1319280.0,2025-04-10
2025041004015781,NLG,58,32,170.0,908.0,154360.0,2025-04-10
2025041003008078,JBBL,35,32,500.0,336.0,168000.0,2025-04-10
2025041003008077,JBBL,11,32,600.0,336.0,201600.0,2025-04-10
2025041003008076,JBBL,51,32,11.0,336.0,3696.0,2025-04-10
2025041003008075,JBBL,3,32,500.0,336.0,168000.0,2025-04-10
2025041003008074,JBBL,47,32,110.0,336.0,36960.0,2025-04-10
2025041003008073,JBBL,3,32,45.0,336.0,15120.0,2025-04-10
2025041003008072,JBBL,49,32,100.0,336.0,33600.0,2025-04-10
2025041003008071,JBBL,13,32,15.0,336.0,5040.0,2025-04-10
2025041003008070,JBBL,13,32,40.0,336.0,13440.0,2025-04-10
2025041003008069,JBBL,58,32,400.0,336.2,134480.0,2025-04-10
2025041001013215,GMLI,55,62,10.0,2599.7,25997.0,2025-04-10
2025041003008068,JBBL,19,32,210.0,336.2,70602.0,2025-04-10
2025041003008067,JBBL,57,32,50.0,336.2,16810.0,2025-04-10
2025041003008066,JBBL,36,32,200.0,336.5,67300.0,2025-04-10
2025041004015780,NGPL,58,77,50.0,288.7,14435.0,2025-04-10
2025041003008065,USLB,35,45,68.0,1739.0,118252.0,2025-04-10
2025041003008064,USLB,35,40,53.0,1739.0,92167.0,2025-04-10
2025041003008063,USLB,35,42,10.0,1735.0,17350.0,2025-04-10
2025041004015779,SHEL,3,35,2000.0,246.9,493800.0,2025-04-10
2025041004015778,SHEL,39,35,500.0,246.9,123450.0,2025-04-10
2025041004015777,SHEL,14,35,500.0,247.0,123500.0,2025-04-10
2025041004015776,SHEL,21,35,300.0,247.0,74100.0,2025-04-10
2025041004015775,SHEL,42,35,500.0,247.0,123500.0,2025-04-10
2025041004015774,SHEL,3,35,2890.0,247.0,713830.0,2025-04-10
2025041004015773,DHPL,67,41,60.0,398.0,23880.0,2025-04-10
2025041004015772,DHPL,67,17,190.0,395.0,75050.0,2025-04-10
2025041001013214,MCHL,28,58,10.0,610.0,6100.0,2025-04-10
2025041001013213,GBIME,58,28,120.0,219.1,26292.0,2025-04-10
2025041001013212,NICA,44,4,80.0,378.1,30248.0,2025-04-10
2025041003008062,RLFL,6,17,200.0,528.1,105620.0,2025-04-10
2025041003008061,RLFL,56,17,280.0,528.2,147896.0,2025-04-10
2025041005011434,MEL,45,47,10.0,313.0,3130.0,2025-04-10
2025041005011433,NBF2,29,42,1500.0,9.48,14220.0,2025-04-10
2025041005011432,NIFRA,42,7,12.0,270.2,3242.4,2025-04-10
2025041005011431,SHIVM,38,10,20.0,532.0,10640.0,2025-04-10
2025041005011430,SHIVM,38,16,19.0,532.0,10108.0,2025-04-10
2025041003008060,SHINE,57,57,100.0,410.5,41050.0,2025-04-10
2025041004015771,HPPL,87,57,100.0,600.0,60000.0,2025-04-10
2025041004015770,HPPL,52,57,100.0,600.0,60000.0,2025-04-10
2025041004015769,HPPL,44,57,60.0,600.0,36000.0,2025-04-10
2025041004015768,HPPL,32,57,100.0,600.0,60000.0,2025-04-10
2025041004015767,HPPL,49,57,1199.0,600.0,719400.0,2025-04-10
2025041004015766,HPPL,49,57,50.0,600.0,30000.0,2025-04-10
2025041004015765,HPPL,89,57,30.0,600.0,18000.0,2025-04-10
2025041004015764,HPPL,49,57,50.0,600.0,30000.0,2025-04-10
2025041004015763,HPPL,14,57,500.0,600.0,300000.0,2025-04-10
2025041004015762,HPPL,49,57,32.0,600.0,19200.0,2025-04-10
2025041004015761,HPPL,60,57,300.0,600.1,180030.0,2025-04-10
2025041004015760,HPPL,60,57,6816.0,600.1,4090281.6,2025-04-10
2025041004015759,UMHL,39,6,1000.0,460.0,460000.0,2025-04-10
2025041001013211,KBSH,52,51,25.0,2210.5,55262.5,2025-04-10
2025041001013210,KBSH,42,51,27.0,2220.0,59940.0,2025-04-10
2025041001013209,KBSH,41,51,10.0,2221.0,22210.0,2025-04-10
2025041005011429,CHDC,39,96,100.0,2473.0,247300.0,2025-04-10
2025041005011428,CHDC,39,52,10.0,2471.0,24710.0,2025-04-10
2025041005011427,CHDC,39,6,40.0,2470.0,98800.0,2025-04-10
2025041005011426,CHDC,39,82,50.0,2470.0,123500.0,2025-04-10
2025041001013208,NICA,44,16,200.0,378.1,75620.0,2025-04-10
2025041003008059,SWBBL,33,16,30.0,830.0,24900.0,2025-04-10
2025041004015758,SHPC,43,34,200.0,472.0,94400.0,2025-04-10
2025041004015757,RADHI,28,58,33.0,470.0,15510.0,2025-04-10
2025041001013207,MKJC,58,68,627.0,583.9,366105.3,2025-04-10
2025041001013206,MKJC,58,38,100.0,583.8,58380.0,2025-04-10
2025041001013205,MKJC,58,45,50.0,583.0,29150.0,2025-04-10
2025041001013204,NIMB,26,36,500.0,213.1,106550.0,2025-04-10
2025041001013203,SNLI,59,59,10.0,637.0,6370.0,2025-04-10
2025041003008058,MDB,54,86,47.0,615.1,28909.7,2025-04-10
2025041004015756,SPDL,44,17,38.0,325.0,12350.0,2025-04-10
2025041004015755,SPDL,38,17,100.0,325.0,32500.0,2025-04-10
2025041004015754,SPDL,21,17,200.0,325.1,65020.0,2025-04-10
2025041004015753,SPDL,11,17,82.0,325.2,26666.4,2025-04-10
2025041001013202,SBL,13,11,235.0,284.0,66740.0,2025-04-10
2025041001013201,SPHL,72,25,10.0,755.0,7550.0,2025-04-10
2025041004015752,HURJA,1,72,340.0,235.9,80206.0,2025-04-10
2025041004015751,GHL,56,53,238.0,267.4,63641.2,2025-04-10
2025041004015750,GHL,58,53,100.0,267.4,26740.0,2025-04-10
2025041004015749,GHL,53,53,175.0,267.4,46795.0,2025-04-10
2025041004015748,GHL,35,53,500.0,267.5,133750.0,2025-04-10
2025041004015747,GHL,38,53,37.0,267.5,9897.5,2025-04-10
2025041003008057,SLBSL,1,67,59.0,1787.0,105433.0,2025-04-10
2025041003008056,SLBSL,1,57,18.0,1780.0,32040.0,2025-04-10
2025041005011425,SAHAS,25,39,80.0,499.0,39920.0,2025-04-10
2025041001013200,GMLI,55,21,10.0,2599.7,25997.0,2025-04-10
2025041001013199,BHL,59,56,20.0,284.0,5680.0,2025-04-10
2025041004015746,BPCL,34,6,500.0,404.0,202000.0,2025-04-10
2025041004015745,UMRH,76,34,10.0,595.0,5950.0,2025-04-10
2025041001013198,GMLI,55,45,400.0,2599.7,1039880.0,2025-04-10
2025041003008055,NLIC,42,40,50.0,770.0,38500.0,2025-04-10
2025041004015744,HPPL,60,66,600.0,600.1,360060.0,2025-04-10
2025041004015743,HPPL,50,66,400.0,601.0,240400.0,2025-04-10
2025041004015742,UMHL,39,66,1500.0,460.0,690000.0,2025-04-10
2025041005011424,NRIC,42,56,15.0,1319.0,19785.0,2025-04-10
2025041005011423,NRIC,42,59,13.0,1319.0,17147.0,2025-04-10
2025041005011422,NRIC,42,17,32.0,1319.0,42208.0,2025-04-10
2025041003008054,BFC,28,38,85.0,560.0,47600.0,2025-04-10
2025041005011421,HATHY,34,94,499.0,1375.4,686324.6,2025-04-10
2025041005011420,HATHY,28,94,501.0,1375.4,689075.4,2025-04-10
2025041003008053,SINDU,56,50,25.0,1105.0,27625.0,2025-04-10
2025041005011419,HDL,47,44,25.0,1194.0,29850.0,2025-04-10
2025041005011418,HDL,47,54,32.0,1194.0,38208.0,2025-04-10
2025041005011417,HDL,47,56,55.0,1193.9,65664.5,2025-04-10
2025041005011416,HDL,47,77,10.0,1193.9,11939.0,2025-04-10
2025041003008052,MDB,54,43,222.0,615.1,136552.2,2025-04-10
2025041003008051,MFIL,56,42,50.0,601.9,30095.0,2025-04-10
2025041001013197,ULBSL,55,48,10.0,3221.0,32210.0,2025-04-10
2025041004015741,CHCL,80,17,10.0,474.0,4740.0,2025-04-10
2025041003008050,SINDU,22,41,20.0,1107.0,22140.0,2025-04-10
2025041003008049,SINDU,6,41,80.0,1107.0,88560.0,2025-04-10
2025041005011415,CLI,58,42,58.0,499.9,28994.2,2025-04-10
2025041004015740,SPIL,44,17,11.0,840.0,9240.0,2025-04-10
2025041005011414,HATHY,28,7,110.0,1375.4,151294.0,2025-04-10
2025041004015739,DHPL,58,17,20.0,395.0,7900.0,2025-04-10
2025041005011413,HRL,55,25,300.0,1028.0,308400.0,2025-04-10
2025041004015738,NLG,58,60,90.0,908.0,81720.0,2025-04-10
2025041004015737,NLG,29,60,100.0,908.1,90810.0,2025-04-10
2025041004015736,NLG,45,60,10.0,908.2,9082.0,2025-04-10
2025041004015735,NLG,41,60,100.0,910.0,91000.0,2025-04-10
2025041005011412,NRIC,33,45,899.0,1318.1,1184971.9,2025-04-10
2025041005011411,NRIC,10,45,51.0,1318.1,67223.1,2025-04-10
2025041005011410,NRIC,71,45,200.0,1318.2,263640.0,2025-04-10
2025041005011409,NRIC,95,45,50.0,1318.3,65915.0,2025-04-10
2025041005011408,NRIC,71,45,200.0,1318.3,263660.0,2025-04-10
2025041003008048,NLICL,36,45,47.0,621.0,29187.0,2025-04-10
2025041003008047,NLICL,76,45,198.0,621.1,122977.8,2025-04-10
2025041003008046,NLICL,34,45,200.0,621.2,124240.0,2025-04-10
2025041003008045,NLICL,33,45,45.0,622.0,27990.0,2025-04-10
2025041005011407,HRL,55,43,200.0,1028.0,205600.0,2025-04-10
2025041004015734,MHNL,3,54,400.0,259.0,103600.0,2025-04-10
2025041004015733,CHCL,51,17,50.0,474.0,23700.0,2025-04-10
2025041004015732,NHPC,53,57,731.0,206.1,150659.1,2025-04-10
2025041004015731,NHPC,36,57,100.0,206.1,20610.0,2025-04-10
2025041004015730,NHPC,7,57,300.0,206.1,61830.0,2025-04-10
2025041004015729,NHPC,29,57,30.0,206.1,6183.0,2025-04-10
2025041004015728,NHPC,34,57,20.0,206.2,4124.0,2025-04-10
2025041004015727,NHPC,53,57,1000.0,206.2,206200.0,2025-04-10
2025041004015726,NHPC,70,57,500.0,206.3,103150.0,2025-04-10
2025041004015725,NHPC,39,57,519.0,206.3,107069.7,2025-04-10
2025041004015724,NHPC,36,57,600.0,206.4,123840.0,2025-04-10
2025041005011406,NRM,50,6,80.0,475.0,38000.0,2025-04-10
2025041003008044,SHINE,5,59,116.0,411.0,47676.0,2025-04-10
2025041001013196,NIMB,42,11,440.0,213.0,93720.0,2025-04-10
2025041001013195,NIMB,48,11,200.0,213.0,42600.0,2025-04-10
2025041001013194,NIMB,41,11,300.0,213.0,63900.0,2025-04-10
2025041001013193,NIMB,52,11,500.0,213.0,106500.0,2025-04-10
2025041001013192,NIMB,41,11,300.0,213.0,63900.0,2025-04-10
2025041001013191,NIMB,49,11,100.0,213.0,21300.0,2025-04-10
2025041001013190,NIMB,28,11,500.0,213.0,106500.0,2025-04-10
2025041001013189,NIMB,5,11,460.0,213.1,98026.0,2025-04-10
2025041004015723,NGPL,19,45,189.0,288.8,54583.2,2025-04-10
2025041004015722,NGPL,19,58,11.0,288.8,3176.8,2025-04-10
2025041005011405,SHIVM,29,16,15.0,532.0,7980.0,2025-04-10
2025041001013188,MANDU,49,16,10.0,880.0,8800.0,2025-04-10
2025041005011404,NRM,50,49,151.0,475.0,71725.0,2025-04-10
2025041005011403,NRM,38,49,78.0,475.0,37050.0,2025-04-10
2025041005011402,NRM,50,49,50.0,475.1,23755.0,2025-04-10
2025041005011401,NRM,14,49,21.0,475.2,9979.2,2025-04-10
2025041001013187,GMLI,55,49,310.0,2599.7,805907.0,2025-04-10
2025041004015721,UPCL,84,59,300.0,303.0,90900.0,2025-04-10
2025041003008043,DDBL,58,25,50.0,777.0,38850.0,2025-04-10
2025041001013186,BHL,59,25,100.0,284.0,28400.0,2025-04-10
2025041004015720,SHEL,3,88,100.0,247.0,24700.0,2025-04-10
2025041004015719,SHEL,91,88,1000.0,247.1,247100.0,2025-04-10
2025041005011400,HRL,55,66,200.0,1028.0,205600.0,2025-04-10
2025041001013185,GMLI,55,52,10.0,2599.7,25997.0,2025-04-10
2025041001013184,RAWA,64,42,235.0,829.0,194815.0,2025-04-10
2025041001013183,RAWA,6,42,40.0,830.0,33200.0,2025-04-10
2025041005011399,HRL,36,34,10.0,1029.0,10290.0,2025-04-10
2025041004015718,HURJA,1,13,37.0,235.9,8728.3,2025-04-10
2025041004015717,AHPC,14,38,145.0,252.5,36612.5,2025-04-10
2025041005011398,PHCL,65,94,500.0,579.0,289500.0,2025-04-10
2025041005011397,BBC,45,38,10.0,6075.0,60750.0,2025-04-10
2025041005011396,SHIVM,47,37,10.0,531.0,5310.0,2025-04-10
2025041001013182,DORDI,32,51,532.0,365.7,194552.4,2025-04-10
2025041004015716,UMHL,39,51,4500.0,460.0,2070000.0,2025-04-10
2025041003008042,ICFC,44,57,190.0,595.1,113069.0,2025-04-10
2025041003008041,ICFC,33,57,20.0,595.1,11902.0,2025-04-10
2025041003008040,ICFC,34,57,100.0,595.1,59510.0,2025-04-10
2025041003008039,ICFC,57,57,100.0,595.1,59510.0,2025-04-10
2025041003008038,ICFC,59,57,100.0,595.1,59510.0,2025-04-10
2025041003008037,ICFC,10,57,50.0,595.1,29755.0,2025-04-10
2025041003008036,ICFC,32,57,75.0,595.2,44640.0,2025-04-10
2025041003008035,ICFC,40,57,50.0,595.2,29760.0,2025-04-10
2025041003008034,ICFC,63,57,15.0,595.2,8928.0,2025-04-10
2025041005011395,NRN,7,6,11.0,1696.0,18656.0,2025-04-10
2025041003008033,NABBC,49,5,62.0,1760.4,109144.8,2025-04-10
2025041003008032,NABBC,28,5,110.0,1760.5,193655.0,2025-04-10
2025041003008031,NABBC,28,5,28.0,1760.6,49296.8,2025-04-10
2025041003008030,NABBC,10,5,30.0,1760.7,52821.0,2025-04-10
2025041001013181,NBL,19,91,400.0,248.9,99560.0,2025-04-10
2025041004015715,UPCL,84,29,50.0,303.0,15150.0,2025-04-10
2025041004015714,UMHL,62,48,200.0,460.1,92020.0,2025-04-10
2025041004015713,SGIC,26,41,25.0,588.0,14700.0,2025-04-10
2025041004015712,SGIC,45,41,135.0,588.0,79380.0,2025-04-10
2025041004015711,CHL,67,49,500.0,456.0,228000.0,2025-04-10
2025041003008029,PROFL,53,34,18.0,537.0,9666.0,2025-04-10
2025041001013180,MHL,74,4,40.0,702.0,28080.0,2025-04-10
2025041001013179,MHL,74,45,170.0,700.0,119000.0,2025-04-10
2025041001013178,MHL,74,39,10.0,700.0,7000.0,2025-04-10
2025041001013177,MHL,74,21,10.0,700.0,7000.0,2025-04-10
2025041001013176,MHL,74,42,10.0,699.0,6990.0,2025-04-10
2025041001013175,PCBL,39,44,620.0,252.6,156612.0,2025-04-10
2025041001013174,PCBL,39,44,250.0,252.6,63150.0,2025-04-10
2025041001013173,PCBL,11,44,250.0,252.6,63150.0,2025-04-10
2025041001013172,PCBL,32,44,760.0,252.6,191976.0,2025-04-10
2025041001013171,NIMB,5,52,40.0,213.1,8524.0,2025-04-10
2025041003008028,LICN,32,18,636.0,984.0,625824.0,2025-04-10
2025041003008027,LICN,26,18,50.0,984.0,49200.0,2025-04-10
2025041003008026,LICN,26,18,10.0,984.0,9840.0,2025-04-10
2025041003008025,LICN,49,18,24.0,984.0,23616.0,2025-04-10
2025041003008024,LICN,56,18,10.0,984.1,9841.0,2025-04-10
2025041003008023,LICN,4,18,10.0,984.1,9841.0,2025-04-10
2025041003008022,LICN,42,18,10.0,984.1,9841.0,2025-04-10
2025041001013170,GMLI,55,18,10.0,2599.6,25996.0,2025-04-10
2025041001013169,GMLI,55,38,10.0,2599.6,25996.0,2025-04-10
2025041001013168,GMLI,55,38,10.0,2599.6,25996.0,2025-04-10
2025041004015710,API,52,57,25.0,272.0,6800.0,2025-04-10
2025041001013167,GMLI,55,21,10.0,2599.6,25996.0,2025-04-10
2025041003008021,MLBSL,49,49,100.0,2249.0,224900.0,2025-04-10
2025041005011394,NRM,53,22,10.0,476.0,4760.0,2025-04-10
2025041003008020,GMFBS,63,26,50.0,1640.0,82000.0,2025-04-10
2025041003008019,SFCL,55,58,10.0,530.0,5300.0,2025-04-10
2025041001013166,KBL,39,7,242.0,208.0,50336.0,2025-04-10
2025041005011393,ILI,45,58,10.0,464.1,4641.0,2025-04-10
2025041004015709,SHEL,3,25,10.0,247.0,2470.0,2025-04-10
2025041003008018,PROFL,53,86,200.0,537.0,107400.0,2025-04-10
2025041004015708,API,52,49,21.0,272.0,5712.0,2025-04-10
2025041004015707,API,52,91,200.0,272.0,54400.0,2025-04-10
2025041004015706,API,52,48,110.0,272.0,29920.0,2025-04-10
2025041003008017,SMB,14,6,20.0,2420.0,48400.0,2025-04-10
2025041003008016,BFC,28,5,200.0,560.0,112000.0,2025-04-10
2025041005011392,CLI,11,42,50.0,499.9,24995.0,2025-04-10
2025041004015705,SGIC,45,37,365.0,588.0,214620.0,2025-04-10
2025041004015704,SGIC,38,37,95.0,588.1,55869.5,2025-04-10
2025041004015703,SGIC,58,37,40.0,588.2,23528.0,2025-04-10
2025041004015702,JOSHI,55,19,75.0,386.6,28995.0,2025-04-10
2025041001013165,ULHC,96,51,10.0,514.0,5140.0,2025-04-10
2025041004015701,HDHPC,35,25,80.0,197.0,15760.0,2025-04-10
2025041004015700,HDHPC,35,66,108.0,197.0,21276.0,2025-04-10
2025041005011391,MBJC,43,34,10.0,315.2,3152.0,2025-04-10
2025041004015699,UMRH,76,34,10.0,595.0,5950.0,2025-04-10
2025041005011390,SAHAS,25,26,425.0,499.0,212075.0,2025-04-10
2025041005011389,SAHAS,36,26,500.0,499.1,249550.0,2025-04-10
2025041005011388,SAHAS,33,26,1175.0,499.1,586442.5,2025-04-10
2025041001013164,NICA,44,26,500.0,378.1,189050.0,2025-04-10
2025041003008015,RLFL,6,7,38.0,528.1,20067.8,2025-04-10
2025041004015698,GLH,43,66,97.0,237.0,22989.0,2025-04-10
2025041004015697,GLH,55,66,53.0,237.9,12608.7,2025-04-10
2025041003008014,GLBSL,98,58,10.0,2801.2,28012.0,2025-04-10
2025041003008013,PFL,33,58,98.0,417.1,40875.8,2025-04-10
2025041001013163,PRVU,25,42,100.0,209.0,20900.0,2025-04-10
2025041005011387,HRL,55,58,50.0,1028.0,51400.0,2025-04-10
2025041003008012,GFCL,95,58,123.0,662.0,81426.0,2025-04-10
2025041004015696,BARUN,42,19,30.0,523.9,15717.0,2025-04-10
2025041005011386,HRL,55,42,200.0,1028.0,205600.0,2025-04-10
2025041001013162,NYADI,45,56,10.0,600.0,6000.0,2025-04-10
2025041004015695,GHL,53,94,1680.0,267.4,449232.0,2025-04-10
2025041004015694,GHL,39,94,20.0,267.5,5350.0,2025-04-10
2025041005011385,SAHAS,33,63,200.0,499.1,99820.0,2025-04-10
2025041001013161,GMLI,55,47,110.0,2599.6,285956.0,2025-04-10
2025041003008011,SINDU,6,22,10.0,1107.0,11070.0,2025-04-10
2025041003008010,JBBL,1,38,140.0,336.2,47068.0,2025-04-10
2025041003008009,JBBL,35,38,62.0,336.3,20850.6,2025-04-10
2025041001013160,GMLI,55,65,100.0,2599.6,259960.0,2025-04-10
2025041003008008,GUFL,21,4,20.0,583.0,11660.0,2025-04-10
2025041003008007,SINDU,56,16,50.0,1105.0,55250.0,2025-04-10
2025041003008006,SINDU,43,16,40.0,1105.1,44204.0,2025-04-10
2025041003008005,SINDU,26,16,10.0,1105.2,11052.0,2025-04-10
2025041004015693,OHL,4,48,84.0,888.0,74592.0,2025-04-10
2025041004015692,OHL,13,48,39.0,888.0,34632.0,2025-04-10
2025041001013159,TSHL,59,29,10.0,800.0,8000.0,2025-04-10
2025041001013158,TSHL,59,41,10.0,800.0,8000.0,2025-04-10
2025041001013157,TSHL,59,22,50.0,799.9,39995.0,2025-04-10
2025041001013156,TSHL,59,50,10.0,799.8,7998.0,2025-04-10
2025041005011384,HRL,55,26,50.0,1028.0,51400.0,2025-04-10
2025041005011383,HRL,84,26,50.0,1028.1,51405.0,2025-04-10
2025041004015691,NGPL,58,97,100.0,288.6,28860.0,2025-04-10
2025041005011382,NIFRA,55,58,21.0,270.0,5670.0,2025-04-10
2025041005011381,NIFRA,38,58,434.0,270.0,117180.0,2025-04-10
2025041005011380,NIFRA,50,58,500.0,270.2,135100.0,2025-04-10
2025041005011379,NIFRA,4,58,45.0,270.2,12159.0,2025-04-10
2025041001013155,GBIME,58,52,100.0,219.1,21910.0,2025-04-10
2025041005011378,HRL,58,34,11.0,1029.0,11319.0,2025-04-10
2025041004015690,AKPL,39,58,15.0,226.6,3399.0,2025-04-10
2025041004015689,API,50,17,112.0,271.7,30430.4,2025-04-10
2025041001013154,HIDCLP,52,6,10.0,176.1,1761.0,2025-04-10
2025041005011377,MEL,34,65,2715.0,312.2,847623.0,2025-04-10
2025041005011376,MEL,45,65,75.0,312.3,23422.5,2025-04-10
2025041005011375,MEL,55,65,100.0,312.3,31230.0,2025-04-10
2025041005011374,MEL,55,65,100.0,312.5,31250.0,2025-04-10
2025041005011373,MEL,42,65,10.0,313.0,3130.0,2025-04-10
2025041003008004,SINDU,38,37,20.0,1106.0,22120.0,2025-04-10
2025041003008003,SFCL,55,48,266.0,530.0,140980.0,2025-04-10
2025041004015688,RADHI,28,21,15.0,470.0,7050.0,2025-04-10
2025041004015687,RADHI,28,95,52.0,470.0,24440.0,2025-04-10
2025041005011372,NRIC,28,58,20.0,1319.2,26384.0,2025-04-10
2025041005011371,NRIC,28,86,65.0,1319.0,85735.0,2025-04-10
2025041001013153,PRVU,48,59,627.0,208.6,130792.2,2025-04-10
2025041001013152,PRVU,4,59,1000.0,208.7,208700.0,2025-04-10
2025041001013151,PRVU,3,59,700.0,208.7,146090.0,2025-04-10
2025041001013150,PRVU,6,59,2000.0,208.8,417600.0,2025-04-10
2025041001013149,PRVU,22,59,673.0,208.8,140522.4,2025-04-10
2025041001013148,MCHL,6,17,50.0,605.3,30265.0,2025-04-10
2025041004015686,RADHI,42,25,5.0,470.0,2350.0,2025-04-10
2025041003008002,CFCL,56,70,272.0,605.0,164560.0,2025-04-10
2025041004015685,PMHPL,45,58,650.0,292.0,189800.0,2025-04-10
2025041004015684,UPCL,84,57,272.0,303.0,82416.0,2025-04-10
2025041001013147,KBL,39,57,300.0,208.0,62400.0,2025-04-10
2025041004015683,NGPL,58,57,30.0,288.6,8658.0,2025-04-10
2025041001013146,GMLI,55,54,180.0,2599.6,467928.0,2025-04-10
2025041004015682,HPPL,60,14,49.0,600.1,29404.9,2025-04-10
2025041004015681,HPPL,56,14,100.0,601.0,60100.0,2025-04-10
2025041004015680,HPPL,49,14,1029.0,601.0,618429.0,2025-04-10
2025041004015679,HPPL,46,14,22.0,602.0,13244.0,2025-04-10
2025041004015678,UMHL,43,48,30.0,460.5,13815.0,2025-04-10
2025041003008001,SFCL,55,48,100.0,530.0,53000.0,2025-04-10
2025041003008000,JBBL,35,58,116.0,336.3,39010.8,2025-04-10
2025041003007999,JBBL,35,26,22.0,336.3,7398.6,2025-04-10
2025041001013145,PRVU,22,67,100.0,208.8,20880.0,2025-04-10
2025041003007998,MLBL,26,85,1194.0,387.0,462078.0,2025-04-10
2025041004015677,RHPL,17,10,110.0,374.5,41195.0,2025-04-10
2025041005011370,NRIC,55,86,45.0,1319.0,59355.0,2025-04-10
2025041001013144,GMLI,55,44,250.0,2599.6,649900.0,2025-04-10
2025041004015676,UMRH,76,34,10.0,595.0,5950.0,2025-04-10
2025041004015675,SALICO,13,4,20.0,715.1,14302.0,2025-04-10
2025041003007997,SINDU,58,45,20.0,1107.0,22140.0,2025-04-10
2025041001013143,MCHL,42,58,20.0,610.0,12200.0,2025-04-10
2025041003007996,MDB,14,43,100.0,615.1,61510.0,2025-04-10
2025041003007995,MDB,17,43,28.0,615.1,17222.8,2025-04-10
2025041001013142,GMLI,55,63,200.0,2599.6,519920.0,2025-04-10
2025041003007994,SMPDA,51,45,50.0,924.0,46200.0,2025-04-10
2025041001013141,RHGCL,22,92,10.0,523.3,5233.0,2025-04-10
2025041004015674,BPCL,50,6,200.0,404.0,80800.0,2025-04-10
2025041005011369,NTC,94,6,10.0,897.5,8975.0,2025-04-10
2025041001013140,MCHL,57,14,10.0,606.0,6060.0,2025-04-10
2025041005011368,HRL,65,48,30.0,1028.3,30849.0,2025-04-10
2025041001013139,SGHC,35,29,10.0,513.5,5135.0,2025-04-10
2025041005011367,NRIC,55,32,10.0,1319.0,13190.0,2025-04-10
2025041005011366,NRIC,55,41,45.0,1319.0,59355.0,2025-04-10
2025041001013138,GMLI,55,45,10.0,2599.6,25996.0,2025-04-10
2025041005011365,GCIL,57,45,390.0,539.0,210210.0,2025-04-10
2025041003007993,SMPDA,48,45,30.0,924.0,27720.0,2025-04-10
2025041003007992,SMPDA,51,45,50.0,925.0,46250.0,2025-04-10
2025041001013137,GMLI,55,57,30.0,2599.6,77988.0,2025-04-10
2025041005011364,CIT,1,57,36.0,1940.5,69858.0,2025-04-10
2025041005011363,CIT,94,57,200.0,1940.6,388120.0,2025-04-10
2025041005011362,CIT,55,57,50.0,1940.6,97030.0,2025-04-10
2025041005011361,CIT,37,57,49.0,1941.1,95113.9,2025-04-10
2025041003007991,PROFL,38,21,199.0,536.0,106664.0,2025-04-10
2025041003007990,PROFL,32,21,24.0,536.0,12864.0,2025-04-10
2025041003007989,PROFL,45,21,277.0,536.9,148721.3,2025-04-10
2025041004015673,AKJCL,14,36,50.0,202.0,10100.0,2025-04-10
2025041004015672,SPDL,11,58,118.0,325.2,38373.6,2025-04-10
2025041004015671,HURJA,41,13,10.0,235.9,2359.0,2025-04-10
2025041001013136,GVL,34,58,630.0,491.0,309330.0,2025-04-10
2025041001013135,GVL,14,58,100.0,491.0,49100.0,2025-04-10
2025041001013134,GVL,6,58,100.0,491.1,49110.0,2025-04-10
2025041003007988,NUBL,45,58,100.0,676.1,67610.0,2025-04-10
2025041004015670,CHL,54,49,100.0,456.0,45600.0,2025-04-10
2025041003007987,MERO,57,16,30.0,705.9,21177.0,2025-04-10
2025041004015669,NGPL,21,58,239.0,288.8,69023.2,2025-04-10
2025041005011360,HRL,33,46,494.0,1028.0,507832.0,2025-04-10
2025041003007986,MDB,35,36,300.0,615.5,184650.0,2025-04-10
2025041005011359,HATHY,32,71,230.0,1378.0,316940.0,2025-04-10
2025041004015668,GHL,53,74,1800.0,267.4,481320.0,2025-04-10
2025041004015667,UMRH,76,34,10.0,595.0,5950.0,2025-04-10
2025041005011358,HRL,68,34,175.0,1029.0,180075.0,2025-04-10
2025041005011357,HRL,68,58,25.0,1028.3,25707.5,2025-04-10
2025041004015666,HEI,49,55,590.0,599.0,353410.0,2025-04-10
2025041004015665,HEI,19,55,10.0,599.0,5990.0,2025-04-10
2025041003007985,FMDBL,49,8,500.0,770.0,385000.0,2025-04-10
2025041005011356,SAHAS,33,25,10.0,499.1,4991.0,2025-04-10
2025041001013133,NMB,47,4,31.0,251.5,7796.5,2025-04-10
2025041004015664,RADHI,39,95,50.0,470.0,23500.0,2025-04-10
2025041005011355,SAHAS,33,6,150.0,499.1,74865.0,2025-04-10
2025041003007984,PMLI,54,17,12.0,548.9,6586.8,2025-04-10
2025041001013132,KBSH,42,16,13.0,2220.0,28860.0,2025-04-10
2025041005011354,SMJC,65,35,57.0,567.1,32324.7,2025-04-10
2025041005011353,SMJC,19,35,20.0,568.0,11360.0,2025-04-10
2025041005011352,SMJC,68,35,20.0,568.0,11360.0,2025-04-10
2025041005011351,SMJC,16,35,50.0,568.0,28400.0,2025-04-10
2025041005011350,SMJC,33,35,30.0,568.0,17040.0,2025-04-10
2025041005011349,SMJC,4,35,10.0,568.0,5680.0,2025-04-10
2025041005011348,SMJC,57,35,500.0,568.3,284150.0,2025-04-10
2025041005011347,SMJC,80,35,40.0,568.4,22736.0,2025-04-10
2025041005011346,SMJC,57,35,990.0,568.4,562716.0,2025-04-10
2025041005011345,SMJC,45,35,285.0,568.5,162022.5,2025-04-10
2025041001013131,MCHL,6,35,10.0,605.3,6053.0,2025-04-10
2025041001013130,TAMOR,56,22,10.0,522.1,5221.0,2025-04-10
2025041004015663,BPCL,34,6,500.0,404.0,202000.0,2025-04-10
2025041005011344,NRIC,44,41,30.0,1319.0,39570.0,2025-04-10
2025041004015662,API,49,17,36.0,271.7,9781.2,2025-04-10
2025041004015661,API,33,17,352.0,271.7,95638.4,2025-04-10
2025041003007983,MPFL,32,55,20.0,629.0,12580.0,2025-04-10
2025041005011343,CIT,37,53,51.0,1941.1,98996.1,2025-04-10
2025041005011342,CIT,34,53,100.0,1941.2,194120.0,2025-04-10
2025041001013129,TVCL,34,45,50.0,519.0,25950.0,2025-04-10
2025041004015660,UPPER,59,42,81.0,198.5,16078.5,2025-04-10
2025041004015659,UPPER,45,42,67.0,198.5,13299.5,2025-04-10
2025041004015658,UPPER,11,42,52.0,198.6,10327.2,2025-04-10
2025041001013128,ULBSL,35,42,50.0,3222.0,161100.0,2025-04-10
2025041004015657,NHPC,5,41,50.0,206.5,10325.0,2025-04-10
2025041004015656,HPPL,62,49,100.0,603.1,60310.0,2025-04-10
2025041004015655,AKPL,22,38,22.0,227.0,4994.0,2025-04-10
2025041005011341,NIFRA,4,51,300.0,270.2,81060.0,2025-04-10
2025041005011340,NIFRA,4,58,155.0,270.1,41865.5,2025-04-10
2025041004015654,SHL,13,4,103.0,495.0,50985.0,2025-04-10
2025041004015653,RADHI,8,1,288.0,469.9,135331.2,2025-04-10
2025041004015652,RADHI,71,1,500.0,469.9,234950.0,2025-04-10
2025041001013127,NICA,44,47,200.0,378.1,75620.0,2025-04-10
2025041005011339,HDL,61,7,10.0,1193.1,11931.0,2025-04-10
2025041004015651,AKJCL,34,50,10.0,201.6,2016.0,2025-04-10
2025041004015650,AKJCL,17,50,1000.0,201.7,201700.0,2025-04-10
2025041004015649,AKJCL,58,50,90.0,201.9,18171.0,2025-04-10
2025041005011338,GCIL,57,58,110.0,539.0,59290.0,2025-04-10
2025041003007982,GBBL,16,57,20.0,396.0,7920.0,2025-04-10
2025041001013126,RAWA,96,96,30.0,841.9,25257.0,2025-04-10
2025041003007981,BFC,28,48,200.0,560.0,112000.0,2025-04-10
2025041005011337,HRL,33,35,141.0,1028.0,144948.0,2025-04-10
2025041004015648,GHL,53,49,105.0,267.4,28077.0,2025-04-10
2025041004015647,UMRH,76,34,10.0,595.0,5950.0,2025-04-10
2025041004015646,SPIL,89,17,47.0,840.0,39480.0,2025-04-10
2025041004015645,SPIL,89,17,100.0,839.0,83900.0,2025-04-10
2025041004015644,SPIL,89,25,127.0,838.9,106540.3,2025-04-10
2025041004015643,SPIL,89,13,26.0,838.0,21788.0,2025-04-10
2025041001013125,TPC,69,63,40.0,514.1,20564.0,2025-04-10
2025041001013124,TPC,56,63,110.0,515.0,56650.0,2025-04-10
2025041004015642,UMHL,43,48,70.0,460.5,32235.0,2025-04-10
2025041005011336,SIGS2,42,17,6000.0,10.07,60420.0,2025-04-10
2025041005011335,SIGS2,42,11,9700.0,10.07,97679.0,2025-04-10
2025041004015641,SSHL,51,57,200.0,232.0,46400.0,2025-04-10
2025041001013123,PRVU,22,47,50.0,208.8,10440.0,2025-04-10
2025041001013122,JBLB,38,54,18.0,1319.0,23742.0,2025-04-10
2025041003007980,NMBMF,29,75,55.0,715.5,39352.5,2025-04-10
2025041003007979,NMBMF,22,75,20.0,717.0,14340.0,2025-04-10
2025041003007978,NMBMF,37,75,125.0,717.0,89625.0,2025-04-10
2025041003007977,EDBL,57,5,25.0,610.0,15250.0,2025-04-10
2025041003007976,EDBL,54,5,20.0,610.0,12200.0,2025-04-10
2025041003007975,EDBL,48,5,100.0,610.0,61000.0,2025-04-10
2025041003007974,EDBL,6,5,100.0,610.1,61010.0,2025-04-10
2025041003007973,EDBL,45,5,200.0,610.1,122020.0,2025-04-10
2025041003007972,EDBL,52,5,50.0,610.1,30505.0,2025-04-10
2025041003007971,EDBL,71,5,100.0,610.4,61040.0,2025-04-10
2025041003007970,EDBL,21,5,500.0,610.5,305250.0,2025-04-10
2025041003007969,EDBL,42,5,500.0,610.6,305300.0,2025-04-10
2025041003007968,EDBL,45,5,40.0,610.7,24428.0,2025-04-10
2025041003007967,EDBL,42,5,500.0,610.7,305350.0,2025-04-10
2025041003007966,EDBL,13,5,865.0,611.0,528515.0,2025-04-10
2025041003007965,HLI,74,41,20.0,427.1,8542.0,2025-04-10
2025041003007964,HLI,58,41,80.0,427.1,34168.0,2025-04-10
2025041005011334,NRIC,35,41,30.0,1319.0,39570.0,2025-04-10
2025041005011333,NRIC,34,41,160.0,1319.0,211040.0,2025-04-10
2025041004015640,UMHL,39,64,1085.0,460.0,499100.0,2025-04-10
2025041003007963,SJLIC,35,32,100.0,439.0,43900.0,2025-04-10
2025041003007962,JBBL,35,26,300.0,336.3,100890.0,2025-04-10
2025041005011332,HDL,61,4,100.0,1193.1,119310.0,2025-04-10
2025041005011331,SAHAS,33,13,610.0,499.1,304451.0,2025-04-10
2025041001013121,GMLI,55,4,10.0,2599.6,25996.0,2025-04-10
2025041005011330,HDL,61,4,100.0,1193.1,119310.0,2025-04-10
2025041005011329,CLI,8,42,50.0,499.9,24995.0,2025-04-10
2025041001013120,GMLI,55,75,1000.0,2599.6,2599600.0,2025-04-10
2025041004015639,CHL,63,14,65.0,455.6,29614.0,2025-04-10
2025041005011328,NIFRA,58,58,95.0,270.1,25659.5,2025-04-10
2025041003007961,JBBL,1,16,10.0,336.2,3362.0,2025-04-10
2025041003007960,KMCDB,19,54,14.0,1053.9,14754.6,2025-04-10
2025041001013119,GMLI,55,56,140.0,2599.6,363944.0,2025-04-10
2025041001013118,SGHC,35,49,10.0,513.5,5135.0,2025-04-10
2025041001013117,GMLI,55,13,100.0,2599.6,259960.0,2025-04-10
2025041003007959,JFL,45,4,700.0,508.0,355600.0,2025-04-10
2025041003007958,JFL,45,40,89.0,508.0,45212.0,2025-04-10
2025041003007957,ALBSL,45,84,17.0,821.0,13957.0,2025-04-10
2025041004015638,RADHI,39,95,80.0,470.0,37600.0,2025-04-10
2025041004015637,AKJCL,42,36,473.0,202.0,95546.0,2025-04-10
2025041004015636,AKJCL,42,19,27.0,202.0,5454.0,2025-04-10
2025041005011327,CHDC,48,36,10.0,2470.0,24700.0,2025-04-10
2025041001013116,NMB,71,4,200.0,251.5,50300.0,2025-04-10
2025041001013115,CZBIL,50,28,100.0,210.2,21020.0,2025-04-10
2025041001013114,BHL,59,87,60.0,284.0,17040.0,2025-04-10
2025041001013113,KBL,32,65,305.0,209.0,63745.0,2025-04-10
2025041001013112,KBL,32,34,100.0,209.0,20900.0,2025-04-10
2025041001013111,KBL,32,25,100.0,209.0,20900.0,2025-04-10
2025041001013110,KBL,32,41,140.0,209.0,29260.0,2025-04-10
2025041001013109,KBL,32,57,150.0,209.0,31350.0,2025-04-10
2025041001013108,KBL,32,57,150.0,209.0,31350.0,2025-04-10
2025041001013107,KBL,32,22,1000.0,209.0,209000.0,2025-04-10
2025041001013106,KBL,32,22,1000.0,209.0,209000.0,2025-04-10
2025041001013105,KBL,32,34,1490.0,208.9,311261.0,2025-04-10
2025041001013104,KBL,32,58,475.0,208.7,99132.5,2025-04-10
2025041001013103,KBL,32,25,90.0,208.5,18765.0,2025-04-10
2025041004015635,SPIL,49,59,210.0,834.0,175140.0,2025-04-10
2025041004015634,SPIL,49,59,890.0,834.1,742349.0,2025-04-10
2025041003007956,NFS,57,34,100.0,690.0,69000.0,2025-04-10
2025041003007955,NFS,57,34,122.0,690.0,84180.0,2025-04-10
2025041003007954,NFS,32,34,105.0,690.0,72450.0,2025-04-10
2025041005011326,NRN,57,26,1140.0,1694.5,1931730.0,2025-04-10
2025041005011325,NRN,45,26,60.0,1695.5,101730.0,2025-04-10
2025041004015633,SPIL,38,13,24.0,838.0,20112.0,2025-04-10
2025041001013102,GMLI,17,50,10.0,2599.9,25999.0,2025-04-10
2025041001013101,GMLI,17,71,55.0,2599.9,142994.5,2025-04-10
2025041001013100,GMLI,17,57,10.0,2599.8,25998.0,2025-04-10
2025041004015632,HDHPC,58,66,1000.0,197.0,197000.0,2025-04-10
2025041004015631,HDHPC,52,66,25.0,197.0,4925.0,2025-04-10
2025041004015630,HDHPC,57,66,867.0,197.0,170799.0,2025-04-10
2025041003007953,ICFC,63,52,40.0,595.2,23808.0,2025-04-10
2025041003007952,ICFC,57,52,50.0,595.5,29775.0,2025-04-10
2025041003007951,ICFC,33,52,10.0,595.5,5955.0,2025-04-10
2025041003007950,JFL,45,43,150.0,507.0,76050.0,2025-04-10
2025041003007949,JFL,33,43,550.0,507.1,278905.0,2025-04-10
2025041004015629,CHL,52,49,112.0,456.0,51072.0,2025-04-10
2025041004015628,CHL,52,4,88.0,456.0,40128.0,2025-04-10
2025041001013099,KBL,45,25,10.0,208.5,2085.0,2025-04-10
2025041005011324,HRL,33,45,190.0,1028.0,195320.0,2025-04-10
2025041005011323,SONA,14,51,280.0,467.1,130788.0,2025-04-10
2025041005011322,SONA,38,51,120.0,467.1,56052.0,2025-04-10
2025041003007948,MDB,17,60,100.0,615.1,61510.0,2025-04-10
2025041003007947,NFS,32,42,50.0,690.0,34500.0,2025-04-10
2025041005011321,SAHAS,67,80,20.0,499.5,9990.0,2025-04-10
2025041004015627,NHPC,62,41,121.0,206.5,24986.5,2025-04-10
2025041001013098,BHL,59,57,10.0,284.0,2840.0,2025-04-10
2025041005011320,STC,16,17,10.0,5184.1,51841.0,2025-04-10
2025041005011319,STC,42,17,20.0,5184.1,103682.0,2025-04-10
2025041005011318,STC,17,17,10.0,5185.0,51850.0,2025-04-10
2025041005011317,STC,41,17,20.0,5185.0,103700.0,2025-04-10
2025041005011316,STC,36,17,10.0,5186.0,51860.0,2025-04-10
2025041005011315,HATHY,28,36,24.0,1375.4,33009.6,2025-04-10
2025041004015626,PMHPL,55,39,190.0,292.0,55480.0,2025-04-10
2025041001013097,MHCL,45,25,10.0,503.7,5037.0,2025-04-10
2025041005011314,ILI,35,49,2.0,464.0,928.0,2025-04-10
2025041005011313,ILI,35,52,10.0,464.0,4640.0,2025-04-10
2025041005011312,CHDC,39,36,21.0,2470.0,51870.0,2025-04-10
2025041005011311,CHDC,39,71,11.0,2470.0,27170.0,2025-04-10
2025041005011310,CHDC,39,5,12.0,2470.0,29640.0,2025-04-10
2025041005011309,CHDC,39,4,10.0,2470.0,24700.0,2025-04-10
2025041005011308,CHDC,39,65,100.0,2465.0,246500.0,2025-04-10
2025041005011307,CHDC,39,26,10.0,2465.0,24650.0,2025-04-10
2025041005011306,CHDC,39,26,170.0,2465.0,419050.0,2025-04-10
2025041005011305,CHDC,39,39,100.0,2460.0,246000.0,2025-04-10
2025041005011304,CHDC,39,35,12.0,2460.0,29520.0,2025-04-10
2025041005011303,CHDC,39,43,744.0,2459.0,1829496.0,2025-04-10
2025041005011302,CHDC,39,82,50.0,2458.9,122945.0,2025-04-10
2025041005011301,CHDC,39,50,50.0,2458.8,122940.0,2025-04-10
2025041005011300,CHDC,39,74,190.0,2458.8,467172.0,2025-04-10
2025041005011299,CHDC,39,6,20.0,2458.7,49174.0,2025-04-10
2025041003007946,MFIL,32,75,200.0,601.0,120200.0,2025-04-10
2025041001013096,NYADI,55,38,100.0,596.2,59620.0,2025-04-10
2025041004015625,API,6,48,10.0,272.0,2720.0,2025-04-10
2025041004015624,UNHPL,38,19,153.0,318.0,48654.0,2025-04-10
2025041001013095,KBSH,42,14,40.0,2220.0,88800.0,2025-04-10
2025041003007945,SWMF,57,14,19.0,722.3,13723.7,2025-04-10
2025041003007944,SWMF,1,14,100.0,722.5,72250.0,2025-04-10
2025041003007943,SWMF,7,14,12.0,723.0,8676.0,2025-04-10
2025041001013094,PPL,14,45,150.0,517.0,77550.0,2025-04-10
2025041004015623,RADHI,62,95,100.0,470.0,47000.0,2025-04-10
2025041003007942,PROFL,62,86,100.0,537.0,53700.0,2025-04-10
2025041001013093,MKJC,4,29,95.0,583.0,55385.0,2025-04-10
2025041001013092,BHL,48,56,10.0,283.0,2830.0,2025-04-10
2025041003007941,MFIL,32,42,100.0,601.0,60100.0,2025-04-10
2025041004015622,JOSHI,35,38,10.0,386.8,3868.0,2025-04-10
2025041005011298,SONA,40,7,200.0,468.0,93600.0,2025-04-10
2025041005011297,SONA,40,34,50.0,468.0,23400.0,2025-04-10
2025041004015621,IGI,22,43,10.0,562.3,5623.0,2025-04-10
2025041004015620,DHPL,43,17,80.0,399.0,31920.0,2025-04-10
2025041004015619,DHPL,43,47,190.0,398.7,75753.0,2025-04-10
2025041004015618,DHPL,43,52,100.0,398.5,39850.0,2025-04-10
2025041004015617,DHPL,43,38,50.0,398.0,19900.0,2025-04-10
2025041004015616,DHPL,43,52,140.0,398.0,55720.0,2025-04-10
2025041004015615,DHPL,43,45,400.0,398.0,159200.0,2025-04-10
2025041004015614,DHPL,43,77,500.0,398.0,199000.0,2025-04-10
2025041004015613,DHPL,43,32,200.0,398.0,79600.0,2025-04-10
2025041004015612,DHPL,43,34,890.0,398.0,354220.0,2025-04-10
2025041004015611,DHPL,43,16,100.0,397.9,39790.0,2025-04-10
2025041004015610,DHPL,43,74,200.0,397.9,79580.0,2025-04-10
2025041004015609,DHPL,43,55,90.0,397.8,35802.0,2025-04-10
2025041004015608,DHPL,43,39,50.0,397.0,19850.0,2025-04-10
2025041004015607,DHPL,43,41,10.0,396.0,3960.0,2025-04-10
2025041004015606,SHPC,43,43,640.0,472.0,302080.0,2025-04-10
2025041004015605,SHPC,44,43,100.0,472.1,47210.0,2025-04-10
2025041004015604,SHPC,14,43,10.0,472.1,4721.0,2025-04-10
2025041004015603,BPCL,36,6,20.0,404.0,8080.0,2025-04-10
2025041001013091,CITY,34,60,121.0,845.9,102353.9,2025-04-10
2025041001013090,CITY,34,58,10.0,845.8,8458.0,2025-04-10
2025041001013089,CITY,34,13,10.0,845.0,8450.0,2025-04-10
2025041001013088,CITY,34,22,20.0,844.9,16898.0,2025-04-10
2025041001013087,CITY,34,26,20.0,844.0,16880.0,2025-04-10
2025041001013086,CITY,34,41,19.0,843.0,16017.0,2025-04-10
2025041001013085,MKJC,34,68,28.0,583.9,16349.2,2025-04-10
2025041001013084,MKJC,34,48,50.0,583.8,29190.0,2025-04-10
2025041001013083,MKJC,34,64,109.0,583.8,63634.2,2025-04-10
2025041004015602,NGPL,26,58,100.0,288.8,28880.0,2025-04-10
2025041004015601,NGPL,17,58,350.0,288.8,101080.0,2025-04-10
2025041004015600,UPCL,61,22,90.0,303.1,27279.0,2025-04-10
2025041001013082,DLBS,26,51,20.0,1570.0,31400.0,2025-04-10
2025041001013081,DORDI,45,38,150.0,365.8,54870.0,2025-04-10
2025041003007940,GFCL,95,45,10.0,662.0,6620.0,2025-04-10
2025041001013080,HIDCLP,52,6,10.0,176.1,1761.0,2025-04-10
2025041004015599,RADHI,6,95,218.0,470.0,102460.0,2025-04-10
2025041004015598,RADHI,6,65,282.0,470.0,132540.0,2025-04-10
2025041003007939,MLBL,26,42,306.0,387.0,118422.0,2025-04-10
2025041003007938,MLBL,34,42,194.0,388.0,75272.0,2025-04-10
2025041004015597,UPCL,61,57,30.0,303.1,9093.0,2025-04-10
