transaction,symbol,buyer,seller,quantity,rate,amount,date
2025040105016614,CHDC,96,39,10.0,2385.0,23850.0,2025-04-01
2025040101014774,AHL,85,85,3112.0,751.7,2339290.4,2025-04-01
2025040101014773,AHL,85,34,210.0,750.0,157500.0,2025-04-01
2025040101014772,AHL,85,16,817.0,748.6,611606.2,2025-04-01
2025040101014771,AHL,85,29,100.0,745.0,74500.0,2025-04-01
2025040101014770,AHL,85,18,500.0,745.0,372500.0,2025-04-01
2025040101014769,AHL,85,25,10.0,745.0,7450.0,2025-04-01
2025040101014768,AHL,85,26,10.0,744.0,7440.0,2025-04-01
2025040101014767,AHL,85,52,10.0,743.0,7430.0,2025-04-01
2025040101014766,AHL,85,35,10.0,740.0,7400.0,2025-04-01
2025040101014765,AHL,85,6,10.0,740.0,7400.0,2025-04-01
2025040101014764,AHL,85,38,100.0,740.0,74000.0,2025-04-01
2025040101014763,AHL,85,41,111.0,738.9,82017.9,2025-04-01
2025040105016613,NRIC,81,89,1000.0,1310.1,1310100.0,2025-04-01
2025040101014762,GMLI,58,58,10.0,2579.8,25798.0,2025-04-01
2025040104014048,NGPL,58,52,50.0,269.9,13495.0,2025-04-01
2025040104014047,GLH,11,58,400.0,243.0,97200.0,2025-04-01
2025040105016612,SONA,63,57,10.0,474.0,4740.0,2025-04-01
2025040101014761,HIDCLP,59,58,10.0,179.0,1790.0,2025-04-01
2025040101014760,MEHL,87,69,20.0,551.1,11022.0,2025-04-01
2025040101014759,NESDO,66,38,10.0,1852.9,18529.0,2025-04-01
2025040101014758,NESDO,66,7,10.0,1840.0,18400.0,2025-04-01
2025040101014757,MMKJL,56,34,32.0,714.0,22848.0,2025-04-01
2025040101014756,MMKJL,56,45,70.0,714.0,49980.0,2025-04-01
2025040101014755,MMKJL,56,14,218.0,714.0,155652.0,2025-04-01
2025040101014754,MMKJL,56,47,10.0,714.0,7140.0,2025-04-01
2025040101014753,MMKJL,56,51,50.0,714.0,35700.0,2025-04-01
2025040101014752,MMKJL,56,57,20.0,714.0,14280.0,2025-04-01
2025040101014751,MMKJL,56,58,50.0,714.0,35700.0,2025-04-01
2025040101014750,MMKJL,56,34,10.0,714.0,7140.0,2025-04-01
2025040101014749,MMKJL,56,47,10.0,712.0,7120.0,2025-04-01
2025040101014748,MMKJL,56,38,10.0,711.0,7110.0,2025-04-01
2025040101014747,MMKJL,56,1,10.0,710.0,7100.0,2025-04-01
2025040101014746,MMKJL,56,5,55.0,709.9,39044.5,2025-04-01
2025040101014745,MMKJL,56,40,80.0,709.9,56792.0,2025-04-01
2025040101014744,MMKJL,56,57,10.0,708.0,7080.0,2025-04-01
2025040101014743,MMKJL,56,19,30.0,707.9,21237.0,2025-04-01
2025040101014742,MMKJL,56,25,20.0,707.9,14158.0,2025-04-01
2025040101014741,MMKJL,56,6,100.0,705.0,70500.0,2025-04-01
2025040101014740,MMKJL,56,58,10.0,705.0,7050.0,2025-04-01
2025040101014739,MMKJL,56,48,100.0,705.0,70500.0,2025-04-01
2025040101014738,MMKJL,56,58,10.0,705.0,7050.0,2025-04-01
2025040101014737,MMKJL,56,5,60.0,704.0,42240.0,2025-04-01
2025040101014736,MMKJL,56,6,35.0,700.0,24500.0,2025-04-01
2025040101014735,TPC,17,41,500.0,535.0,267500.0,2025-04-01
2025040104014046,BARUN,57,69,188.0,506.0,95128.0,2025-04-01
2025040104014045,BARUN,41,69,100.0,506.0,50600.0,2025-04-01
2025040104014044,BARUN,62,69,100.0,506.0,50600.0,2025-04-01
2025040104014043,BARUN,29,69,22.0,506.0,11132.0,2025-04-01
2025040104014042,BARUN,64,69,50.0,506.1,25305.0,2025-04-01
2025040101014734,NICA,49,58,10.0,371.1,3711.0,2025-04-01
2025040101014733,MEHL,42,69,100.0,551.1,55110.0,2025-04-01
2025040101014732,SGHC,26,41,10.0,549.9,5499.0,2025-04-01
2025040105016611,HRL,75,32,500.0,1017.0,508500.0,2025-04-01
2025040101014731,PRVU,42,94,1000.0,212.0,212000.0,2025-04-01
2025040105016610,HATHY,6,7,100.0,1307.0,130700.0,2025-04-01
2025040105016609,NRIC,81,60,84.0,1310.1,110048.4,2025-04-01
2025040105016608,NRIC,62,60,16.0,1310.1,20961.6,2025-04-01
2025040105016607,STC,44,42,10.0,5245.0,52450.0,2025-04-01
2025040103011108,RSDC,62,4,419.0,726.8,304529.2,2025-04-01
2025040103011107,RSDC,62,42,10.0,726.0,7260.0,2025-04-01
2025040103011106,RSDC,62,54,50.0,726.0,36300.0,2025-04-01
2025040103011105,RSDC,62,42,21.0,725.9,15243.9,2025-04-01
2025040103011104,NABBC,20,56,24.0,1766.9,42405.6,2025-04-01
2025040103011103,NABBC,20,56,100.0,1765.0,176500.0,2025-04-01
2025040103011102,NABBC,20,56,63.0,1764.0,111132.0,2025-04-01
2025040103011101,NABBC,20,16,13.0,1763.0,22919.0,2025-04-01
2025040105016606,SHIVM,72,16,10.0,534.0,5340.0,2025-04-01
2025040103011100,SAPDBL,1,35,19.0,1078.0,20482.0,2025-04-01
2025040103011099,SAPDBL,51,38,123.0,1087.0,133701.0,2025-04-01
2025040103011098,SAPDBL,51,42,54.0,1085.0,58590.0,2025-04-01
2025040103011097,SAPDBL,51,56,20.0,1084.0,21680.0,2025-04-01
2025040103011096,SAPDBL,51,58,13.0,1083.0,14079.0,2025-04-01
2025040103011095,SAPDBL,51,50,10.0,1083.0,10830.0,2025-04-01
2025040104014041,LEC,48,1,140.0,212.0,29680.0,2025-04-01
2025040104014040,LEC,48,44,100.0,212.0,21200.0,2025-04-01
2025040104014039,LEC,48,45,10.0,212.0,2120.0,2025-04-01
2025040104014038,KKHC,72,25,10.0,352.0,3520.0,2025-04-01
2025040104014037,KKHC,19,25,20.0,352.1,7042.0,2025-04-01
2025040105016605,NIFRA,49,49,33.0,274.0,9042.0,2025-04-01
2025040103011094,SJLIC,52,49,110.0,443.2,48752.0,2025-04-01
2025040103011093,RSDC,39,42,10.0,725.9,7259.0,2025-04-01
2025040101014730,MCHL,38,39,760.0,585.1,444676.0,2025-04-01
2025040101014729,MCHL,17,39,100.0,585.2,58520.0,2025-04-01
2025040101014728,MCHL,3,39,20.0,585.3,11706.0,2025-04-01
2025040101014727,MCHL,57,39,100.0,586.0,58600.0,2025-04-01
2025040101014726,MCHL,3,39,20.0,586.0,11720.0,2025-04-01
2025040104014036,RADHI,3,57,470.0,407.0,191290.0,2025-04-01
2025040101014725,HIDCLP,28,44,3529.0,181.4,640160.6,2025-04-01
2025040101014724,HIDCLP,28,54,100.0,181.1,18110.0,2025-04-01
2025040101014723,HIDCLP,28,18,500.0,181.1,90550.0,2025-04-01
2025040101014722,HIDCLP,28,42,2000.0,181.0,362000.0,2025-04-01
2025040101014721,HIDCLP,28,29,100.0,181.0,18100.0,2025-04-01
2025040101014720,HIDCLP,28,41,15.0,181.0,2715.0,2025-04-01
2025040101014719,HIDCLP,28,29,600.0,181.0,108600.0,2025-04-01
2025040101014718,HIDCLP,28,34,50.0,180.9,9045.0,2025-04-01
2025040101014717,HIDCLP,28,29,100.0,180.8,18080.0,2025-04-01
2025040101014716,HIDCLP,28,34,15.0,180.8,2712.0,2025-04-01
2025040101014715,HIDCLP,28,55,1000.0,180.5,180500.0,2025-04-01
2025040101014714,HIDCLP,28,34,300.0,180.5,54150.0,2025-04-01
2025040101014713,HIDCLP,28,55,5000.0,180.0,900000.0,2025-04-01
2025040101014712,HIDCLP,28,32,50.0,180.0,9000.0,2025-04-01
2025040101014711,HIDCLP,28,60,1500.0,180.0,270000.0,2025-04-01
2025040101014710,HIDCLP,28,34,5000.0,180.0,900000.0,2025-04-01
2025040101014709,HIDCLP,28,83,20.0,180.0,3600.0,2025-04-01
2025040101014708,HIDCLP,28,42,2000.0,180.0,360000.0,2025-04-01
2025040101014707,HIDCLP,28,66,555.0,180.0,99900.0,2025-04-01
2025040101014706,HIDCLP,28,58,10.0,180.0,1800.0,2025-04-01
2025040101014705,HIDCLP,28,38,40.0,180.0,7200.0,2025-04-01
2025040101014704,HIDCLP,28,42,170.0,179.9,30583.0,2025-04-01
2025040101014703,HIDCLP,28,34,950.0,179.4,170430.0,2025-04-01
2025040101014702,HIDCLP,28,8,1396.0,179.3,250302.8,2025-04-01
2025040105016604,NRIC,84,38,10.0,1311.0,13110.0,2025-04-01
2025040101014701,IHL,81,82,20.0,688.0,13760.0,2025-04-01
2025040103011092,GMFIL,42,41,10.0,511.9,5119.0,2025-04-01
2025040104014035,AKJCL,42,55,100.0,205.0,20500.0,2025-04-01
2025040104014034,AHPC,57,45,50.0,252.0,12600.0,2025-04-01
2025040104014033,JOSHI,42,52,10.0,384.1,3841.0,2025-04-01
2025040103011091,GILB,75,47,10.0,1274.0,12740.0,2025-04-01
2025040103011090,ALICL,5,77,190.0,762.0,144780.0,2025-04-01
2025040101014700,MEHL,5,48,20.0,553.0,11060.0,2025-04-01
2025040105016603,NSIF2,48,56,100.0,10.24,1024.0,2025-04-01
2025040103011089,MLBSL,58,45,10.0,2244.9,22449.0,2025-04-01
2025040105016602,NRIC,62,64,250.0,1310.1,327525.0,2025-04-01
2025040105016601,HRL,58,49,100.0,1017.1,101710.0,2025-04-01
2025040104014032,UMHL,65,62,10.0,441.0,4410.0,2025-04-01
2025040104014031,SPDL,29,21,10.0,324.0,3240.0,2025-04-01
2025040101014699,MKJC,34,39,10.0,545.7,5457.0,2025-04-01
2025040103011088,PFL,88,36,10.0,432.0,4320.0,2025-04-01
2025040105016600,SMJC,46,77,50.0,580.0,29000.0,2025-04-01
2025040105016599,SMJC,46,77,40.0,580.0,23200.0,2025-04-01
2025040105016598,SMJC,34,77,50.0,580.0,29000.0,2025-04-01
2025040105016597,SMJC,32,77,40.0,580.0,23200.0,2025-04-01
2025040105016596,SMJC,5,77,188.0,580.0,109040.0,2025-04-01
2025040104014030,UPCL,22,63,10.0,288.0,2880.0,2025-04-01
2025040105016595,SAHAS,21,77,83.0,503.0,41749.0,2025-04-01
2025040105016594,SAHAS,38,77,117.0,503.1,58862.7,2025-04-01
2025040105016593,GCIL,53,38,10.0,550.0,5500.0,2025-04-01
2025040105016592,GCIL,53,62,10.0,550.0,5500.0,2025-04-01
2025040101014698,PRVU,42,57,200.0,212.0,42400.0,2025-04-01
2025040105016591,GCIL,53,56,450.0,550.0,247500.0,2025-04-01
2025040105016590,GCIL,53,58,15.0,547.0,8205.0,2025-04-01
2025040103011087,GLBSL,42,57,84.0,2940.9,247035.6,2025-04-01
2025040103011086,GLBSL,71,57,10.0,2942.1,29421.0,2025-04-01
2025040103011085,GLBSL,11,57,100.0,2945.0,294500.0,2025-04-01
2025040103011084,GLBSL,14,57,10.0,2945.2,29452.0,2025-04-01
2025040103011083,GLBSL,38,57,46.0,2945.2,135479.2,2025-04-01
2025040104014029,HPPL,35,32,10.0,622.0,6220.0,2025-04-01
2025040104014028,UMHL,35,62,100.0,441.0,44100.0,2025-04-01
2025040105016589,MEL,66,47,10.0,324.1,3241.0,2025-04-01
2025040103011082,KSBBL,14,37,11.0,435.0,4785.0,2025-04-01
2025040105016588,NRIC,62,14,205.0,1310.1,268570.5,2025-04-01
2025040105016587,ILI,49,58,15.0,465.5,6982.5,2025-04-01
2025040105016586,ILI,49,45,225.0,465.5,104737.5,2025-04-01
2025040103011081,LBBL,36,48,136.0,426.9,58058.4,2025-04-01
2025040103011080,LBBL,36,32,454.0,425.0,192950.0,2025-04-01
2025040101014697,RHGCL,3,55,270.0,544.0,146880.0,2025-04-01
2025040103011079,PFL,42,52,15.0,431.3,6469.5,2025-04-01
2025040101014696,EBL,42,16,18.0,601.0,10818.0,2025-04-01
2025040105016585,ILI,36,38,10.0,465.1,4651.0,2025-04-01
2025040104014027,UAIL,38,21,50.0,644.0,32200.0,2025-04-01
2025040104014026,UAIL,38,45,48.0,643.9,30907.2,2025-04-01
2025040105016584,HATHY,38,7,50.0,1307.0,65350.0,2025-04-01
2025040101014695,MKHC,45,75,10.0,518.0,5180.0,2025-04-01
2025040104014025,UPPER,45,50,499.0,200.9,100249.1,2025-04-01
2025040105016583,BBC,97,19,16.0,5848.9,93582.4,2025-04-01
2025040105016582,BBC,97,56,14.0,5848.0,81872.0,2025-04-01
2025040101014694,GMLI,58,7,10.0,2579.8,25798.0,2025-04-01
2025040105016581,HDL,66,49,67.0,1210.0,81070.0,2025-04-01
2025040105016580,HDL,66,45,100.0,1209.9,120990.0,2025-04-01
2025040105016579,HDL,66,57,190.0,1209.8,229862.0,2025-04-01
2025040105016578,HDL,66,22,43.0,1209.7,52017.1,2025-04-01
2025040105016577,HDL,66,42,30.0,1209.0,36270.0,2025-04-01
2025040105016576,HDL,66,35,50.0,1207.0,60350.0,2025-04-01
2025040105016575,HDL,66,56,20.0,1205.0,24100.0,2025-04-01
2025040105016574,HDL,66,16,500.0,1205.0,602500.0,2025-04-01
2025040101014693,BEDC,51,41,175.0,791.0,138425.0,2025-04-01
2025040101014692,BEDC,51,41,75.0,791.0,59325.0,2025-04-01
2025040104014024,AHPC,69,34,20.0,253.0,5060.0,2025-04-01
2025040104014023,UMRH,69,5,10.0,610.9,6109.0,2025-04-01
2025040104014022,SGIC,32,26,315.0,591.0,186165.0,2025-04-01
2025040104014021,SGIC,45,26,100.0,591.0,59100.0,2025-04-01
2025040104014020,SGIC,60,26,50.0,591.1,29555.0,2025-04-01
2025040104014019,SGIC,52,26,15.0,591.2,8868.0,2025-04-01
2025040104014018,SGIC,52,26,20.0,591.5,11830.0,2025-04-01
2025040104014017,AKPL,28,6,200.0,229.0,45800.0,2025-04-01
2025040104014016,PMHPL,29,51,30.0,297.7,8931.0,2025-04-01
2025040104014015,PMHPL,29,41,20.0,295.0,5900.0,2025-04-01
2025040103011078,EDBL,34,1,11.0,638.9,7027.9,2025-04-01
2025040101014691,MBL,34,45,100.0,226.5,22650.0,2025-04-01
2025040104014014,CHL,34,21,10.0,491.0,4910.0,2025-04-01
2025040105016573,NRIC,22,38,18.0,1311.0,23598.0,2025-04-01
2025040105016572,NRM,58,57,500.0,502.1,251050.0,2025-04-01
2025040101014690,DOLTI,28,57,60.0,692.0,41520.0,2025-04-01
2025040104014013,AKJCL,48,35,798.0,204.5,163191.0,2025-04-01
2025040104014012,UNHPL,34,43,200.0,313.5,62700.0,2025-04-01
2025040103011077,CORBL,43,37,50.0,1801.1,90055.0,2025-04-01
2025040103011076,NUBL,51,41,10.0,684.0,6840.0,2025-04-01
2025040101014689,EBL,81,16,32.0,601.0,19232.0,2025-04-01
2025040104014011,SPDL,70,21,115.0,324.0,37260.0,2025-04-01
2025040101014688,USHEC,38,57,10.0,605.0,6050.0,2025-04-01
2025040101014687,USHEC,38,89,90.0,605.0,54450.0,2025-04-01
2025040105016571,HRL,16,49,300.0,1017.1,305130.0,2025-04-01
2025040103011075,ALICL,85,77,10.0,762.0,7620.0,2025-04-01
2025040101014686,CZBIL,74,45,344.0,210.4,72377.6,2025-04-01
2025040101014685,CZBIL,13,45,100.0,210.5,21050.0,2025-04-01
2025040101014684,CZBIL,36,45,556.0,210.5,117038.0,2025-04-01
2025040103011074,MDB,91,70,30.0,633.0,18990.0,2025-04-01
2025040101014683,GVL,52,32,100.0,455.1,45510.0,2025-04-01
2025040101014682,SRLI,34,66,325.0,416.0,135200.0,2025-04-01
2025040101014681,MKCL,56,48,10.0,1610.0,16100.0,2025-04-01
2025040101014680,NYADI,41,62,50.0,608.0,30400.0,2025-04-01
2025040101014679,NYADI,41,45,50.0,608.0,30400.0,2025-04-01
2025040101014678,SBI,17,41,164.0,414.0,67896.0,2025-04-01
2025040101014677,SBI,66,41,36.0,415.0,14940.0,2025-04-01
2025040105016570,NRIC,41,6,20.0,1311.0,26220.0,2025-04-01
2025040101014676,SNLI,49,54,12.0,646.0,7752.0,2025-04-01
2025040101014675,BNHC,94,43,10.0,515.3,5153.0,2025-04-01
2025040103011073,ACLBSL,55,49,90.0,1090.0,98100.0,2025-04-01
2025040103011072,ACLBSL,55,44,100.0,1090.0,109000.0,2025-04-01
2025040103011071,ACLBSL,55,50,20.0,1088.6,21772.0,2025-04-01
2025040103011070,ACLBSL,55,16,30.0,1088.0,32640.0,2025-04-01
2025040103011069,ACLBSL,55,38,20.0,1087.0,21740.0,2025-04-01
2025040103011068,ACLBSL,55,55,40.0,1086.0,43440.0,2025-04-01
2025040103011067,GRDBL,91,1,61.0,1318.0,80398.0,2025-04-01
2025040104014010,HPPL,81,58,500.0,621.0,310500.0,2025-04-01
2025040101014674,NIMBPO,45,6,477.0,154.0,73458.0,2025-04-01
2025040101014673,NIMBPO,11,6,200.0,154.1,30820.0,2025-04-01
2025040101014672,NIMBPO,52,6,200.0,154.2,30840.0,2025-04-01
2025040105016569,HRL,1,49,500.0,1017.1,508550.0,2025-04-01
2025040101014671,SPHL,60,49,10.0,800.0,8000.0,2025-04-01
2025040103011066,SMPDA,38,62,12.0,940.1,11281.2,2025-04-01
2025040103011065,SMPDA,22,62,13.0,940.2,12222.6,2025-04-01
2025040103011064,SMPDA,48,62,10.0,941.0,9410.0,2025-04-01
2025040105016568,SMJC,35,38,10.0,583.0,5830.0,2025-04-01
2025040105016567,NRIC,59,6,10.0,1311.0,13110.0,2025-04-01
2025040105016566,NRN,43,75,10.0,1612.0,16120.0,2025-04-01
2025040101014670,GMLI,58,43,10.0,2579.8,25798.0,2025-04-01
2025040101014669,MKHC,46,75,500.0,518.0,259000.0,2025-04-01
2025040105016565,NRN,8,75,18.0,1612.0,29016.0,2025-04-01
2025040105016564,NRN,8,58,10.0,1612.0,16120.0,2025-04-01
2025040105016563,NRN,8,49,12.0,1612.0,19344.0,2025-04-01
2025040105016562,NRN,8,71,10.0,1612.0,16120.0,2025-04-01
2025040105016561,NRN,8,81,450.0,1612.0,725400.0,2025-04-01
2025040103011063,SINDU,49,63,12.0,1137.0,13644.0,2025-04-01
2025040104014009,HPPL,81,45,10.0,621.0,6210.0,2025-04-01
2025040101014668,SPC,75,74,20.0,549.9,10998.0,2025-04-01
2025040104014008,CHL,35,99,200.0,489.1,97820.0,2025-04-01
2025040104014007,SHPC,58,6,20.0,475.0,9500.0,2025-04-01
2025040103011062,SLBBL,92,22,10.0,967.1,9671.0,2025-04-01
2025040103011061,MATRI,14,42,30.0,1257.0,37710.0,2025-04-01
2025040103011060,MATRI,14,13,10.0,1255.0,12550.0,2025-04-01
2025040103011059,MATRI,14,42,60.0,1254.0,75240.0,2025-04-01
2025040101014667,BEDC,8,6,20.0,796.0,15920.0,2025-04-01
2025040105016560,CHDC,11,19,70.0,2381.1,166677.0,2025-04-01
2025040104014006,LEC,36,42,30.0,211.4,6342.0,2025-04-01
2025040103011058,PMLI,13,49,10.0,558.2,5582.0,2025-04-01
2025040101014666,RFPL,52,47,10.0,699.0,6990.0,2025-04-01
2025040103011057,PFL,34,52,18.0,431.3,7763.4,2025-04-01
2025040101014665,NYADI,50,45,100.0,608.0,60800.0,2025-04-01
2025040104014005,GHL,38,50,80.0,278.5,22280.0,2025-04-01
2025040103011056,DDBL,55,83,237.0,778.0,184386.0,2025-04-01
2025040103011055,GBBL,16,29,300.0,392.5,117750.0,2025-04-01
2025040103011054,GBBL,34,29,590.0,392.5,231575.0,2025-04-01
2025040103011053,GBBL,94,29,110.0,392.6,43186.0,2025-04-01
2025040104014004,HDHPC,44,54,20.0,200.0,4000.0,2025-04-01
2025040101014664,PPL,34,56,20.0,536.0,10720.0,2025-04-01
2025040103011052,SFCL,38,58,198.0,542.1,107335.8,2025-04-01
2025040103011051,SFCL,57,58,100.0,542.5,54250.0,2025-04-01
2025040103011050,SFCL,57,58,220.0,543.0,119460.0,2025-04-01
2025040103011049,SFCL,67,58,20.0,543.0,10860.0,2025-04-01
2025040103011048,SFCL,1,58,50.0,544.0,27200.0,2025-04-01
2025040103011047,SFCL,35,58,12.0,544.0,6528.0,2025-04-01
2025040103011046,JSLBB,34,45,10.0,1483.9,14839.0,2025-04-01
2025040104014003,HDHPC,58,25,599.0,199.6,119560.4,2025-04-01
2025040104014002,LEC,36,13,1200.0,211.4,253680.0,2025-04-01
2025040101014663,HHL,77,42,10.0,498.0,4980.0,2025-04-01
2025040105016559,SMJC,16,38,10.0,583.0,5830.0,2025-04-01
2025040105016558,HDL,66,45,90.0,1203.0,108270.0,2025-04-01
2025040105016557,HDL,52,45,10.0,1203.1,12031.0,2025-04-01
2025040101014662,MHCL,7,58,10.0,517.9,5179.0,2025-04-01
2025040101014661,MHCL,7,38,10.0,515.5,5155.0,2025-04-01
2025040103011045,LICN,29,5,100.0,1013.2,101320.0,2025-04-01
2025040101014660,NYADI,41,6,100.0,608.0,60800.0,2025-04-01
2025040101014659,ADBL,57,34,17.0,289.1,4914.7,2025-04-01
2025040105016556,GCIL,49,58,10.0,547.0,5470.0,2025-04-01
2025040101014658,BHDC,39,38,1.0,583.1,583.1,2025-04-01
2025040101014657,AHL,8,41,10.0,738.9,7389.0,2025-04-01
2025040104014001,RADHI,21,57,30.0,407.0,12210.0,2025-04-01
2025040103011044,MNBBL,52,49,30.0,365.3,10959.0,2025-04-01
2025040104014000,HPPL,81,57,500.0,621.0,310500.0,2025-04-01
2025040104013999,NICL,48,42,136.0,830.0,112880.0,2025-04-01
2025040101014656,GMLI,58,38,10.0,2579.8,25798.0,2025-04-01
2025040101014655,NIMB,58,38,140.0,210.6,29484.0,2025-04-01
2025040101014654,GBIME,41,45,69.0,218.0,15042.0,2025-04-01
2025040101014653,GBIME,56,45,15.0,218.0,3270.0,2025-04-01
2025040101014652,GBIME,57,45,28.0,218.0,6104.0,2025-04-01
2025040101014651,GBIME,34,45,688.0,218.0,149984.0,2025-04-01
2025040101014650,GBIME,14,45,200.0,218.1,43620.0,2025-04-01
2025040105016555,HRL,75,13,20.0,1017.0,20340.0,2025-04-01
2025040101014649,NABIL,51,7,42.0,484.8,20361.6,2025-04-01
2025040104013998,GHL,52,63,100.0,279.0,27900.0,2025-04-01
2025040104013997,SPDL,48,11,100.0,320.9,32090.0,2025-04-01
2025040104013996,CGH,16,11,45.0,862.0,38790.0,2025-04-01
2025040104013995,CGH,34,11,55.0,862.0,47410.0,2025-04-01
2025040104013994,CGH,38,11,100.0,862.0,86200.0,2025-04-01
2025040101014648,BEDC,51,64,250.0,791.0,197750.0,2025-04-01
2025040101014647,SPC,4,74,20.0,549.9,10998.0,2025-04-01
2025040101014646,SPC,4,25,80.0,549.9,43992.0,2025-04-01
2025040101014645,ULHC,34,33,400.0,523.0,209200.0,2025-04-01
2025040101014644,MBL,42,53,25.0,226.0,5650.0,2025-04-01
2025040105016554,SHIVM,50,35,62.0,532.0,32984.0,2025-04-01
2025040105016553,SHIVM,45,35,100.0,532.0,53200.0,2025-04-01
2025040105016552,SHIVM,29,35,38.0,533.0,20254.0,2025-04-01
2025040105016551,NTC,56,48,89.0,901.0,80189.0,2025-04-01
2025040105016550,NTC,38,48,11.0,901.1,9912.1,2025-04-01
2025040103011043,JFL,46,41,10.0,511.0,5110.0,2025-04-01
2025040105016549,HATHY,54,57,40.0,1306.1,52244.0,2025-04-01
2025040104013993,UNHPL,49,21,10.0,314.5,3145.0,2025-04-01
2025040101014643,EBL,42,33,94.0,600.0,56400.0,2025-04-01
2025040101014642,EBL,45,33,10.0,600.0,6000.0,2025-04-01
2025040101014641,EBL,52,33,19.0,600.0,11400.0,2025-04-01
2025040101014640,EBL,38,33,100.0,600.0,60000.0,2025-04-01
2025040101014639,EBL,43,33,110.0,600.0,66000.0,2025-04-01
2025040101014638,EBL,34,33,50.0,600.0,30000.0,2025-04-01
2025040101014637,EBL,14,33,500.0,600.0,300000.0,2025-04-01
2025040101014636,EBL,11,33,50.0,600.0,30000.0,2025-04-01
2025040101014635,EBL,56,33,50.0,600.0,30000.0,2025-04-01
2025040101014634,EBL,1,33,30.0,600.0,18000.0,2025-04-01
2025040101014633,EBL,14,33,100.0,600.0,60000.0,2025-04-01
2025040101014632,EBL,50,33,407.0,600.0,244200.0,2025-04-01
2025040101014631,ULBSL,38,38,10.0,3250.0,32500.0,2025-04-01
2025040101014630,BGWT,45,44,35.0,1020.0,35700.0,2025-04-01
2025040105016548,GCIL,13,56,50.0,550.0,27500.0,2025-04-01
2025040104013992,HEI,67,36,643.0,600.0,385800.0,2025-04-01
2025040104013991,HEI,67,52,357.0,599.9,214164.3,2025-04-01
2025040104013990,RIDI,11,57,154.0,222.0,34188.0,2025-04-01
2025040101014629,ULHC,26,26,303.0,521.2,157923.6,2025-04-01
2025040101014628,ULHC,55,26,500.0,521.3,260650.0,2025-04-01
2025040101014627,ULHC,62,26,47.0,521.3,24501.1,2025-04-01
2025040101014626,ULHC,48,26,100.0,521.5,52150.0,2025-04-01
2025040101014625,ULHC,14,26,50.0,521.6,26080.0,2025-04-01
2025040101014624,KDL,17,39,10.0,1119.9,11199.0,2025-04-01
2025040103011042,LICN,37,43,50.0,1013.5,50675.0,2025-04-01
2025040104013989,RURU,58,21,11.0,726.0,7986.0,2025-04-01
2025040104013988,RURU,58,45,19.0,725.0,13775.0,2025-04-01
2025040101014623,SPHL,74,49,10.0,800.0,8000.0,2025-04-01
2025040101014622,NIMB,58,25,622.0,210.6,130993.2,2025-04-01
2025040105016547,HATHY,54,51,24.0,1306.1,31346.4,2025-04-01
2025040103011041,ALICL,62,57,365.0,757.7,276560.5,2025-04-01
2025040103011040,ALICL,57,57,35.0,760.0,26600.0,2025-04-01
2025040104013987,SPDL,33,21,10.0,324.0,3240.0,2025-04-01
2025040101014621,TVCL,86,47,450.0,529.7,238365.0,2025-04-01
2025040101014620,TVCL,86,59,500.0,528.9,264450.0,2025-04-01
2025040101014619,TVCL,86,26,100.0,528.8,52880.0,2025-04-01
2025040101014618,TVCL,86,45,940.0,528.0,496320.0,2025-04-01
2025040101014617,TVCL,86,53,10.0,528.0,5280.0,2025-04-01
2025040101014616,SGHC,58,41,300.0,549.9,164970.0,2025-04-01
2025040101014615,SGHC,58,29,100.0,549.0,54900.0,2025-04-01
2025040101014614,SAMAJ,49,67,40.0,2575.0,103000.0,2025-04-01
2025040101014613,SAMAJ,58,67,10.0,2576.0,25760.0,2025-04-01
2025040101014612,SAMAJ,49,67,14.0,2580.0,36120.0,2025-04-01
2025040101014611,SAMAJ,16,67,10.0,2590.0,25900.0,2025-04-01
2025040101014610,SAMAJ,49,67,46.0,2590.0,119140.0,2025-04-01
2025040101014609,NABIL,56,22,20.0,484.9,9698.0,2025-04-01
2025040101014608,MANDU,42,54,10.0,885.0,8850.0,2025-04-01
2025040104013986,SPDL,29,21,10.0,324.0,3240.0,2025-04-01
2025040105016546,NRIC,21,6,100.0,1311.0,131100.0,2025-04-01
2025040105016545,NRIC,55,6,170.0,1311.0,222870.0,2025-04-01
2025040101014607,ADBL,57,17,26.0,289.1,7516.6,2025-04-01
2025040103011039,GRDBL,91,72,1000.0,1318.1,1318100.0,2025-04-01
2025040103011038,GRDBL,66,72,200.0,1318.1,263620.0,2025-04-01
2025040103011037,NLIC,40,57,35.0,785.0,27475.0,2025-04-01
2025040103011036,NLIC,40,40,51.0,785.0,40035.0,2025-04-01
2025040103011035,NLIC,40,44,10.0,784.9,7849.0,2025-04-01
2025040103011034,NLIC,40,49,100.0,784.0,78400.0,2025-04-01
2025040103011033,NLIC,40,92,33.0,783.9,25868.7,2025-04-01
2025040103011032,NLIC,40,32,100.0,783.0,78300.0,2025-04-01
2025040103011031,NLIC,40,21,171.0,783.0,133893.0,2025-04-01
2025040104013985,AKPL,28,43,300.0,229.0,68700.0,2025-04-01
2025040104013984,AKPL,54,43,200.0,229.0,45800.0,2025-04-01
2025040101014606,SARBTM,35,66,500.0,801.0,400500.0,2025-04-01
2025040105016544,HRL,75,35,190.0,1017.0,193230.0,2025-04-01
2025040105016543,HRL,38,35,10.0,1018.0,10180.0,2025-04-01
2025040105016542,CHDC,3,19,10.0,2386.0,23860.0,2025-04-01
2025040105016541,CHDC,11,19,30.0,2381.1,71433.0,2025-04-01
2025040105016540,CHDC,60,19,20.0,2381.2,47624.0,2025-04-01
2025040105016539,MBJC,28,42,50.0,323.8,16190.0,2025-04-01
2025040105016538,HRL,75,45,104.0,1017.0,105768.0,2025-04-01
2025040105016537,HRL,32,45,81.0,1017.0,82377.0,2025-04-01
2025040105016536,HRL,69,81,50.0,1019.9,50995.0,2025-04-01
2025040105016535,HRL,69,67,30.0,1019.9,30597.0,2025-04-01
2025040105016534,HRL,69,58,10.0,1019.0,10190.0,2025-04-01
2025040105016533,HRL,69,49,10.0,1019.0,10190.0,2025-04-01
2025040104013983,RADHI,77,17,32.0,409.9,13116.8,2025-04-01
2025040104013982,RADHI,77,54,1000.0,409.0,409000.0,2025-04-01
2025040104013981,RADHI,77,6,1000.0,409.0,409000.0,2025-04-01
2025040104013980,RADHI,77,32,350.0,408.9,143115.0,2025-04-01
2025040104013979,RADHI,77,59,1000.0,408.9,408900.0,2025-04-01
2025040104013978,RADHI,77,42,90.0,408.9,36801.0,2025-04-01
2025040104013977,RADHI,77,40,25.0,408.8,10220.0,2025-04-01
2025040104013976,RADHI,77,6,980.0,408.8,400624.0,2025-04-01
2025040104013975,RADHI,77,43,50.0,408.8,20440.0,2025-04-01
2025040104013974,RADHI,77,32,30.0,408.7,12261.0,2025-04-01
2025040104013973,RADHI,77,7,100.0,408.7,40870.0,2025-04-01
2025040104013972,RADHI,77,55,13.0,408.7,5313.1,2025-04-01
2025040104013971,RADHI,77,71,200.0,408.6,81720.0,2025-04-01
2025040104013970,RADHI,77,59,280.0,408.0,114240.0,2025-04-01
2025040104013969,RADHI,77,16,140.0,408.0,57120.0,2025-04-01
2025040104013968,RADHI,77,74,300.0,408.0,122400.0,2025-04-01
2025040104013967,RADHI,77,45,50.0,408.0,20400.0,2025-04-01
2025040104013966,RADHI,77,22,40.0,408.0,16320.0,2025-04-01
2025040104013965,RADHI,77,3,150.0,408.0,61200.0,2025-04-01
2025040104013964,RADHI,77,32,140.0,408.0,57120.0,2025-04-01
2025040104013963,RADHI,77,74,20.0,407.9,8158.0,2025-04-01
2025040104013962,RADHI,77,35,10.0,407.5,4075.0,2025-04-01
2025040105016532,SAHAS,38,58,21.0,503.1,10565.1,2025-04-01
2025040105016531,CHDC,39,19,11.0,2386.0,26246.0,2025-04-01
2025040104013961,IGI,57,1,200.0,572.0,114400.0,2025-04-01
2025040101014605,ADBL,57,32,10.0,289.1,2891.0,2025-04-01
2025040101014604,TPC,17,49,163.0,535.0,87205.0,2025-04-01
2025040101014603,TPC,17,49,909.0,535.0,486315.0,2025-04-01
2025040101014602,TPC,29,49,25.0,535.0,13375.0,2025-04-01
2025040101014601,TPC,81,49,50.0,535.0,26750.0,2025-04-01
2025040101014600,TPC,6,49,93.0,535.1,49764.3,2025-04-01
2025040101014599,TPC,35,49,500.0,536.0,268000.0,2025-04-01
2025040101014598,TPC,11,49,130.0,536.0,69680.0,2025-04-01
2025040101014597,TPC,5,49,100.0,536.1,53610.0,2025-04-01
2025040101014596,TPC,13,49,30.0,536.5,16095.0,2025-04-01
2025040104013960,AHPC,8,21,200.0,252.0,50400.0,2025-04-01
2025040104013959,AHPC,52,21,197.0,252.0,49644.0,2025-04-01
2025040105016530,NRM,58,21,100.0,502.1,50210.0,2025-04-01
2025040101014595,CZBIL,36,91,1000.0,210.5,210500.0,2025-04-01
2025040104013958,AKPL,1,38,10.0,229.2,2292.0,2025-04-01
2025040105016529,HRL,38,49,100.0,1019.0,101900.0,2025-04-01
2025040101014594,RHGCL,35,32,100.0,544.0,54400.0,2025-04-01
2025040104013957,UNHPL,34,26,100.0,313.5,31350.0,2025-04-01
2025040104013956,UNHPL,38,26,300.0,314.0,94200.0,2025-04-01
2025040101014593,SRLI,34,43,557.0,416.0,231712.0,2025-04-01
2025040101014592,SRLI,57,43,100.0,416.1,41610.0,2025-04-01
2025040101014591,SRLI,45,43,100.0,416.1,41610.0,2025-04-01
2025040101014590,SRLI,38,43,65.0,416.2,27053.0,2025-04-01
2025040101014589,SRLI,44,43,100.0,416.2,41620.0,2025-04-01
2025040101014588,SRLI,42,43,1000.0,416.2,416200.0,2025-04-01
2025040101014587,SRLI,14,43,39.0,416.2,16231.8,2025-04-01
2025040101014586,PRVU,58,53,322.0,212.4,68392.8,2025-04-01
2025040105016528,VLUCL,86,43,20.0,674.0,13480.0,2025-04-01
2025040105016527,VLUCL,86,86,30.0,672.0,20160.0,2025-04-01
2025040101014585,ULBSL,1,38,20.0,3240.1,64802.0,2025-04-01
2025040101014584,ULBSL,34,38,10.0,3248.0,32480.0,2025-04-01
2025040101014583,ULBSL,4,38,10.0,3250.0,32500.0,2025-04-01
2025040101014582,ULBSL,92,38,50.0,3250.0,162500.0,2025-04-01
2025040101014581,PRVU,38,53,20.0,212.4,4248.0,2025-04-01
2025040101014580,LSL,58,57,10.0,224.3,2243.0,2025-04-01
2025040103011030,RSDC,39,6,600.0,725.9,435540.0,2025-04-01
2025040105016526,HRL,17,49,40.0,1019.0,40760.0,2025-04-01
2025040104013955,KKHC,34,34,100.0,353.0,35300.0,2025-04-01
2025040104013954,AHPC,52,74,203.0,252.0,51156.0,2025-04-01
2025040104013953,AHPC,8,74,130.0,252.0,32760.0,2025-04-01
2025040104013952,AHPC,16,74,167.0,252.0,42084.0,2025-04-01
2025040101014579,CITY,38,48,133.0,852.0,113316.0,2025-04-01
2025040101014578,NESDO,42,58,10.0,1825.0,18250.0,2025-04-01
2025040101014577,MEHL,16,48,10.0,553.0,5530.0,2025-04-01
2025040104013951,UPCL,91,59,190.0,287.4,54606.0,2025-04-01
2025040103011029,SINDU,47,45,50.0,1136.0,56800.0,2025-04-01
2025040103011028,SINDU,58,45,100.0,1136.0,113600.0,2025-04-01
2025040103011027,SINDU,58,45,35.0,1136.0,39760.0,2025-04-01
2025040103011026,SINDU,42,45,10.0,1137.0,11370.0,2025-04-01
2025040104013950,GHL,38,49,44.0,278.4,12249.6,2025-04-01
2025040104013949,CHCL,92,58,230.0,484.0,111320.0,2025-04-01
2025040104013948,CHCL,92,35,1955.0,484.0,946220.0,2025-04-01
2025040105016525,CIT,74,41,30.0,1980.0,59400.0,2025-04-01
2025040105016524,CIT,45,41,20.0,1980.0,39600.0,2025-04-01
2025040101014576,SCB,42,32,30.0,630.1,18903.0,2025-04-01
2025040101014575,SCB,40,32,20.0,630.1,12602.0,2025-04-01
2025040101014574,DORDI,34,26,36.0,379.0,13644.0,2025-04-01
2025040101014573,DORDI,34,26,64.0,380.0,24320.0,2025-04-01
2025040104013947,JOSHI,29,5,10.0,385.0,3850.0,2025-04-01
2025040103011025,SFCL,35,29,200.0,544.0,108800.0,2025-04-01
2025040103011024,SFCL,16,29,50.0,544.9,27245.0,2025-04-01
2025040101014572,SPC,44,17,50.0,539.0,26950.0,2025-04-01
2025040101014571,UHEWA,5,55,100.0,748.5,74850.0,2025-04-01
2025040105016523,NRN,35,81,30.0,1612.0,48360.0,2025-04-01
2025040101014570,TAMOR,48,42,10.0,519.0,5190.0,2025-04-01
2025040101014569,TAMOR,48,64,55.0,519.0,28545.0,2025-04-01
2025040101014568,SGHC,58,29,360.0,549.0,197640.0,2025-04-01
2025040101014567,SGHC,58,7,40.0,547.0,21880.0,2025-04-01
2025040104013946,SHEL,58,42,20.0,252.0,5040.0,2025-04-01
2025040101014566,LSL,58,57,557.0,224.5,125046.5,2025-04-01
2025040103011023,MLBL,36,16,1353.0,396.0,535788.0,2025-04-01
2025040103011022,NICLBSL,19,44,20.0,650.1,13002.0,2025-04-01
2025040104013945,RADHI,21,101,100.0,407.0,40700.0,2025-04-01
2025040104013944,BARUN,42,82,50.0,506.9,25345.0,2025-04-01
2025040103011021,JBBL,51,16,126.0,340.1,42852.6,2025-04-01
2025040103011020,JBBL,7,16,74.0,340.1,25167.4,2025-04-01
2025040101014565,ADBL,49,7,321.0,289.0,92769.0,2025-04-01
2025040103011019,NFS,48,45,500.0,700.1,350050.0,2025-04-01
2025040104013943,CHL,35,45,20.0,489.1,9782.0,2025-04-01
2025040104013942,CHL,53,45,230.0,489.2,112516.0,2025-04-01
2025040101014564,PRVU,42,5,305.0,212.0,64660.0,2025-04-01
2025040101014563,PRVU,98,5,10.0,212.3,2123.0,2025-04-01
2025040101014562,SBI,56,36,176.0,418.0,73568.0,2025-04-01
2025040101014561,SBI,56,11,100.0,418.0,41800.0,2025-04-01
2025040101014560,SBI,56,75,1195.0,418.0,499510.0,2025-04-01
2025040101014559,SBI,56,34,100.0,418.0,41800.0,2025-04-01
2025040101014558,SBI,56,51,1390.0,417.9,580881.0,2025-04-01
2025040101014557,SBI,56,54,989.0,417.0,412413.0,2025-04-01
2025040101014556,SBI,56,58,50.0,416.9,20845.0,2025-04-01
2025040105016522,HRL,32,62,19.0,1017.0,19323.0,2025-04-01
2025040105016521,HRL,50,62,151.0,1017.0,153567.0,2025-04-01
2025040105016520,HRL,36,62,130.0,1017.1,132223.0,2025-04-01
2025040105016519,HRL,38,62,100.0,1017.5,101750.0,2025-04-01
2025040104013941,HPPL,91,1,20.0,620.0,12400.0,2025-04-01
2025040101014555,KBSH,49,36,10.0,2336.1,23361.0,2025-04-01
2025040101014554,KBSH,38,36,10.0,2336.2,23362.0,2025-04-01
2025040101014553,MKCL,60,77,51.0,1603.0,81753.0,2025-04-01
2025040101014552,MSHL,22,70,10.0,914.0,9140.0,2025-04-01
2025040101014551,DORDI,34,68,436.0,380.0,165680.0,2025-04-01
2025040104013940,AHPC,16,39,100.0,252.0,25200.0,2025-04-01
2025040105016518,MBJC,28,57,200.0,323.8,64760.0,2025-04-01
2025040105016517,MBJC,28,42,90.0,323.2,29088.0,2025-04-01
2025040105016516,PHCL,58,6,15.0,585.0,8775.0,2025-04-01
2025040105016515,SAHAS,38,51,62.0,503.1,31192.2,2025-04-01
2025040105016514,NRM,4,34,190.0,504.0,95760.0,2025-04-01
2025040105016513,NRM,4,59,10.0,503.0,5030.0,2025-04-01
2025040104013939,API,94,52,930.0,272.9,253797.0,2025-04-01
2025040104013938,API,94,45,70.0,272.9,19103.0,2025-04-01
2025040105016512,RNLI,44,39,96.0,554.9,53270.4,2025-04-01
2025040105016511,RNLI,44,17,100.0,554.9,55490.0,2025-04-01
2025040105016510,RNLI,44,48,11.0,554.8,6102.8,2025-04-01
2025040105016509,RNLI,44,3,30.0,554.8,16644.0,2025-04-01
2025040105016508,RNLI,44,57,11.0,553.0,6083.0,2025-04-01
2025040105016507,RNLI,44,52,11.0,553.0,6083.0,2025-04-01
2025040105016506,RNLI,44,55,10.0,553.0,5530.0,2025-04-01
2025040105016505,RNLI,44,45,11.0,553.0,6083.0,2025-04-01
2025040105016504,RNLI,44,41,11.0,553.0,6083.0,2025-04-01
2025040105016503,RNLI,44,17,100.0,552.9,55290.0,2025-04-01
2025040105016502,RNLI,44,35,11.0,552.8,6080.8,2025-04-01
2025040105016501,RNLI,44,44,98.0,552.7,54164.6,2025-04-01
2025040103011018,SAPDBL,72,71,95.0,1083.0,102885.0,2025-04-01
2025040105016500,HRL,34,49,50.0,1019.0,50950.0,2025-04-01
2025040105016499,HRL,36,35,20.0,1017.1,20342.0,2025-04-01
2025040105016498,HRL,56,35,500.0,1017.1,508550.0,2025-04-01
2025040104013937,IGI,34,39,50.0,571.0,28550.0,2025-04-01
2025040101014550,PRVU,49,53,100.0,212.4,21240.0,2025-04-01
2025040101014549,DOLTI,58,29,36.0,692.0,24912.0,2025-04-01
2025040105016497,HRL,42,38,31.0,1018.0,31558.0,2025-04-01
2025040105016496,HRL,42,58,10.0,1018.0,10180.0,2025-04-01
2025040101014548,GVL,38,45,94.0,454.8,42751.2,2025-04-01
2025040101014547,GVL,6,45,10.0,455.0,4550.0,2025-04-01
2025040101014546,GVL,4,45,300.0,455.0,136500.0,2025-04-01
2025040101014545,GVL,25,45,96.0,455.0,43680.0,2025-04-01
2025040103011017,GILB,57,56,17.0,1260.0,21420.0,2025-04-01
2025040101014544,SBL,66,18,10.0,289.5,2895.0,2025-04-01
2025040104013936,RADHI,21,44,470.0,407.0,191290.0,2025-04-01
2025040104013935,RADHI,38,44,30.0,407.0,12210.0,2025-04-01
2025040101014543,SRLI,14,17,11.0,416.2,4578.2,2025-04-01
2025040104013934,AKJCL,48,55,100.0,205.0,20500.0,2025-04-01
2025040101014542,SCB,51,21,49.0,631.0,30919.0,2025-04-01
2025040101014541,SCB,51,34,86.0,631.0,54266.0,2025-04-01
2025040101014540,LSL,58,11,300.0,224.5,67350.0,2025-04-01
2025040101014539,LSL,58,67,200.0,224.4,44880.0,2025-04-01
2025040101014538,LSL,58,58,25.0,224.3,5607.5,2025-04-01
2025040101014537,LSL,58,33,1000.0,224.0,224000.0,2025-04-01
2025040101014536,LSL,58,49,450.0,224.0,100800.0,2025-04-01
2025040101014535,LSL,58,46,90.0,223.9,20151.0,2025-04-01
2025040104013933,UPPER,46,34,20.0,200.5,4010.0,2025-04-01
2025040104013932,MHNL,42,1,10.0,265.0,2650.0,2025-04-01
2025040104013931,MHNL,50,1,10.0,265.0,2650.0,2025-04-01
2025040103011016,GRDBL,75,1,100.0,1321.0,132100.0,2025-04-01
2025040101014534,BEDC,51,6,75.0,791.0,59325.0,2025-04-01
2025040101014533,BEDC,77,6,50.0,791.1,39555.0,2025-04-01
2025040101014532,BEDC,45,6,200.0,791.1,158220.0,2025-04-01
2025040101014531,BEDC,28,6,30.0,791.2,23736.0,2025-04-01
2025040101014530,BEDC,57,6,25.0,791.2,19780.0,2025-04-01
2025040101014529,BEDC,45,6,20.0,791.3,15826.0,2025-04-01
2025040104013930,SHL,51,34,100.0,478.1,47810.0,2025-04-01
2025040104013929,SHL,34,34,200.0,478.2,95640.0,2025-04-01
2025040104013928,SHL,48,34,100.0,478.6,47860.0,2025-04-01
2025040104013927,SHL,22,34,100.0,479.0,47900.0,2025-04-01
2025040103011015,GFCL,42,34,18.0,661.0,11898.0,2025-04-01
2025040105016495,NRIC,84,91,10.0,1314.0,13140.0,2025-04-01
2025040104013926,GHL,41,49,95.0,278.8,26486.0,2025-04-01
2025040105016494,NRN,58,81,10.0,1612.0,16120.0,2025-04-01
2025040101014528,CKHL,42,45,50.0,715.0,35750.0,2025-04-01
2025040101014527,CKHL,19,45,50.0,720.1,36005.0,2025-04-01
2025040103011014,KSBBL,52,37,162.0,435.0,70470.0,2025-04-01
2025040103011013,KSBBL,52,34,78.0,435.0,33930.0,2025-04-01
2025040104013925,GHL,52,63,400.0,279.0,111600.0,2025-04-01
2025040103011012,NABBC,28,38,10.0,1745.1,17451.0,2025-04-01
2025040104013924,GHL,41,58,235.0,278.8,65518.0,2025-04-01
2025040103011011,MERO,40,41,476.0,717.4,341482.4,2025-04-01
2025040103011010,MERO,6,41,100.0,717.5,71750.0,2025-04-01
2025040104013923,JOSHI,4,5,10.0,385.0,3850.0,2025-04-01
2025040104013922,JOSHI,4,21,90.0,385.0,34650.0,2025-04-01
2025040105016493,HIDCL,17,38,45.0,274.8,12366.0,2025-04-01
2025040105016492,HDL,66,17,250.0,1203.0,300750.0,2025-04-01
2025040104013921,UPCL,17,59,50.0,287.4,14370.0,2025-04-01
2025040105016491,GCIL,10,49,25.0,548.0,13700.0,2025-04-01
2025040101014526,AHL,8,41,100.0,738.9,73890.0,2025-04-01
2025040104013920,PPCL,34,57,400.0,316.0,126400.0,2025-04-01
2025040104013919,GHL,41,46,7543.0,278.1,2097708.3,2025-04-01
2025040104013918,GHL,69,46,1202.0,278.2,334396.4,2025-04-01
2025040104013917,GHL,36,46,100.0,278.5,27850.0,2025-04-01
2025040104013916,GHL,35,46,200.0,278.5,55700.0,2025-04-01
2025040103011009,SJLIC,5,45,120.0,443.3,53196.0,2025-04-01
2025040101014525,ULBSL,34,38,30.0,3270.0,98100.0,2025-04-01
2025040103011008,JFL,45,41,148.0,511.0,75628.0,2025-04-01
2025040103011007,NMLBBL,19,48,23.0,656.6,15101.8,2025-04-01
2025040103011006,NMLBBL,19,48,20.0,657.0,13140.0,2025-04-01
2025040103011005,NMLBBL,6,48,10.0,657.1,6571.0,2025-04-01
2025040101014524,HIDCLP,28,8,94.0,179.3,16854.2,2025-04-01
2025040101014523,HIDCLP,28,57,1000.0,179.0,179000.0,2025-04-01
2025040101014522,HIDCLP,28,45,100.0,179.0,17900.0,2025-04-01
2025040101014521,HIDCLP,28,14,200.0,179.0,35800.0,2025-04-01
2025040101014520,HIDCLP,28,42,861.0,179.0,154119.0,2025-04-01
2025040101014519,HIDCLP,28,21,1500.0,178.9,268350.0,2025-04-01
2025040101014518,HIDCLP,28,33,455.0,178.9,81399.5,2025-04-01
2025040101014517,HIDCLP,28,40,790.0,178.0,140620.0,2025-04-01
2025040101014516,NYADI,58,38,10.0,608.5,6085.0,2025-04-01
2025040105016490,GCIL,49,91,40.0,547.0,21880.0,2025-04-01
2025040105016489,GCIL,11,91,100.0,547.0,54700.0,2025-04-01
2025040105016488,GCIL,37,91,360.0,547.0,196920.0,2025-04-01
2025040105016487,GCIL,94,91,500.0,547.5,273750.0,2025-04-01
2025040105016486,NIFRA,6,52,54.0,273.1,14747.4,2025-04-01
2025040104013915,RADHI,38,65,100.0,407.0,40700.0,2025-04-01
2025040105016485,NRN,43,81,10.0,1612.0,16120.0,2025-04-01
2025040103011004,PFL,34,4,20.0,431.3,8626.0,2025-04-01
2025040105016484,CLI,65,49,168.0,509.0,85512.0,2025-04-01
2025040105016483,CLI,49,49,32.0,509.0,16288.0,2025-04-01
2025040101014515,SANIMA,25,49,20.0,299.2,5984.0,2025-04-01
2025040105016482,GCIL,62,49,475.0,548.0,260300.0,2025-04-01
2025040101014514,CKHL,25,70,16.0,720.2,11523.2,2025-04-01
2025040101014513,CKHL,28,70,75.0,722.0,54150.0,2025-04-01
2025040103011003,LBBL,91,32,46.0,425.0,19550.0,2025-04-01
2025040103011002,LBBL,91,41,30.0,422.0,12660.0,2025-04-01
2025040105016481,SONA,65,91,1000.0,473.9,473900.0,2025-04-01
2025040101014512,SNLI,19,42,12.0,647.0,7764.0,2025-04-01
2025040105016480,SMJC,5,16,12.0,580.0,6960.0,2025-04-01
2025040105016479,SMJC,29,16,18.0,580.0,10440.0,2025-04-01
2025040105016478,SMJC,17,16,20.0,581.0,11620.0,2025-04-01
2025040105016477,NRM,58,45,35.0,502.1,17573.5,2025-04-01
2025040105016476,NRM,25,45,25.0,502.1,12552.5,2025-04-01
2025040101014511,RHGCL,35,67,100.0,544.0,54400.0,2025-04-01
2025040105016475,HRL,69,59,20.0,1019.0,20380.0,2025-04-01
2025040105016474,HRL,69,25,10.0,1019.0,10190.0,2025-04-01
2025040105016473,HRL,69,42,83.0,1019.0,84577.0,2025-04-01
2025040105016472,HRL,69,26,50.0,1019.0,50950.0,2025-04-01
2025040105016471,HRL,69,34,20.0,1018.0,20360.0,2025-04-01
2025040105016470,HRL,69,16,10.0,1017.9,10179.0,2025-04-01
2025040105016469,NRIC,55,38,40.0,1311.0,52440.0,2025-04-01
2025040105016468,NRIC,33,38,60.0,1312.0,78720.0,2025-04-01
2025040101014510,RFPL,29,41,220.0,688.1,151382.0,2025-04-01
2025040101014509,RFPL,42,41,500.0,689.0,344500.0,2025-04-01
2025040101014508,RFPL,43,41,30.0,690.0,20700.0,2025-04-01
2025040101014507,RFPL,56,41,50.0,690.0,34500.0,2025-04-01
2025040101014506,RFPL,96,41,100.0,690.5,69050.0,2025-04-01
2025040103011001,FMDBL,62,19,135.0,772.0,104220.0,2025-04-01
2025040104013914,CHL,53,6,500.0,489.2,244600.0,2025-04-01
2025040103011000,GBBL,94,50,200.0,392.6,78520.0,2025-04-01
2025040103010999,MERO,17,50,150.0,720.0,108000.0,2025-04-01
2025040101014505,SGHC,13,34,106.0,546.0,57876.0,2025-04-01
2025040101014504,GVL,55,21,100.0,455.1,45510.0,2025-04-01
2025040104013913,SGIC,87,42,10.0,595.0,5950.0,2025-04-01
2025040101014503,RHGCL,35,38,15.0,544.0,8160.0,2025-04-01
2025040103010998,SWBBL,44,41,195.0,823.0,160485.0,2025-04-01
2025040103010997,SWBBL,58,41,31.0,823.0,25513.0,2025-04-01
2025040103010996,PFL,38,4,50.0,431.4,21570.0,2025-04-01
2025040105016467,MEL,55,45,10.0,327.0,3270.0,2025-04-01
2025040105016466,MEL,55,19,100.0,326.9,32690.0,2025-04-01
2025040103010995,ACLBSL,38,55,10.0,1086.0,10860.0,2025-04-01
2025040105016465,SAHAS,21,11,10.0,503.0,5030.0,2025-04-01
2025040103010994,SLBBL,34,48,20.0,967.2,19344.0,2025-04-01
2025040103010993,SLBBL,52,48,10.0,967.2,9672.0,2025-04-01
2025040101014502,KBSH,90,48,10.0,2337.0,23370.0,2025-04-01
2025040105016464,SHIVM,29,58,62.0,533.0,33046.0,2025-04-01
2025040105016463,VLUCL,49,86,28.0,670.0,18760.0,2025-04-01
2025040105016462,CHDC,7,1,250.0,2387.0,596750.0,2025-04-01
2025040105016461,CHDC,7,39,100.0,2387.0,238700.0,2025-04-01
2025040105016460,CHDC,7,19,300.0,2386.0,715800.0,2025-04-01
2025040103010992,BFC,45,5,260.0,558.0,145080.0,2025-04-01
2025040101014501,DOLTI,4,38,91.0,692.0,62972.0,2025-04-01
2025040101014500,NIMBPO,88,6,112.0,154.4,17292.8,2025-04-01
2025040104013912,CHL,53,71,270.0,489.2,132084.0,2025-04-01
2025040104013911,CHL,49,71,20.0,489.5,9790.0,2025-04-01
2025040104013910,CHL,21,71,10.0,490.0,4900.0,2025-04-01
2025040105016459,NIFRA,6,47,51.0,273.1,13928.1,2025-04-01
2025040104013909,GHL,35,35,300.0,278.5,83550.0,2025-04-01
2025040101014499,NABIL,34,22,75.0,484.9,36367.5,2025-04-01
2025040105016458,NRN,36,77,100.0,1613.0,161300.0,2025-04-01
2025040103010991,MDB,55,42,179.0,631.1,112966.9,2025-04-01
2025040103010990,MDB,25,42,21.0,631.2,13255.2,2025-04-01
2025040101014498,MKHC,58,75,100.0,518.0,51800.0,2025-04-01
2025040101014497,MKHC,35,75,86.0,518.0,44548.0,2025-04-01
2025040101014496,MKHC,48,75,100.0,518.1,51810.0,2025-04-01
2025040101014495,MKHC,34,75,30.0,518.3,15549.0,2025-04-01
2025040103010989,SINDU,57,45,10.0,1138.0,11380.0,2025-04-01
2025040104013908,LEC,36,18,1000.0,211.1,211100.0,2025-04-01
2025040103010988,NLIC,38,21,10.0,783.0,7830.0,2025-04-01
2025040104013907,TRH,48,65,16.0,1055.2,16883.2,2025-04-01
2025040104013906,TRH,43,65,10.0,1055.3,10553.0,2025-04-01
2025040104013905,TRH,43,65,10.0,1055.3,10553.0,2025-04-01
2025040104013904,TRH,43,65,10.0,1055.4,10554.0,2025-04-01
2025040105016457,NTC,41,51,10.0,902.9,9029.0,2025-04-01
2025040103010987,SAPDBL,72,45,350.0,1083.0,379050.0,2025-04-01
2025040103010986,SAPDBL,72,37,100.0,1079.0,107900.0,2025-04-01
2025040103010985,SAPDBL,72,33,500.0,1079.0,539500.0,2025-04-01
2025040103010984,SAPDBL,72,35,60.0,1078.0,64680.0,2025-04-01
2025040103010983,SAPDBL,72,16,440.0,1078.0,474320.0,2025-04-01
2025040105016456,HATHY,40,7,25.0,1307.0,32675.0,2025-04-01
2025040101014494,DORDI,34,68,86.0,380.0,32680.0,2025-04-01
2025040101014493,DORDI,34,68,414.0,380.0,157320.0,2025-04-01
2025040104013903,API,34,14,190.0,272.1,51699.0,2025-04-01
2025040104013902,API,14,14,300.0,272.1,81630.0,2025-04-01
2025040101014492,SMHL,25,45,10.0,888.0,8880.0,2025-04-01
2025040101014491,MKJC,57,37,100.0,544.0,54400.0,2025-04-01
2025040104013901,RADHI,38,49,50.0,407.0,20350.0,2025-04-01
2025040101014490,TAMOR,49,21,10.0,518.0,5180.0,2025-04-01
2025040104013900,HURJA,45,19,100.0,242.6,24260.0,2025-04-01
2025040104013899,KKHC,19,52,10.0,352.1,3521.0,2025-04-01
2025040101014489,AVYAN,52,42,10.0,1070.0,10700.0,2025-04-01
2025040101014488,CKHL,43,52,50.0,724.0,36200.0,2025-04-01
2025040104013898,HPPL,35,32,188.0,622.0,116936.0,2025-04-01
2025040104013897,HPPL,35,44,100.0,621.9,62190.0,2025-04-01
2025040104013896,HPPL,35,38,212.0,621.0,131652.0,2025-04-01
2025040104013895,NLG,6,35,20.0,860.0,17200.0,2025-04-01
2025040104013894,NLG,38,35,256.0,860.0,220160.0,2025-04-01
2025040104013893,GHL,42,58,100.0,278.8,27880.0,2025-04-01
2025040101014487,SARBTM,16,42,10.0,800.7,8007.0,2025-04-01
2025040105016455,NIFRA,92,13,86.0,275.0,23650.0,2025-04-01
2025040105016454,NIFRA,92,58,200.0,274.0,54800.0,2025-04-01
2025040105016453,NIFRA,92,91,100.0,274.0,27400.0,2025-04-01
2025040105016452,NIFRA,92,34,64.0,274.0,17536.0,2025-04-01
2025040105016451,NIFRA,92,38,67.0,274.0,18358.0,2025-04-01
2025040105016450,NIFRA,92,38,564.0,274.0,154536.0,2025-04-01
2025040105016449,NIFRA,92,58,64.0,274.0,17536.0,2025-04-01
2025040105016448,NIFRA,92,45,20.0,274.0,5480.0,2025-04-01
2025040105016447,NIFRA,92,13,108.0,274.0,29592.0,2025-04-01
2025040105016446,NIFRA,92,34,2727.0,274.0,747198.0,2025-04-01
2025040103010982,SINDU,54,42,10.0,1139.0,11390.0,2025-04-01
2025040103010981,SJLIC,38,45,150.0,443.3,66495.0,2025-04-01
2025040105016445,HRL,50,6,150.0,1017.0,152550.0,2025-04-01
2025040105016444,SONA,22,52,10.0,475.0,4750.0,2025-04-01
2025040105016443,HDL,66,37,33.0,1203.0,39699.0,2025-04-01
2025040105016442,HDL,42,37,47.0,1203.0,56541.0,2025-04-01
2025040105016441,HDL,22,37,20.0,1203.0,24060.0,2025-04-01
2025040103010980,LICN,39,43,10.0,1013.5,10135.0,2025-04-01
2025040103010979,BFC,48,5,100.0,558.0,55800.0,2025-04-01
2025040103010978,SHINE,80,14,100.0,413.5,41350.0,2025-04-01
2025040104013892,JOSHI,34,21,10.0,385.0,3850.0,2025-04-01
2025040103010977,SLBBL,52,34,10.0,967.2,9672.0,2025-04-01
2025040104013891,LEC,36,41,230.0,211.4,48622.0,2025-04-01
2025040103010976,PMLI,25,49,20.0,558.6,11172.0,2025-04-01
2025040104013890,CHCL,7,35,133.0,484.0,64372.0,2025-04-01
2025040104013889,BARUN,29,58,74.0,506.0,37444.0,2025-04-01
2025040104013888,UMRH,16,13,441.0,607.4,267863.4,2025-04-01
2025040104013887,UMRH,45,13,100.0,607.5,60750.0,2025-04-01
2025040104013886,UMRH,54,13,49.0,608.0,29792.0,2025-04-01
2025040103010975,PROFL,49,45,624.0,543.0,338832.0,2025-04-01
2025040105016440,ILI,29,45,12.0,465.4,5584.8,2025-04-01
2025040105016439,HRL,50,52,10.0,1017.0,10170.0,2025-04-01
2025040104013885,HURJA,57,6,450.0,242.0,108900.0,2025-04-01
2025040104013884,HURJA,74,6,550.0,242.0,133100.0,2025-04-01
2025040105016438,HRL,50,44,20.0,1017.0,20340.0,2025-04-01
2025040101014486,DORDI,43,68,100.0,380.0,38000.0,2025-04-01
2025040101014485,SGHC,13,59,10.0,546.0,5460.0,2025-04-01
2025040101014484,NMB,38,22,111.0,255.0,28305.0,2025-04-01
2025040101014483,NMB,38,22,193.0,255.0,49215.0,2025-04-01
2025040104013883,RADHI,34,32,10.0,408.0,4080.0,2025-04-01
2025040104013882,RADHI,34,6,50.0,407.5,20375.0,2025-04-01
2025040105016437,HRL,50,19,50.0,1017.0,50850.0,2025-04-01
2025040105016436,CHDC,11,19,100.0,2381.1,238110.0,2025-04-01
2025040104013881,RADHI,38,49,20.0,407.0,8140.0,2025-04-01
2025040104013880,RADHI,21,49,80.0,407.0,32560.0,2025-04-01
2025040101014482,ULHC,58,42,10.0,521.7,5217.0,2025-04-01
2025040104013879,UMHL,58,45,135.0,440.1,59413.5,2025-04-01
2025040104013878,UMHL,83,45,855.0,440.2,376371.0,2025-04-01
2025040104013877,UMHL,42,45,10.0,440.3,4403.0,2025-04-01
2025040101014481,NICA,49,45,73.0,371.1,27090.3,2025-04-01
2025040101014480,NICA,46,45,100.0,371.2,37120.0,2025-04-01
2025040101014479,NICA,74,45,900.0,371.2,334080.0,2025-04-01
2025040101014478,NICA,51,45,50.0,371.3,18565.0,2025-04-01
2025040101014477,NICA,42,45,1500.0,371.3,556950.0,2025-04-01
2025040101014476,NICA,51,45,50.0,371.3,18565.0,2025-04-01
2025040101014475,NICA,52,45,500.0,371.3,185650.0,2025-04-01
2025040101014474,NICA,72,45,11.0,371.3,4084.3,2025-04-01
2025040101014473,NICA,37,45,101.0,371.4,37511.4,2025-04-01
2025040104013876,BARUN,29,45,10.0,506.0,5060.0,2025-04-01
2025040101014472,SBL,18,38,563.0,292.3,164564.9,2025-04-01
2025040101014471,SBL,18,19,11.0,292.3,3215.3,2025-04-01
2025040101014470,SBL,18,53,90.0,292.1,26289.0,2025-04-01
2025040101014469,SBL,18,85,200.0,292.0,58400.0,2025-04-01
2025040101014468,SBL,18,1,153.0,291.0,44523.0,2025-04-01
2025040101014467,SBL,18,38,483.0,290.0,140070.0,2025-04-01
2025040103010974,SLBBL,52,38,10.0,967.2,9672.0,2025-04-01
2025040104013875,UPPER,38,41,230.0,201.0,46230.0,2025-04-01
2025040104013874,RADHI,21,77,200.0,407.0,81400.0,2025-04-01
2025040101014466,AHL,32,41,10.0,738.9,7389.0,2025-04-01
2025040101014465,AHL,32,41,30.0,738.7,22161.0,2025-04-01
2025040105016435,NRN,56,59,945.0,1608.1,1519654.5,2025-04-01
2025040105016434,NRN,57,59,55.0,1612.0,88660.0,2025-04-01
2025040101014464,NBL,8,16,100.0,249.8,24980.0,2025-04-01
2025040105016433,HRL,35,26,50.0,1018.0,50900.0,2025-04-01
2025040105016432,HRL,35,39,80.0,1018.0,81440.0,2025-04-01
2025040101014463,SRLI,34,43,29.0,417.0,12093.0,2025-04-01
2025040103010973,CBBL,20,19,139.0,853.1,118580.9,2025-04-01
2025040103010972,CBBL,45,19,14.0,854.0,11956.0,2025-04-01
2025040103010971,CBBL,49,19,17.0,854.0,14518.0,2025-04-01
2025040105016431,NRIC,55,66,290.0,1311.0,380190.0,2025-04-01
2025040105016430,NRIC,59,66,10.0,1311.0,13110.0,2025-04-01
2025040105016429,HATHY,42,7,58.0,1307.0,75806.0,2025-04-01
2025040104013873,GHL,58,58,100.0,278.5,27850.0,2025-04-01
2025040103010970,MNBBL,52,99,10.0,365.2,3652.0,2025-04-01
2025040101014462,HHL,77,52,10.0,498.0,4980.0,2025-04-01
2025040101014461,NICA,37,4,50.0,371.4,18570.0,2025-04-01
2025040101014460,SNLI,38,97,11.0,650.0,7150.0,2025-04-01
2025040104013872,PPCL,34,32,40.0,316.0,12640.0,2025-04-01
2025040104013871,PPCL,85,32,360.0,316.1,113796.0,2025-04-01
2025040104013870,PPCL,39,32,100.0,316.2,31620.0,2025-04-01
2025040104013869,SPDL,59,44,192.0,323.0,62016.0,2025-04-01
2025040104013868,SPDL,59,49,267.0,322.1,86000.7,2025-04-01
2025040104013867,SPDL,59,57,41.0,321.0,13161.0,2025-04-01
2025040103010969,NFS,25,1,60.0,701.8,42108.0,2025-04-01
2025040104013866,AHPC,16,57,233.0,252.0,58716.0,2025-04-01
2025040104013865,AHPC,16,57,10.0,252.0,2520.0,2025-04-01
2025040104013864,AHPC,36,57,277.0,252.0,69804.0,2025-04-01
2025040104013863,AHPC,26,57,20.0,252.2,5044.0,2025-04-01
2025040103010968,NLICL,42,42,30.0,648.0,19440.0,2025-04-01
2025040103010967,NLIC,72,13,90.0,781.0,70290.0,2025-04-01
2025040103010966,NLIC,42,13,10.0,781.0,7810.0,2025-04-01
2025040104013862,SSHL,42,58,280.0,232.0,64960.0,2025-04-01
2025040103010965,LBBL,58,41,20.0,422.0,8440.0,2025-04-01
2025040103010964,MERO,58,45,65.0,720.0,46800.0,2025-04-01
2025040104013861,UMHL,56,62,360.0,441.0,158760.0,2025-04-01
2025040104013860,UMHL,56,1,140.0,440.9,61726.0,2025-04-01
2025040101014459,IHL,60,82,100.0,688.0,68800.0,2025-04-01
2025040104013859,GHL,69,60,523.0,278.2,145498.6,2025-04-01
2025040104013858,GHL,26,60,1210.0,278.3,336743.0,2025-04-01
2025040104013857,GHL,45,60,470.0,278.4,130848.0,2025-04-01
2025040101014458,NABIL,38,22,10.0,484.9,4849.0,2025-04-01
2025040104013856,RURU,62,45,10.0,725.0,7250.0,2025-04-01
2025040105016428,GCIL,62,11,25.0,548.0,13700.0,2025-04-01
2025040105016427,GCIL,33,11,100.0,548.2,54820.0,2025-04-01
2025040105016426,GCIL,98,11,75.0,550.0,41250.0,2025-04-01
2025040101014457,AHL,85,77,50.0,734.0,36700.0,2025-04-01
2025040105016425,SONA,32,32,100.0,474.0,47400.0,2025-04-01
2025040104013855,SHPC,39,6,50.0,475.0,23750.0,2025-04-01
2025040104013854,SHPC,45,6,567.0,475.0,269325.0,2025-04-01
2025040105016424,RNLI,44,44,113.0,552.7,62455.1,2025-04-01
2025040105016423,RNLI,44,40,281.0,552.0,155112.0,2025-04-01
2025040105016422,RNLI,44,58,10.0,552.0,5520.0,2025-04-01
2025040105016421,RNLI,44,39,11.0,552.0,6072.0,2025-04-01
2025040105016420,RNLI,44,35,11.0,551.9,6070.9,2025-04-01
2025040105016419,RNLI,44,57,530.0,551.0,292030.0,2025-04-01
2025040105016418,RNLI,44,34,11.0,551.0,6061.0,2025-04-01
2025040105016417,RNLI,44,22,11.0,551.0,6061.0,2025-04-01
2025040105016416,RNLI,44,39,11.0,551.0,6061.0,2025-04-01
2025040105016415,RNLI,44,58,11.0,550.0,6050.0,2025-04-01
2025040101014456,BGWT,41,44,59.0,1020.0,60180.0,2025-04-01
2025040104013853,NHPC,22,55,30.0,209.0,6270.0,2025-04-01
2025040103010963,EDBL,37,66,20.0,635.5,12710.0,2025-04-01
2025040103010962,EDBL,8,66,280.0,635.6,177968.0,2025-04-01
2025040101014455,UHEWA,49,45,20.0,750.0,15000.0,2025-04-01
2025040104013852,NICL,25,42,50.0,832.0,41600.0,2025-04-01
2025040104013851,NICL,46,42,100.0,832.1,83210.0,2025-04-01
2025040104013850,NICL,33,42,14.0,832.2,11650.8,2025-04-01
2025040103010961,MLBBL,5,1,10.0,1549.0,15490.0,2025-04-01
2025040105016414,SMJC,29,5,82.0,580.0,47560.0,2025-04-01
2025040105016413,SMJC,19,5,10.0,580.0,5800.0,2025-04-01
2025040105016412,SMJC,51,5,50.0,580.0,29000.0,2025-04-01
2025040105016411,SMJC,96,5,100.0,580.0,58000.0,2025-04-01
2025040105016410,SMJC,19,5,10.0,580.0,5800.0,2025-04-01
2025040105016409,SMJC,5,5,326.0,580.0,189080.0,2025-04-01
2025040105016408,SMJC,10,5,10.0,580.0,5800.0,2025-04-01
2025040105016407,SMJC,33,5,122.0,580.0,70760.0,2025-04-01
2025040105016406,SMJC,84,5,80.0,580.1,46408.0,2025-04-01
2025040101014454,MKJC,58,37,100.0,544.0,54400.0,2025-04-01
2025040103010960,SHINE,80,58,105.0,413.5,43417.5,2025-04-01
2025040104013849,RIDI,58,57,50.0,222.0,11100.0,2025-04-01
2025040103010959,PROFL,49,45,113.0,543.0,61359.0,2025-04-01
2025040104013848,HPPL,45,38,20.0,621.0,12420.0,2025-04-01
2025040103010958,SMB,56,35,10.0,2500.0,25000.0,2025-04-01
2025040103010957,NABBC,28,56,300.0,1745.1,523530.0,2025-04-01
2025040105016405,SMJC,26,38,100.0,581.0,58100.0,2025-04-01
2025040105016404,SHIVM,98,42,500.0,534.0,267000.0,2025-04-01
2025040105016403,HRL,59,39,20.0,1018.0,20360.0,2025-04-01
2025040105016402,SAHAS,6,51,250.0,503.1,125775.0,2025-04-01
2025040103010956,SWMF,63,35,12.0,738.3,8859.6,2025-04-01
2025040104013847,SHPC,45,6,25.0,475.0,11875.0,2025-04-01
2025040105016401,HRL,57,39,250.0,1018.0,254500.0,2025-04-01
2025040105016400,HRL,50,89,400.0,1017.0,406800.0,2025-04-01
2025040103010955,CFCL,49,58,10.0,557.0,5570.0,2025-04-01
2025040104013846,NGPL,42,34,185.0,270.0,49950.0,2025-04-01
2025040104013845,UPPER,91,58,309.0,200.4,61923.6,2025-04-01
2025040104013844,UPPER,44,58,300.0,200.4,60120.0,2025-04-01
2025040104013843,IGI,34,58,22.0,571.0,12562.0,2025-04-01
2025040104013842,IGI,56,58,48.0,571.0,27408.0,2025-04-01
2025040105016399,NRN,38,85,60.0,1614.0,96840.0,2025-04-01
2025040103010954,MNBBL,38,26,100.0,365.3,36530.0,2025-04-01
2025040105016398,CIT,28,1,10.0,1980.0,19800.0,2025-04-01
2025040105016397,NTC,43,40,10.0,902.0,9020.0,2025-04-01
2025040105016396,NTC,42,40,10.0,902.0,9020.0,2025-04-01
2025040101014453,HIDCLP,59,40,10.0,178.0,1780.0,2025-04-01
2025040105016395,HRL,50,25,219.0,1017.0,222723.0,2025-04-01
2025040105016394,HRL,49,25,62.0,1017.0,63054.0,2025-04-01
2025040105016393,HRL,4,25,90.0,1017.0,91530.0,2025-04-01
2025040105016392,HRL,33,25,98.0,1017.0,99666.0,2025-04-01
2025040105016391,HRL,18,25,50.0,1017.0,50850.0,2025-04-01
2025040105016390,HRL,67,25,50.0,1017.0,50850.0,2025-04-01
2025040105016389,HRL,45,25,31.0,1017.0,31527.0,2025-04-01
2025040105016388,HRL,45,25,100.0,1017.1,101710.0,2025-04-01
2025040103010953,DDBL,34,83,83.0,778.0,64574.0,2025-04-01
2025040103010952,FMDBL,49,19,155.0,772.0,119660.0,2025-04-01
2025040103010951,ICFC,50,13,70.0,608.0,42560.0,2025-04-01
2025040104013841,GHL,45,5,220.0,278.4,61248.0,2025-04-01
2025040103010950,DDBL,42,83,600.0,778.2,466920.0,2025-04-01
2025040104013840,NHPC,58,55,63.0,209.0,13167.0,2025-04-01
2025040104013839,NHPC,58,51,437.0,209.0,91333.0,2025-04-01
2025040101014452,NYADI,41,67,40.0,609.0,24360.0,2025-04-01
2025040101014451,NYADI,41,44,10.0,608.0,6080.0,2025-04-01
2025040104013838,AHPC,26,29,80.0,252.2,20176.0,2025-04-01
2025040101014450,CZBIL,36,44,84.0,210.5,17682.0,2025-04-01
2025040105016387,GCIL,98,51,11.0,550.0,6050.0,2025-04-01
2025040104013837,NICL,33,51,36.0,832.2,29959.2,2025-04-01
2025040104013836,NICL,17,51,14.0,832.2,11650.8,2025-04-01
2025040104013835,NICL,22,51,50.0,833.0,41650.0,2025-04-01
2025040101014449,MLBS,45,48,79.0,1790.0,141410.0,2025-04-01
2025040101014448,MLBS,74,48,21.0,1800.0,37800.0,2025-04-01
2025040105016386,NIFRA,6,14,180.0,273.1,49158.0,2025-04-01
2025040104013834,RIDI,42,57,1500.0,222.0,333000.0,2025-04-01
2025040104013833,RIDI,41,57,10.0,222.0,2220.0,2025-04-01
2025040104013832,RIDI,42,57,251.0,222.0,55722.0,2025-04-01
2025040104013831,RIDI,55,57,35.0,223.5,7822.5,2025-04-01
2025040104013830,NLG,38,34,15.0,860.0,12900.0,2025-04-01
2025040101014447,AHL,85,33,10.0,734.0,7340.0,2025-04-01
2025040103010949,SFCL,21,32,10.0,545.0,5450.0,2025-04-01
2025040103010948,SFCL,21,62,50.0,544.9,27245.0,2025-04-01
2025040104013829,SICL,49,26,10.0,781.0,7810.0,2025-04-01
2025040101014446,SHLB,34,67,10.0,2200.0,22000.0,2025-04-01
2025040105016385,HRL,45,42,145.0,1017.0,147465.0,2025-04-01
2025040101014445,KBL,48,42,108.0,206.1,22258.8,2025-04-01
2025040101014444,KBL,75,42,92.0,206.1,18961.2,2025-04-01
2025040105016384,HRL,69,39,150.0,1018.0,152700.0,2025-04-01
2025040105016383,HRL,69,43,150.0,1018.0,152700.0,2025-04-01
2025040104013828,UMHL,83,45,510.0,440.2,224502.0,2025-04-01
2025040104013827,GHL,45,65,10.0,278.4,2784.0,2025-04-01
2025040101014443,KDL,38,58,10.0,1108.1,11081.0,2025-04-01
2025040104013826,JOSHI,42,1,51.0,384.1,19589.1,2025-04-01
2025040104013825,SGIC,32,48,200.0,595.0,119000.0,2025-04-01
2025040104013824,HPPL,35,38,268.0,621.0,166428.0,2025-04-01
2025040104013823,HPPL,35,52,532.0,621.0,330372.0,2025-04-01
2025040104013822,HPPL,35,42,200.0,620.9,124180.0,2025-04-01
2025040105016382,ILI,29,45,12.0,465.4,5584.8,2025-04-01
2025040104013821,UMHL,45,1,10.0,440.9,4409.0,2025-04-01
2025040104013820,IGI,56,45,33.0,571.0,18843.0,2025-04-01
2025040104013819,LEC,36,41,105.0,211.4,22197.0,2025-04-01
2025040104013818,SHPC,45,1,70.0,475.0,33250.0,2025-04-01
2025040101014442,HBL,51,45,12.0,234.0,2808.0,2025-04-01
2025040101014441,SRLI,14,6,39.0,416.2,16231.8,2025-04-01
2025040101014440,SRLI,54,6,37.0,416.6,15414.2,2025-04-01
2025040101014439,SRLI,41,6,20.0,416.7,8334.0,2025-04-01
2025040105016381,NRM,25,48,245.0,502.1,123014.5,2025-04-01
2025040101014438,BHPL,92,58,10.0,1042.0,10420.0,2025-04-01
2025040101014437,BHPL,92,36,30.0,1040.0,31200.0,2025-04-01
2025040101014436,BHPL,92,62,30.0,1040.0,31200.0,2025-04-01
2025040101014435,BHPL,92,26,10.0,1037.0,10370.0,2025-04-01
2025040104013817,RBCL,49,43,10.0,14880.0,148800.0,2025-04-01
2025040104013816,SHEL,74,42,200.0,252.0,50400.0,2025-04-01
2025040105016380,HRL,45,5,324.0,1017.0,329508.0,2025-04-01
2025040105016379,HRL,81,5,376.0,1017.0,382392.0,2025-04-01
2025040105016378,HRL,56,43,25.0,1018.0,25450.0,2025-04-01
2025040103010947,SMB,54,17,20.0,2500.0,50000.0,2025-04-01
2025040105016377,HRL,45,43,100.0,1018.0,101800.0,2025-04-01
2025040105016376,HATHY,88,7,30.0,1307.0,39210.0,2025-04-01
2025040101014434,PPL,65,11,10.0,528.0,5280.0,2025-04-01
2025040105016375,PHCL,29,6,350.0,585.0,204750.0,2025-04-01
2025040104013815,RIDI,55,25,290.0,223.5,64815.0,2025-04-01
2025040103010946,GMFBS,50,17,30.0,1634.0,49020.0,2025-04-01
2025040105016374,SBCF,5,17,1700.0,8.96,15232.0,2025-04-01
2025040105016373,SBCF,49,17,300.0,8.96,2688.0,2025-04-01
2025040104013814,CHL,17,71,30.0,492.0,14760.0,2025-04-01
2025040105016372,HRL,57,43,25.0,1018.5,25462.5,2025-04-01
2025040104013813,MEN,42,40,30.0,583.3,17499.0,2025-04-01
2025040103010945,LICN,29,39,155.0,1013.2,157046.0,2025-04-01
2025040101014433,IHL,81,82,10.0,688.0,6880.0,2025-04-01
2025040103010944,CFCL,6,48,155.0,556.4,86242.0,2025-04-01
2025040103010943,CFCL,62,48,325.0,556.4,180830.0,2025-04-01
2025040103010942,CFCL,42,48,20.0,556.5,11130.0,2025-04-01
2025040104013812,UMHL,86,1,100.0,440.9,44090.0,2025-04-01
2025040104013811,UMHL,86,57,900.0,440.8,396720.0,2025-04-01
2025040101014432,SMHL,94,57,35.0,875.1,30628.5,2025-04-01
2025040101014431,SMHL,32,57,65.0,875.2,56888.0,2025-04-01
2025040105016371,HRL,57,17,10.0,1018.0,10180.0,2025-04-01
2025040105016370,HRL,57,89,65.0,1018.0,66170.0,2025-04-01
2025040103010941,FMDBL,34,19,10.0,772.0,7720.0,2025-04-01
2025040103010940,MLBSL,20,49,10.0,2224.0,22240.0,2025-04-01
2025040104013810,BARUN,29,54,29.0,506.0,14674.0,2025-04-01
2025040104013809,NICL,17,94,55.0,832.2,45771.0,2025-04-01
2025040105016369,HRL,81,32,74.0,1017.0,75258.0,2025-04-01
2025040105016368,HRL,81,32,228.0,1017.0,231876.0,2025-04-01
2025040104013808,SJCL,44,57,130.0,319.3,41509.0,2025-04-01
2025040101014430,SHLB,34,6,50.0,2200.0,110000.0,2025-04-01
2025040104013807,SALICO,95,3,31.0,720.0,22320.0,2025-04-01
2025040104013806,SALICO,95,52,150.0,720.0,108000.0,2025-04-01
2025040104013805,SALICO,95,25,19.0,720.0,13680.0,2025-04-01
2025040101014429,DORDI,34,68,500.0,380.0,190000.0,2025-04-01
2025040101014428,SARBTM,33,42,364.0,800.6,291418.4,2025-04-01
2025040101014427,SARBTM,54,42,10.0,800.7,8007.0,2025-04-01
2025040101014426,SARBTM,54,42,10.0,800.7,8007.0,2025-04-01
2025040101014425,SARBTM,54,42,10.0,800.7,8007.0,2025-04-01
2025040101014424,SARBTM,49,42,40.0,800.8,32032.0,2025-04-01
2025040101014423,SARBTM,54,42,33.0,800.8,26426.4,2025-04-01
2025040101014422,SARBTM,42,42,10.0,800.8,8008.0,2025-04-01
2025040101014421,SARBTM,26,42,10.0,800.9,8009.0,2025-04-01
2025040101014420,SARBTM,5,42,63.0,800.9,50456.7,2025-04-01
2025040103010939,MLBL,45,16,10.0,396.0,3960.0,2025-04-01
2025040104013804,UMHL,53,57,100.0,440.8,44080.0,2025-04-01
2025040105016367,VLUCL,90,86,60.0,672.0,40320.0,2025-04-01
2025040105016366,VLUCL,90,54,10.0,672.0,6720.0,2025-04-01
2025040105016365,VLUCL,90,35,10.0,672.0,6720.0,2025-04-01
2025040103010938,SHINE,80,17,350.0,413.5,144725.0,2025-04-01
2025040103010937,SHINE,54,17,10.0,413.6,4136.0,2025-04-01
2025040101014419,USHL,17,37,40.0,737.0,29480.0,2025-04-01
2025040103010936,RSDC,39,4,400.0,725.9,290360.0,2025-04-01
2025040103010935,MFIL,57,52,100.0,607.0,60700.0,2025-04-01
2025040105016364,HRL,34,89,20.0,1018.0,20360.0,2025-04-01
2025040105016363,CLI,49,34,68.0,509.0,34612.0,2025-04-01
2025040105016362,CLI,21,34,50.0,509.0,25450.0,2025-04-01
2025040105016361,CLI,49,34,50.0,509.0,25450.0,2025-04-01
2025040105016360,CLI,58,34,20.0,509.0,10180.0,2025-04-01
2025040105016359,CLI,55,34,100.0,509.0,50900.0,2025-04-01
2025040105016358,CLI,45,34,100.0,509.0,50900.0,2025-04-01
2025040105016357,CLI,8,34,25.0,509.1,12727.5,2025-04-01
2025040105016356,CLI,25,34,50.0,509.1,25455.0,2025-04-01
2025040105016355,CLI,38,34,17.0,509.1,8654.7,2025-04-01
2025040105016354,CLI,17,34,20.0,509.6,10192.0,2025-04-01
2025040104013803,SJCL,25,46,20.0,318.6,6372.0,2025-04-01
2025040101014418,SGHC,13,63,70.0,546.0,38220.0,2025-04-01
2025040104013802,HURJA,74,45,20.0,242.0,4840.0,2025-04-01
2025040101014417,DORDI,34,65,10.0,379.0,3790.0,2025-04-01
2025040104013801,GHL,26,38,55.0,278.3,15306.5,2025-04-01
2025040104013800,GHL,36,38,405.0,278.6,112833.0,2025-04-01
2025040101014416,HHL,89,38,300.0,500.0,150000.0,2025-04-01
2025040101014415,HHL,1,38,100.0,500.0,50000.0,2025-04-01
2025040101014414,HHL,38,38,100.0,500.0,50000.0,2025-04-01
2025040101014413,HHL,51,38,250.0,500.0,125000.0,2025-04-01
2025040103010934,MNBBL,52,32,100.0,365.2,36520.0,2025-04-01
2025040103010933,PFL,17,58,85.0,431.1,36643.5,2025-04-01
2025040103010932,PFL,56,58,70.0,431.2,30184.0,2025-04-01
2025040103010931,PFL,35,58,23.0,431.3,9919.9,2025-04-01
2025040103010930,PFL,18,58,500.0,431.3,215650.0,2025-04-01
2025040103010929,PFL,43,58,45.0,431.3,19408.5,2025-04-01
2025040103010928,PFL,46,58,177.0,431.4,76357.8,2025-04-01
2025040104013799,UPPER,45,58,300.0,200.5,60150.0,2025-04-01
2025040104013798,UPPER,13,58,300.0,200.5,60150.0,2025-04-01
2025040103010927,SINDU,8,42,100.0,1139.0,113900.0,2025-04-01
2025040105016353,HIDCL,6,35,111.0,275.0,30525.0,2025-04-01
2025040105016352,HIDCL,6,50,189.0,275.0,51975.0,2025-04-01
2025040105016351,HIDCL,6,38,500.0,274.9,137450.0,2025-04-01
2025040104013797,GHL,36,66,500.0,278.6,139300.0,2025-04-01
2025040104013796,GHL,36,7,95.0,278.6,26467.0,2025-04-01
2025040104013795,LEC,36,69,105.0,211.0,22155.0,2025-04-01
2025040101014412,MKHC,34,52,10.0,518.3,5183.0,2025-04-01
2025040103010926,SWBBL,58,16,29.0,823.0,23867.0,2025-04-01
2025040103010925,SWBBL,57,16,50.0,823.0,41150.0,2025-04-01
2025040103010924,SWBBL,34,16,15.0,823.0,12345.0,2025-04-01
2025040103010923,PMLI,25,14,80.0,558.6,44688.0,2025-04-01
2025040103010922,PMLI,13,14,20.0,559.1,11182.0,2025-04-01
2025040105016350,BBC,34,57,10.0,5800.5,58005.0,2025-04-01
2025040103010921,SWMF,17,34,19.0,738.6,14033.4,2025-04-01
2025040103010920,RSDC,62,34,50.0,725.8,36290.0,2025-04-01
2025040105016349,RMF1,42,49,100.0,8.9,890.0,2025-04-01
2025040104013794,IGI,42,42,100.0,572.0,57200.0,2025-04-01
2025040101014411,HHL,54,96,1000.0,501.0,501000.0,2025-04-01
2025040105016348,HRL,56,89,40.0,1018.0,40720.0,2025-04-01
2025040103010919,VLBS,36,29,200.0,854.0,170800.0,2025-04-01
2025040101014410,SPC,53,25,120.0,549.9,65988.0,2025-04-01
2025040101014409,SPC,53,5,90.0,547.0,49230.0,2025-04-01
2025040101014408,SPC,53,58,150.0,540.0,81000.0,2025-04-01
2025040101014407,SPC,53,49,20.0,540.0,10800.0,2025-04-01
2025040101014406,SPC,53,68,90.0,540.0,48600.0,2025-04-01
2025040101014405,SPC,53,55,30.0,539.0,16170.0,2025-04-01
2025040104013793,PPCL,39,43,100.0,316.2,31620.0,2025-04-01
2025040101014404,NYADI,58,67,20.0,609.0,12180.0,2025-04-01
2025040105016347,NRN,56,58,10000.0,1608.1,16081000.0,2025-04-01
2025040101014403,EBL,50,33,593.0,600.0,355800.0,2025-04-01
2025040101014402,EBL,45,33,200.0,600.0,120000.0,2025-04-01
2025040101014401,EBL,38,33,50.0,600.0,30000.0,2025-04-01
2025040101014400,EBL,14,33,500.0,600.0,300000.0,2025-04-01
2025040101014399,EBL,53,33,100.0,600.0,60000.0,2025-04-01
2025040101014398,EBL,1,33,500.0,600.0,300000.0,2025-04-01
2025040101014397,EBL,11,33,57.0,600.0,34200.0,2025-04-01
2025040104013792,HPPL,49,52,10.0,621.0,6210.0,2025-04-01
2025040101014396,SNLI,45,97,204.0,650.0,132600.0,2025-04-01
2025040101014395,SNLI,45,22,12.0,650.0,7800.0,2025-04-01
2025040101014394,SNLI,45,38,12.0,650.0,7800.0,2025-04-01
2025040101014393,SNLI,45,33,12.0,650.0,7800.0,2025-04-01
2025040101014392,SNLI,45,47,12.0,650.0,7800.0,2025-04-01
2025040101014391,SNLI,45,51,10.0,650.0,6500.0,2025-04-01
2025040101014390,SNLI,45,17,10.0,650.0,6500.0,2025-04-01
2025040101014389,SNLI,45,58,10.0,649.0,6490.0,2025-04-01
2025040101014388,SNLI,45,85,46.0,649.0,29854.0,2025-04-01
2025040105016346,HRL,41,89,300.0,1018.0,305400.0,2025-04-01
2025040105016345,ILI,32,45,10.0,465.5,4655.0,2025-04-01
2025040105016344,HDL,42,17,227.0,1202.6,272990.2,2025-04-01
2025040105016343,HDL,42,17,13.0,1202.7,15635.1,2025-04-01
2025040105016342,HDL,35,17,10.0,1203.0,12030.0,2025-04-01
2025040101014387,KBL,75,59,4000.0,206.1,824400.0,2025-04-01
2025040101014386,RHGCL,35,65,10.0,544.0,5440.0,2025-04-01
2025040101014385,RHGCL,35,3,10.0,543.6,5436.0,2025-04-01
2025040103010918,BFC,48,5,100.0,558.0,55800.0,2025-04-01
2025040101014384,RAWA,86,38,10.0,875.0,8750.0,2025-04-01
2025040101014383,DOLTI,42,57,269.0,691.2,185932.8,2025-04-01
2025040103010917,KSBBL,36,39,50.0,433.0,21650.0,2025-04-01
2025040105016341,NRIC,35,62,200.0,1311.2,262240.0,2025-04-01
2025040104013791,HDHPC,58,22,713.0,199.6,142314.8,2025-04-01
2025040104013790,HDHPC,42,22,165.0,199.7,32950.5,2025-04-01
2025040104013789,HDHPC,55,22,400.0,199.7,79880.0,2025-04-01
2025040104013788,HDHPC,55,22,162.0,199.7,32351.4,2025-04-01
2025040104013787,HDHPC,57,22,60.0,199.8,11988.0,2025-04-01
2025040101014382,GMLI,58,58,10.0,2579.8,25798.0,2025-04-01
2025040103010916,RSDC,62,33,196.0,725.8,142256.8,2025-04-01
2025040105016340,SONA,32,36,390.0,474.0,184860.0,2025-04-01
2025040101014381,DOLTI,42,45,100.0,691.2,69120.0,2025-04-01
2025040101014380,DOLTI,48,45,50.0,691.2,34560.0,2025-04-01
2025040104013786,UPCL,80,56,492.0,286.0,140712.0,2025-04-01
2025040105016339,HRL,38,89,1000.0,1018.0,1018000.0,2025-04-01
2025040105016338,SONA,32,3,10.0,474.0,4740.0,2025-04-01
2025040105016337,HRL,38,89,100.0,1018.0,101800.0,2025-04-01
2025040105016336,CHDC,3,19,19.0,2388.0,45372.0,2025-04-01
2025040105016335,CHDC,3,58,12.0,2385.0,28620.0,2025-04-01
2025040104013785,GLH,48,39,10.0,244.8,2448.0,2025-04-01
2025040104013784,BARUN,19,82,55.0,506.9,27879.5,2025-04-01
2025040101014379,HIDCLP,8,57,981.0,177.2,173833.2,2025-04-01
2025040101014378,HIDCLP,28,57,539.0,177.3,95564.7,2025-04-01
2025040105016334,CLI,18,58,10.0,510.0,5100.0,2025-04-01
2025040104013783,CGH,21,11,80.0,861.6,68928.0,2025-04-01
2025040103010915,HLBSL,62,42,20.0,985.0,19700.0,2025-04-01
2025040104013782,CGH,25,11,20.0,861.6,17232.0,2025-04-01
2025040104013781,UMRH,80,29,13.0,608.1,7905.3,2025-04-01
2025040103010914,MATRI,55,58,94.0,1257.0,118158.0,2025-04-01
2025040103010913,MATRI,55,42,10.0,1255.0,12550.0,2025-04-01
2025040103010912,MATRI,55,64,10.0,1255.0,12550.0,2025-04-01
2025040103010911,MATRI,55,32,50.0,1255.0,62750.0,2025-04-01
2025040103010910,MATRI,55,41,10.0,1255.0,12550.0,2025-04-01
2025040103010909,MATRI,55,42,45.0,1244.0,55980.0,2025-04-01
2025040103010908,MATRI,55,45,140.0,1240.0,173600.0,2025-04-01
2025040103010907,MATRI,55,62,100.0,1238.0,123800.0,2025-04-01
2025040103010906,MATRI,55,32,11.0,1237.9,13616.9,2025-04-01
2025040103010905,MATRI,55,42,30.0,1235.0,37050.0,2025-04-01
2025040103010904,PFL,46,55,23.0,431.4,9922.2,2025-04-01
2025040105016333,GCIL,98,42,414.0,550.0,227700.0,2025-04-01
2025040105016332,RNLI,44,44,96.0,550.9,52886.4,2025-04-01
2025040105016331,RNLI,44,49,10.0,550.0,5500.0,2025-04-01
2025040105016330,RNLI,44,38,18.0,550.0,9900.0,2025-04-01
2025040105016329,RNLI,44,46,100.0,550.0,55000.0,2025-04-01
2025040105016328,RNLI,44,17,11.0,550.0,6050.0,2025-04-01
2025040105016327,RNLI,44,38,11.0,550.0,6050.0,2025-04-01
2025040105016326,RNLI,44,85,454.0,549.0,249246.0,2025-04-01
2025040103010903,JSLBB,6,17,11.0,1460.2,16062.2,2025-04-01
2025040105016325,RNLI,42,85,20.0,549.0,10980.0,2025-04-01
2025040105016324,RNLI,32,85,117.0,549.0,64233.0,2025-04-01
2025040105016323,RNLI,22,85,30.0,549.0,16470.0,2025-04-01
2025040105016322,RNLI,49,85,239.0,549.0,131211.0,2025-04-01
2025040105016321,RNLI,49,85,140.0,549.9,76986.0,2025-04-01
2025040105016320,NRN,56,58,4100.0,1608.1,6593210.0,2025-04-01
2025040105016319,NRN,6,58,10.0,1610.0,16100.0,2025-04-01
2025040105016318,NRN,55,58,10.0,1610.0,16100.0,2025-04-01
2025040105016317,NRN,55,58,10.0,1610.1,16101.0,2025-04-01
2025040105016316,NRN,56,58,2760.0,1610.1,4443876.0,2025-04-01
2025040105016315,NRN,49,58,2000.0,1610.2,3220400.0,2025-04-01
2025040105016314,NRN,19,58,300.0,1610.2,483060.0,2025-04-01
2025040105016313,NRN,62,58,100.0,1611.1,161110.0,2025-04-01
2025040105016312,NRN,55,58,10.0,1612.0,16120.0,2025-04-01
2025040105016311,NRN,56,58,200.0,1613.0,322600.0,2025-04-01
2025040105016310,NRN,56,58,50.0,1613.0,80650.0,2025-04-01
2025040105016309,NRN,8,58,400.0,1613.0,645200.0,2025-04-01
2025040105016308,NRN,58,58,50.0,1613.1,80655.0,2025-04-01
2025040101014377,DORDI,7,68,10.0,380.0,3800.0,2025-04-01
2025040104013780,NHPC,49,51,39.0,209.0,8151.0,2025-04-01
2025040103010902,PROFL,49,49,80.0,543.0,43440.0,2025-04-01
2025040103010901,PROFL,17,49,100.0,543.0,54300.0,2025-04-01
2025040103010900,PROFL,36,49,100.0,543.0,54300.0,2025-04-01
2025040103010899,PROFL,63,49,100.0,543.1,54310.0,2025-04-01
2025040103010898,PROFL,80,49,100.0,543.3,54330.0,2025-04-01
2025040103010897,PROFL,45,49,20.0,544.0,10880.0,2025-04-01
2025040101014376,KBL,75,42,100.0,206.1,20610.0,2025-04-01
2025040101014375,NYADI,41,67,21.0,609.0,12789.0,2025-04-01
2025040103010896,HLI,85,43,25.0,425.0,10625.0,2025-04-01
2025040104013779,RADHI,21,17,10.0,407.0,4070.0,2025-04-01
2025040101014374,SGHC,96,63,130.0,546.0,70980.0,2025-04-01
2025040104013778,DHPL,21,62,20.0,401.0,8020.0,2025-04-01
2025040104013777,SPDL,32,57,200.0,321.0,64200.0,2025-04-01
2025040104013776,SPDL,43,57,200.0,321.0,64200.0,2025-04-01
2025040104013775,SPDL,57,57,100.0,321.0,32100.0,2025-04-01
2025040104013774,SPDL,17,57,150.0,321.0,48150.0,2025-04-01
2025040104013773,SPDL,50,57,140.0,321.0,44940.0,2025-04-01
2025040103010895,RSDC,62,50,140.0,725.8,101612.0,2025-04-01
2025040104013772,GHL,26,34,735.0,278.3,204550.5,2025-04-01
2025040104013771,GHL,3,34,1000.0,278.3,278300.0,2025-04-01
2025040104013770,GHL,44,34,665.0,278.4,185136.0,2025-04-01
2025040105016307,RNLI,49,42,11.0,549.9,6048.9,2025-04-01
2025040103010894,RSDC,62,54,10.0,725.8,7258.0,2025-04-01
2025040105016306,HRL,4,89,20.0,1018.0,20360.0,2025-04-01
2025040105016305,ENL,60,39,10.0,1192.9,11929.0,2025-04-01
2025040101014373,RHGCL,57,4,12.0,543.0,6516.0,2025-04-01
2025040103010893,LICN,29,41,90.0,1013.2,91188.0,2025-04-01
2025040104013769,HPPL,55,71,25.0,619.0,15475.0,2025-04-01
2025040103010892,MLBBL,32,39,64.0,1540.0,98560.0,2025-04-01
2025040103010891,RSDC,62,17,300.0,725.8,217740.0,2025-04-01
2025040103010890,GLBSL,38,17,31.0,2945.2,91301.2,2025-04-01
2025040103010889,KSBBL,34,39,50.0,433.0,21650.0,2025-04-01
2025040103010888,KSBBL,56,39,500.0,433.0,216500.0,2025-04-01
2025040103010887,KSBBL,10,39,30.0,433.0,12990.0,2025-04-01
2025040103010886,KSBBL,44,39,20.0,433.2,8664.0,2025-04-01
2025040103010885,KSBBL,58,39,50.0,433.3,21665.0,2025-04-01
2025040105016304,NBF2,8,51,291.0,9.4,2735.4,2025-04-01
2025040105016303,HRL,81,81,222.0,1017.0,225774.0,2025-04-01
2025040105016302,HRL,45,81,100.0,1017.0,101700.0,2025-04-01
2025040105016301,HRL,1,81,678.0,1017.0,689526.0,2025-04-01
2025040101014372,KBL,48,42,1000.0,206.3,206300.0,2025-04-01
2025040103010884,NICLBSL,19,44,100.0,650.1,65010.0,2025-04-01
2025040104013768,LEC,36,85,220.0,211.0,46420.0,2025-04-01
2025040104013767,LEC,50,85,10.0,211.1,2111.0,2025-04-01
2025040104013766,LEC,5,85,20.0,211.1,4222.0,2025-04-01
2025040104013765,GHL,44,63,655.0,278.4,182352.0,2025-04-01
2025040104013764,GHL,16,63,345.0,278.5,96082.5,2025-04-01
2025040104013763,SSHL,38,57,50.0,232.1,11605.0,2025-04-01
2025040104013762,MHNL,52,42,800.0,263.6,210880.0,2025-04-01
2025040101014371,HIDCLP,28,45,50.0,177.3,8865.0,2025-04-01
2025040101014370,SARBTM,5,45,168.0,800.9,134551.2,2025-04-01
2025040101014369,NWCL,60,34,30.0,972.0,29160.0,2025-04-01
2025040101014368,NWCL,60,48,170.0,971.0,165070.0,2025-04-01
2025040103010883,MLBL,38,16,130.0,396.0,51480.0,2025-04-01
2025040103010882,MLBL,58,16,100.0,396.0,39600.0,2025-04-01
2025040103010881,MLBL,50,16,10.0,396.0,3960.0,2025-04-01
2025040103010880,MLBL,41,16,50.0,396.0,19800.0,2025-04-01
2025040103010879,MLBL,50,16,100.0,396.0,39600.0,2025-04-01
2025040103010878,MLBL,58,16,250.0,396.0,99000.0,2025-04-01
2025040103010877,MLBL,34,16,100.0,396.0,39600.0,2025-04-01
2025040103010876,MLBL,41,16,15.0,396.0,5940.0,2025-04-01
2025040103010875,RSDC,62,4,2000.0,725.8,1451600.0,2025-04-01
2025040103010874,MDB,80,70,100.0,633.0,63300.0,2025-04-01
2025040101014367,MKHC,45,41,10.0,518.5,5185.0,2025-04-01
2025040101014366,MKHC,91,41,300.0,518.5,155550.0,2025-04-01
2025040105016300,NRN,58,55,50.0,1613.1,80655.0,2025-04-01
2025040105016299,SMJC,84,43,40.0,580.1,23204.0,2025-04-01
2025040101014365,MMKJL,22,42,10.0,696.0,6960.0,2025-04-01
2025040101014364,MEHL,16,51,100.0,551.0,55100.0,2025-04-01
2025040101014363,MEHL,28,51,50.0,551.0,27550.0,2025-04-01
2025040101014362,MEHL,42,51,50.0,551.1,27555.0,2025-04-01
2025040104013761,NIL,22,58,54.0,747.1,40343.4,2025-04-01
2025040104013760,NIL,33,58,100.0,747.1,74710.0,2025-04-01
2025040103010873,PMLI,34,91,500.0,559.0,279500.0,2025-04-01
2025040101014361,DORDI,34,68,200.0,380.0,76000.0,2025-04-01
2025040105016298,HRL,7,89,40.0,1018.0,40720.0,2025-04-01
2025040101014360,MEHL,57,51,200.0,555.0,111000.0,2025-04-01
2025040103010872,NICLBSL,49,44,125.0,650.1,81262.5,2025-04-01
2025040103010871,GRDBL,72,29,10.0,1345.0,13450.0,2025-04-01
2025040103010870,RLFL,53,7,10.0,533.0,5330.0,2025-04-01
2025040105016297,SAHAS,21,32,10.0,503.0,5030.0,2025-04-01
2025040105016296,NIFRA,38,34,1000.0,274.0,274000.0,2025-04-01
2025040103010869,NLIC,42,60,10.0,781.0,7810.0,2025-04-01
2025040101014359,ULBSL,35,60,20.0,3250.0,65000.0,2025-04-01
2025040101014358,ULBSL,17,60,20.0,3250.0,65000.0,2025-04-01
2025040101014357,ULBSL,46,60,10.0,3253.6,32536.0,2025-04-01
2025040101014356,ULBSL,49,60,20.0,3254.0,65080.0,2025-04-01
2025040101014355,ULBSL,34,60,20.0,3255.0,65100.0,2025-04-01
2025040101014354,ULBSL,53,60,132.0,3255.0,429660.0,2025-04-01
2025040101014353,ULBSL,39,60,30.0,3255.0,97650.0,2025-04-01
2025040101014352,ULBSL,43,60,100.0,3255.1,325510.0,2025-04-01
2025040101014351,ULBSL,22,60,20.0,3257.0,65140.0,2025-04-01
2025040101014350,ULBSL,58,60,20.0,3257.6,65152.0,2025-04-01
2025040101014349,ULBSL,35,60,10.0,3257.6,32576.0,2025-04-01
2025040101014348,ULBSL,55,60,10.0,3258.0,32580.0,2025-04-01
2025040101014347,ULBSL,65,60,10.0,3260.0,32600.0,2025-04-01
2025040101014346,ULBSL,34,60,10.0,3261.0,32610.0,2025-04-01
2025040103010868,MLBL,41,95,85.0,396.0,33660.0,2025-04-01
2025040103010867,MLBL,58,95,30.0,396.0,11880.0,2025-04-01
2025040103010866,MLBL,34,95,10.0,396.1,3961.0,2025-04-01
2025040104013759,BARUN,29,14,15.0,506.0,7590.0,2025-04-01
2025040103010865,MPFL,45,88,10.0,638.0,6380.0,2025-04-01
2025040101014345,BEDC,57,41,75.0,791.2,59340.0,2025-04-01
2025040105016295,NRN,29,85,92.0,1614.0,148488.0,2025-04-01
2025040104013758,PPCL,52,43,300.0,316.2,94860.0,2025-04-01
2025040101014344,ADBL,49,32,550.0,289.0,158950.0,2025-04-01
2025040104013757,HPPL,35,32,380.0,622.0,236360.0,2025-04-01
2025040104013756,HPPL,35,5,10.0,621.9,6219.0,2025-04-01
2025040104013755,HPPL,35,90,50.0,621.0,31050.0,2025-04-01
2025040104013754,HPPL,35,67,50.0,621.0,31050.0,2025-04-01
2025040104013753,HPPL,35,62,10.0,621.0,6210.0,2025-04-01
2025040105016294,HRL,19,89,90.0,1018.0,91620.0,2025-04-01
2025040103010864,GFCL,42,57,57.0,661.0,37677.0,2025-04-01
2025040103010863,GFCL,10,57,43.0,661.0,28423.0,2025-04-01
2025040105016293,RNLI,54,39,1.0,550.0,550.0,2025-04-01
2025040105016292,RNLI,54,52,11.0,550.0,6050.0,2025-04-01
2025040105016291,RNLI,54,49,11.0,550.0,6050.0,2025-04-01
2025040105016290,RNLI,54,34,20.0,550.0,11000.0,2025-04-01
2025040105016289,RNLI,54,66,10.0,550.0,5500.0,2025-04-01
2025040105016288,RNLI,54,45,11.0,550.0,6050.0,2025-04-01
2025040105016287,RNLI,54,22,11.0,550.0,6050.0,2025-04-01
2025040105016286,HDL,44,48,40.0,1203.0,48120.0,2025-04-01
2025040105016285,HRL,38,89,20.0,1018.0,20360.0,2025-04-01
2025040105016284,HRL,1,35,222.0,1017.0,225774.0,2025-04-01
2025040105016283,HRL,64,35,148.0,1017.2,150545.6,2025-04-01
2025040105016282,HRL,82,35,30.0,1017.3,30519.0,2025-04-01
2025040104013752,SHPC,35,1,30.0,477.0,14310.0,2025-04-01
2025040104013751,SHPC,35,26,470.0,477.0,224190.0,2025-04-01
2025040103010862,SIFC,41,19,50.0,528.0,26400.0,2025-04-01
2025040105016281,MBJC,97,54,100.0,323.9,32390.0,2025-04-01
2025040105016280,SAHAS,21,58,10.0,503.0,5030.0,2025-04-01
2025040104013750,UPPER,13,57,300.0,200.5,60150.0,2025-04-01
2025040103010861,MERO,42,32,30.0,721.0,21630.0,2025-04-01
2025040101014343,ADBL,42,7,10.0,289.1,2891.0,2025-04-01
2025040104013749,UPCL,4,56,150.0,286.0,42900.0,2025-04-01
2025040104013748,HDHPC,51,54,300.0,200.0,60000.0,2025-04-01
2025040105016279,HRL,26,89,100.0,1018.0,101800.0,2025-04-01
2025040105016278,HRL,57,89,50.0,1018.0,50900.0,2025-04-01
2025040105016277,HRL,45,89,20.0,1018.0,20360.0,2025-04-01
2025040105016276,HRL,84,89,10.0,1018.0,10180.0,2025-04-01
2025040105016275,HRL,6,89,60.0,1018.0,61080.0,2025-04-01
2025040105016274,HRL,48,89,300.0,1018.0,305400.0,2025-04-01
2025040105016273,HRL,19,89,100.0,1018.0,101800.0,2025-04-01
2025040105016272,HRL,45,89,50.0,1018.0,50900.0,2025-04-01
2025040105016271,HRL,48,89,100.0,1018.0,101800.0,2025-04-01
2025040105016270,HRL,44,89,50.0,1018.0,50900.0,2025-04-01
2025040105016269,HRL,22,89,60.0,1018.0,61080.0,2025-04-01
2025040105016268,HRL,49,89,100.0,1018.0,101800.0,2025-04-01
2025040105016267,HRL,17,89,955.0,1018.0,972190.0,2025-04-01
2025040105016266,HDL,58,48,35.0,1203.0,42105.0,2025-04-01
2025040105016265,HDL,45,48,16.0,1203.0,19248.0,2025-04-01
2025040103010860,GFCL,10,21,100.0,661.0,66100.0,2025-04-01
2025040105016264,RNLI,49,33,1000.0,549.9,549900.0,2025-04-01
2025040105016263,HATHY,88,7,150.0,1307.0,196050.0,2025-04-01
2025040105016262,HATHY,45,7,40.0,1307.0,52280.0,2025-04-01
2025040105016261,HATHY,56,7,60.0,1307.0,78420.0,2025-04-01
2025040105016260,HATHY,19,7,100.0,1308.0,130800.0,2025-04-01
2025040105016259,HATHY,58,7,30.0,1308.0,39240.0,2025-04-01
2025040105016258,GCIL,46,42,36.0,550.0,19800.0,2025-04-01
2025040104013747,HURJA,74,50,250.0,242.0,60500.0,2025-04-01
2025040104013746,HURJA,74,7,680.0,241.9,164492.0,2025-04-01
2025040104013745,JOSHI,48,1,45.0,384.0,17280.0,2025-04-01
2025040105016257,CHDC,39,19,81.0,2388.0,193428.0,2025-04-01
2025040105016256,CHDC,39,19,500.0,2386.0,1193000.0,2025-04-01
2025040105016255,CHDC,39,45,16.0,2385.0,38160.0,2025-04-01
2025040105016254,CHDC,39,19,100.0,2385.0,238500.0,2025-04-01
2025040105016253,CHDC,39,45,103.0,2385.0,245655.0,2025-04-01
2025040105016252,CHDC,39,7,100.0,2384.9,238490.0,2025-04-01
2025040105016251,CHDC,39,39,100.0,2384.0,238400.0,2025-04-01
2025040105016250,HRL,17,22,45.0,1018.0,45810.0,2025-04-01
2025040105016249,HRL,36,22,30.0,1018.0,30540.0,2025-04-01
2025040105016248,HRL,3,22,100.0,1018.1,101810.0,2025-04-01
2025040105016247,HRL,81,22,290.0,1018.1,295249.0,2025-04-01
2025040105016246,HRL,50,22,50.0,1018.4,50920.0,2025-04-01
2025040103010859,MNBBL,52,35,100.0,365.2,36520.0,2025-04-01
2025040101014342,CITY,38,49,93.0,852.0,79236.0,2025-04-01
2025040101014341,CITY,19,49,100.0,852.3,85230.0,2025-04-01
2025040101014340,CITY,58,49,100.0,853.0,85300.0,2025-04-01
2025040101014339,CITY,42,49,27.0,853.5,23044.5,2025-04-01
2025040101014338,CITY,55,49,30.0,854.0,25620.0,2025-04-01
2025040101014337,CITY,69,49,100.0,854.1,85410.0,2025-04-01
2025040101014336,CITY,32,49,40.0,854.2,34168.0,2025-04-01
2025040101014335,CITY,35,49,10.0,855.0,8550.0,2025-04-01
2025040103010858,RLFL,16,7,80.0,533.0,42640.0,2025-04-01
2025040101014334,CYCL,62,42,11.0,1625.0,17875.0,2025-04-01
2025040103010857,GFCL,10,45,40.0,661.0,26440.0,2025-04-01
2025040104013744,UPCL,60,56,89.0,286.0,25454.0,2025-04-01
2025040104013743,UPCL,38,56,200.0,286.1,57220.0,2025-04-01
2025040104013742,UPCL,22,56,200.0,286.1,57220.0,2025-04-01
2025040101014333,NIMB,39,57,30.0,211.0,6330.0,2025-04-01
2025040105016245,HRL,39,32,10.0,1019.0,10190.0,2025-04-01
2025040105016244,MEL,91,51,10.0,324.0,3240.0,2025-04-01
2025040105016243,NRN,35,85,141.0,1614.0,227574.0,2025-04-01
2025040105016242,NRN,35,62,100.0,1614.0,161400.0,2025-04-01
2025040105016241,NRN,35,42,381.0,1614.0,614934.0,2025-04-01
2025040101014332,NYADI,66,67,989.0,609.0,602301.0,2025-04-01
2025040101014331,NYADI,66,42,11.0,608.9,6697.9,2025-04-01
2025040101014330,TAMOR,48,50,60.0,517.7,31062.0,2025-04-01
2025040105016240,SMJC,84,65,80.0,580.1,46408.0,2025-04-01
2025040105016239,SMJC,26,65,20.0,580.1,11602.0,2025-04-01
2025040105016238,SMJC,84,65,300.0,580.3,174090.0,2025-04-01
2025040103010856,ILBS,62,70,50.0,940.0,47000.0,2025-04-01
2025040105016237,GCIL,39,39,7.0,539.0,3773.0,2025-04-01
2025040105016236,BBC,25,42,10.0,5849.0,58490.0,2025-04-01
2025040101014329,SMHL,32,14,35.0,875.2,30632.0,2025-04-01
2025040101014328,SMHL,37,14,15.0,876.0,13140.0,2025-04-01
2025040101014327,SMHL,38,14,150.0,876.1,131415.0,2025-04-01
2025040105016235,HRL,87,32,88.0,1019.0,89672.0,2025-04-01
2025040105016234,HRL,87,96,112.0,1019.0,114128.0,2025-04-01
2025040104013741,LEC,21,41,105.0,211.4,22197.0,2025-04-01
2025040104013740,CGH,25,34,10.0,861.6,8616.0,2025-04-01
2025040104013739,HURJA,6,52,200.0,241.8,48360.0,2025-04-01
2025040105016233,RNLI,49,49,11.0,549.9,6048.9,2025-04-01
2025040104013738,UMRH,4,14,50.0,610.0,30500.0,2025-04-01
2025040101014326,NYADI,41,42,10.0,608.9,6089.0,2025-04-01
2025040101014325,NYADI,41,62,40.0,608.0,24320.0,2025-04-01
2025040103010855,MATRI,55,19,11.0,1235.0,13585.0,2025-04-01
2025040103010854,MATRI,55,42,15.0,1234.0,18510.0,2025-04-01
2025040103010853,MATRI,55,42,10.0,1233.0,12330.0,2025-04-01
2025040103010852,MATRI,55,42,35.0,1232.0,43120.0,2025-04-01
2025040103010851,MATRI,55,59,125.0,1215.0,151875.0,2025-04-01
2025040101014324,USHEC,32,40,50.0,598.0,29900.0,2025-04-01
2025040101014323,USHEC,6,40,50.0,598.7,29935.0,2025-04-01
2025040101014322,USHEC,32,40,90.0,598.7,53883.0,2025-04-01
2025040104013737,HEI,26,3,71.0,597.0,42387.0,2025-04-01
2025040105016232,HRL,96,96,25.0,1019.0,25475.0,2025-04-01
2025040104013736,AKJCL,42,41,1000.0,204.5,204500.0,2025-04-01
2025040101014321,NYADI,42,62,10.0,608.0,6080.0,2025-04-01
2025040104013735,SGIC,32,38,90.0,595.0,53550.0,2025-04-01
2025040104013734,SGIC,32,48,10.0,594.0,5940.0,2025-04-01
2025040103010850,NABBC,28,51,270.0,1745.1,471177.0,2025-04-01
2025040103010849,NABBC,47,51,10.0,1750.0,17500.0,2025-04-01
2025040101014320,ULBSL,65,19,10.0,3280.0,32800.0,2025-04-01
2025040105016231,CHDC,7,36,50.0,2380.0,119000.0,2025-04-01
2025040101014319,MHL,57,46,10.0,710.5,7105.0,2025-04-01
2025040101014318,LSL,58,46,10.0,224.0,2240.0,2025-04-01
2025040101014317,HIDCLP,28,58,411.0,177.3,72870.3,2025-04-01
2025040101014316,HIDCLP,28,58,849.0,177.3,150527.7,2025-04-01
2025040104013733,MEN,42,52,13.0,583.3,7582.9,2025-04-01
2025040101014315,NIBLSTF,42,1,800.0,8.61,6888.0,2025-04-01
2025040103010848,GRDBL,91,72,939.0,1318.0,1237602.0,2025-04-01
2025040103010847,GRDBL,72,72,11.0,1319.0,14509.0,2025-04-01
2025040103010846,GRDBL,45,72,320.0,1319.4,422208.0,2025-04-01
2025040103010845,GRDBL,49,72,20.0,1320.0,26400.0,2025-04-01
2025040103010844,GRDBL,38,72,100.0,1320.0,132000.0,2025-04-01
2025040103010843,GRDBL,54,72,10.0,1320.0,13200.0,2025-04-01
2025040103010842,GRDBL,37,72,100.0,1320.3,132030.0,2025-04-01
2025040103010841,GRDBL,56,72,100.0,1320.3,132030.0,2025-04-01
2025040105016230,CLI,38,62,10.0,509.1,5091.0,2025-04-01
2025040101014314,PCBL,8,29,15.0,251.1,3766.5,2025-04-01
2025040101014313,PCBL,52,29,100.0,251.2,25120.0,2025-04-01
2025040103010840,SLBBL,52,58,10.0,967.2,9672.0,2025-04-01
2025040104013732,UMHL,83,42,300.0,440.2,132060.0,2025-04-01
2025040103010839,SFCL,35,42,138.0,544.0,75072.0,2025-04-01
2025040103010838,SFCL,34,42,20.0,544.0,10880.0,2025-04-01
2025040103010837,SFCL,55,42,42.0,544.0,22848.0,2025-04-01
2025040105016229,ILI,45,45,165.0,465.5,76807.5,2025-04-01
2025040103010836,PROFL,48,45,100.0,545.0,54500.0,2025-04-01
2025040103010835,PROFL,34,45,67.0,545.0,36515.0,2025-04-01
2025040104013731,LEC,50,41,10.0,211.4,2114.0,2025-04-01
2025040103010834,SMB,54,17,20.0,2500.0,50000.0,2025-04-01
2025040103010833,MLBL,6,16,155.0,396.5,61457.5,2025-04-01
2025040103010832,MLBL,57,16,25.0,397.0,9925.0,2025-04-01
2025040103010831,SAPDBL,42,16,360.0,1072.0,385920.0,2025-04-01
2025040103010830,SAPDBL,58,16,50.0,1074.0,53700.0,2025-04-01
2025040103010829,SAPDBL,21,16,90.0,1080.0,97200.0,2025-04-01
2025040103010828,MATRI,10,62,10.0,1213.2,12132.0,2025-04-01
2025040101014312,MKHC,34,41,31.0,518.6,16076.6,2025-04-01
2025040105016228,SONA,65,5,420.0,473.9,199038.0,2025-04-01
2025040105016227,HDL,45,58,50.0,1203.0,60150.0,2025-04-01
2025040103010827,NUBL,45,34,30.0,675.0,20250.0,2025-04-01
2025040105016226,NRN,43,42,120.0,1614.0,193680.0,2025-04-01
2025040101014311,MKJC,1,47,100.0,543.8,54380.0,2025-04-01
2025040104013730,RURU,70,17,51.0,720.0,36720.0,2025-04-01
2025040104013729,RURU,49,17,100.0,720.1,72010.0,2025-04-01
2025040104013728,RURU,6,17,100.0,720.1,72010.0,2025-04-01
2025040104013727,RURU,56,17,49.0,721.0,35329.0,2025-04-01
2025040101014310,SRLI,14,38,50.0,416.2,20810.0,2025-04-01
2025040103010826,HLBSL,44,39,50.0,968.0,48400.0,2025-04-01
2025040105016225,HRL,33,96,50.0,1019.0,50950.0,2025-04-01
2025040104013726,RIDI,42,34,120.0,222.0,26640.0,2025-04-01
2025040104013725,RIDI,41,34,300.0,222.1,66630.0,2025-04-01
2025040104013724,RIDI,58,34,80.0,222.1,17768.0,2025-04-01
2025040103010825,DDBL,34,57,10.0,783.4,7834.0,2025-04-01
2025040105016224,CIT,42,45,10.0,1980.0,19800.0,2025-04-01
2025040104013723,UMHL,83,32,100.0,440.2,44020.0,2025-04-01
2025040101014309,PRVU,38,53,1000.0,212.4,212400.0,2025-04-01
2025040104013722,HEI,67,36,1000.0,600.0,600000.0,2025-04-01
2025040104013721,SHEL,39,69,302.0,251.4,75922.8,2025-04-01
2025040104013720,SHEL,65,69,1000.0,252.0,252000.0,2025-04-01
2025040104013719,SHEL,49,69,398.0,252.0,100296.0,2025-04-01
2025040101014308,KBL,75,34,1730.0,206.1,356553.0,2025-04-01
2025040101014307,SNLI,38,57,40.0,648.0,25920.0,2025-04-01
2025040101014306,NABIL,52,47,10.0,485.0,4850.0,2025-04-01
2025040104013718,SSHL,38,40,50.0,232.1,11605.0,2025-04-01
2025040104013717,SPIL,44,44,11.0,836.0,9196.0,2025-04-01
2025040105016223,SAHAS,21,39,630.0,503.0,316890.0,2025-04-01
2025040105016222,SAHAS,6,39,20.0,503.1,10062.0,2025-04-01
2025040105016221,SAHAS,45,39,80.0,503.1,40248.0,2025-04-01
2025040105016220,SAHAS,22,39,60.0,503.5,30210.0,2025-04-01
2025040104013716,SPDL,50,95,360.0,321.0,115560.0,2025-04-01
2025040104013715,SPDL,32,95,390.0,321.1,125229.0,2025-04-01
2025040104013714,AKJCL,25,19,20.0,204.1,4082.0,2025-04-01
2025040104013713,AKJCL,75,19,60.0,204.1,12246.0,2025-04-01
2025040104013712,AKJCL,58,19,90.0,204.2,18378.0,2025-04-01
2025040104013711,AKJCL,49,19,470.0,204.2,95974.0,2025-04-01
2025040104013710,HPPL,62,91,133.0,617.9,82180.7,2025-04-01
2025040104013709,HPPL,22,91,10.0,619.0,6190.0,2025-04-01
2025040104013708,HPPL,81,91,358.0,620.0,221960.0,2025-04-01
2025040105016219,SHIVM,32,42,353.0,534.0,188502.0,2025-04-01
2025040105016218,SHIVM,32,14,119.0,534.0,63546.0,2025-04-01
2025040103010824,NLIC,42,39,10.0,781.0,7810.0,2025-04-01
2025040104013707,UNHPL,25,21,500.0,314.5,157250.0,2025-04-01
2025040104013706,BARUN,29,66,300.0,506.0,151800.0,2025-04-01
2025040105016217,HIDCL,11,42,10.0,273.0,2730.0,2025-04-01
2025040105016216,NRN,29,6,11.0,1613.0,17743.0,2025-04-01
2025040105016215,NRN,29,52,10.0,1613.0,16130.0,2025-04-01
2025040101014305,NYADI,42,45,90.0,608.0,54720.0,2025-04-01
2025040101014304,NYADI,66,45,10.0,608.1,6081.0,2025-04-01
2025040103010823,PFL,43,95,210.0,431.3,90573.0,2025-04-01
2025040103010822,MSLB,44,57,10.0,1269.0,12690.0,2025-04-01
2025040101014303,IHL,81,82,10.0,688.0,6880.0,2025-04-01
2025040104013705,DHPL,28,45,10.0,400.0,4000.0,2025-04-01
2025040104013704,DHPL,28,74,20.0,398.0,7960.0,2025-04-01
2025040103010821,USLB,46,59,20.0,1650.0,33000.0,2025-04-01
2025040103010820,USLB,46,8,10.0,1650.0,16500.0,2025-04-01
2025040103010819,GRDBL,91,72,1000.0,1321.0,1321000.0,2025-04-01
2025040103010818,GRDBL,58,72,15.0,1321.2,19818.0,2025-04-01
2025040103010817,GRDBL,72,72,189.0,1331.0,251559.0,2025-04-01
2025040103010816,GRDBL,66,72,200.0,1332.0,266400.0,2025-04-01
2025040103010815,GRDBL,95,72,75.0,1332.0,99900.0,2025-04-01
2025040103010814,GRDBL,66,72,20.0,1340.0,26800.0,2025-04-01
2025040105016214,ILI,45,42,12.0,465.5,5586.0,2025-04-01
2025040103010813,FMDBL,62,50,30.0,780.0,23400.0,2025-04-01
2025040103010812,FMDBL,62,55,45.0,779.9,35095.5,2025-04-01
2025040103010811,FMDBL,62,45,12.0,779.0,9348.0,2025-04-01
2025040103010810,FMDBL,62,45,52.0,777.0,40404.0,2025-04-01
2025040103010809,FMDBL,62,44,461.0,776.0,357736.0,2025-04-01
2025040101014302,MLBS,74,49,24.0,1800.0,43200.0,2025-04-01
2025040101014301,MLBS,74,45,10.0,1799.0,17990.0,2025-04-01
2025040101014300,MLBS,74,70,20.0,1799.0,35980.0,2025-04-01
2025040101014299,MLBS,74,19,25.0,1798.9,44972.5,2025-04-01
2025040104013703,SPDL,45,49,200.0,322.1,64420.0,2025-04-01
2025040104013702,SPDL,45,38,200.0,322.0,64400.0,2025-04-01
2025040101014298,MKJC,33,44,100.0,543.0,54300.0,2025-04-01
2025040104013701,HPPL,81,17,580.0,620.0,359600.0,2025-04-01
2025040105016213,HRL,52,96,55.0,1019.1,56050.5,2025-04-01
2025040104013700,NHPC,49,51,500.0,209.0,104500.0,2025-04-01
2025040104013699,NHPC,45,51,500.0,209.0,104500.0,2025-04-01
2025040104013698,NHPC,58,51,113.0,209.0,23617.0,2025-04-01
2025040104013697,NHPC,44,51,671.0,209.0,140239.0,2025-04-01
2025040104013696,NHPC,42,51,10.0,209.2,2092.0,2025-04-01
2025040104013695,NHPC,52,51,330.0,209.2,69036.0,2025-04-01
2025040101014297,USHEC,3,48,10.0,600.0,6000.0,2025-04-01
2025040104013694,GHL,21,60,377.0,278.9,105145.3,2025-04-01
2025040104013693,GHL,21,26,150.0,278.9,41835.0,2025-04-01
2025040104013692,GHL,21,65,50.0,278.5,13925.0,2025-04-01
2025040104013691,GHL,21,58,423.0,278.5,117805.5,2025-04-01
2025040103010808,SMB,6,43,40.0,2501.0,100040.0,2025-04-01
2025040101014296,EBL,11,52,30.0,600.0,18000.0,2025-04-01
2025040101014295,EBL,37,52,100.0,600.1,60010.0,2025-04-01
2025040101014294,EBL,58,52,28.0,600.1,16802.8,2025-04-01
2025040101014293,EBL,52,52,42.0,600.1,25204.2,2025-04-01
2025040101014292,EBL,45,52,50.0,600.2,30010.0,2025-04-01
2025040101014291,EBL,29,52,20.0,600.5,12010.0,2025-04-01
2025040101014290,EBL,38,52,30.0,600.6,18018.0,2025-04-01
2025040101014289,EBL,53,52,200.0,601.0,120200.0,2025-04-01
2025040103010807,GRDBL,72,29,100.0,1345.0,134500.0,2025-04-01
2025040105016212,BBC,54,42,10.0,5849.0,58490.0,2025-04-01
2025040103010806,SFCL,55,16,24.0,544.0,13056.0,2025-04-01
2025040103010805,EDBL,8,49,710.0,635.6,451276.0,2025-04-01
2025040103010804,EDBL,28,49,70.0,635.7,44499.0,2025-04-01
2025040103010803,EDBL,74,49,220.0,636.0,139920.0,2025-04-01
2025040101014288,SARBTM,42,55,10.0,800.8,8008.0,2025-04-01
2025040101014287,SARBTM,39,55,20.0,800.8,16016.0,2025-04-01
2025040105016211,NIFRA,16,1,800.0,273.0,218400.0,2025-04-01
2025040103010802,RLFL,41,81,10.0,532.0,5320.0,2025-04-01
2025040104013690,GLH,11,38,460.0,243.0,111780.0,2025-04-01
2025040104013689,GLH,99,38,200.0,243.1,48620.0,2025-04-01
2025040104013688,GLH,58,38,40.0,243.1,9724.0,2025-04-01
2025040104013687,UMHL,22,62,155.0,441.0,68355.0,2025-04-01
2025040104013686,UMHL,22,71,310.0,440.9,136679.0,2025-04-01
2025040104013685,SICL,35,51,10.0,780.5,7805.0,2025-04-01
2025040104013684,SICL,35,14,20.0,780.0,15600.0,2025-04-01
2025040104013683,SICL,35,58,40.0,780.0,31200.0,2025-04-01
2025040104013682,GHL,22,58,200.0,278.5,55700.0,2025-04-01
2025040105016210,NRN,58,52,500.0,1613.0,806500.0,2025-04-01
2025040103010801,SFCL,57,62,100.0,544.9,54490.0,2025-04-01
2025040103010800,RSDC,62,4,2000.0,725.8,1451600.0,2025-04-01
2025040103010799,NICLBSL,49,38,418.0,650.0,271700.0,2025-04-01
2025040103010798,NICLBSL,4,38,10.0,650.0,6500.0,2025-04-01
2025040103010797,NICLBSL,42,38,50.0,650.0,32500.0,2025-04-01
2025040104013681,AKPL,36,6,50.0,229.8,11490.0,2025-04-01
2025040103010796,SMFBS,16,58,10.0,1873.8,18738.0,2025-04-01
2025040103010795,MDB,33,4,34.0,631.0,21454.0,2025-04-01
2025040105016209,SMJC,62,14,240.0,581.9,139656.0,2025-04-01
2025040105016208,SMJC,62,48,10.0,581.0,5810.0,2025-04-01
2025040101014286,MANDU,42,54,50.0,889.0,44450.0,2025-04-01
2025040104013680,GHL,91,41,1000.0,278.5,278500.0,2025-04-01
2025040104013679,RADHI,21,55,287.0,408.7,117296.9,2025-04-01
2025040104013678,RADHI,21,71,13.0,408.0,5304.0,2025-04-01
2025040103010794,JFL,46,38,67.0,511.5,34270.5,2025-04-01
2025040103010793,JFL,50,38,33.0,511.6,16882.8,2025-04-01
2025040103010792,SWBBL,34,16,10.0,830.0,8300.0,2025-04-01
2025040101014285,DORDI,34,68,20.0,380.0,7600.0,2025-04-01
2025040101014284,NYADI,41,91,100.0,608.9,60890.0,2025-04-01
2025040104013677,HPPL,81,22,50.0,620.0,31000.0,2025-04-01
2025040104013676,HPPL,81,20,100.0,620.0,62000.0,2025-04-01
2025040104013675,HPPL,81,54,700.0,620.0,434000.0,2025-04-01
2025040104013674,HPPL,81,46,67.0,620.0,41540.0,2025-04-01
2025040104013673,HPPL,81,90,10.0,620.0,6200.0,2025-04-01
2025040104013672,HPPL,81,44,135.0,619.9,83686.5,2025-04-01
2025040104013671,UMHL,86,71,90.0,440.9,39681.0,2025-04-01
2025040104013670,UMHL,86,48,400.0,440.8,176320.0,2025-04-01
2025040105016207,NRIC,62,75,285.0,1310.1,373378.5,2025-04-01
2025040105016206,NRIC,35,75,175.0,1310.2,229285.0,2025-04-01
2025040105016205,NRIC,41,75,30.0,1311.0,39330.0,2025-04-01
2025040105016204,NRIC,59,75,10.0,1311.0,13110.0,2025-04-01
2025040104013669,LEC,5,64,980.0,211.1,206878.0,2025-04-01
2025040104013668,LEC,50,64,10.0,211.2,2112.0,2025-04-01
2025040104013667,LEC,50,64,10.0,211.3,2113.0,2025-04-01
2025040105016203,HRL,69,67,20.0,1019.9,20398.0,2025-04-01
2025040105016202,VLUCL,6,16,180.0,669.1,120438.0,2025-04-01
2025040104013666,GLH,49,55,10.0,244.0,2440.0,2025-04-01
2025040103010791,LBBL,58,41,30.0,422.0,12660.0,2025-04-01
2025040104013665,UPPER,44,37,200.0,200.4,40080.0,2025-04-01
2025040101014283,MKJC,33,32,100.0,543.0,54300.0,2025-04-01
2025040101014282,MAKAR,14,58,20.0,718.0,14360.0,2025-04-01
2025040101014281,MAKAR,14,59,10.0,718.0,7180.0,2025-04-01
2025040101014280,MAKAR,14,13,10.0,718.0,7180.0,2025-04-01
2025040101014279,TSHL,42,57,10.0,813.0,8130.0,2025-04-01
2025040101014278,TSHL,42,63,50.0,810.0,40500.0,2025-04-01
2025040101014277,TSHL,42,49,10.0,810.0,8100.0,2025-04-01
2025040101014276,SGHC,13,39,200.0,545.0,109000.0,2025-04-01
2025040105016201,HRL,81,35,210.0,1018.1,213801.0,2025-04-01
2025040105016200,HRL,39,35,50.0,1018.1,50905.0,2025-04-01
2025040105016199,HRL,7,35,100.0,1018.2,101820.0,2025-04-01
2025040105016198,HRL,7,35,150.0,1018.3,152745.0,2025-04-01
2025040105016197,HRL,1,35,490.0,1019.1,499359.0,2025-04-01
2025040104013664,JOSHI,48,1,130.0,384.0,49920.0,2025-04-01
2025040104013663,JOSHI,48,5,325.0,384.0,124800.0,2025-04-01
2025040104013662,API,62,21,370.0,272.0,100640.0,2025-04-01
2025040105016196,NRN,58,52,100.0,1613.0,161300.0,2025-04-01
2025040105016195,SBCF,49,49,100.0,8.96,896.0,2025-04-01
2025040103010790,SAPDBL,42,29,274.0,1072.0,293728.0,2025-04-01
2025040103010789,SAPDBL,41,29,20.0,1075.0,21500.0,2025-04-01
2025040103010788,SAPDBL,87,29,50.0,1075.0,53750.0,2025-04-01
2025040103010787,SAPDBL,47,29,100.0,1075.5,107550.0,2025-04-01
2025040103010786,SAPDBL,68,29,50.0,1076.0,53800.0,2025-04-01
2025040103010785,SAPDBL,22,29,500.0,1076.0,538000.0,2025-04-01
2025040103010784,SAPDBL,97,29,50.0,1076.0,53800.0,2025-04-01
2025040103010783,SAPDBL,33,29,36.0,1076.2,38743.2,2025-04-01
2025040103010782,SAPDBL,22,29,60.0,1077.0,64620.0,2025-04-01
2025040103010781,SAPDBL,97,29,50.0,1077.0,53850.0,2025-04-01
2025040103010780,SAPDBL,34,29,10.0,1077.1,10771.0,2025-04-01
2025040103010779,SAPDBL,59,29,100.0,1079.0,107900.0,2025-04-01
2025040103010778,SAPDBL,1,29,50.0,1079.6,53980.0,2025-04-01
2025040105016194,HRL,1,43,10.0,1019.0,10190.0,2025-04-01
2025040105016193,HRL,7,45,10.0,1018.3,10183.0,2025-04-01
2025040104013661,AHPC,54,32,200.0,252.1,50420.0,2025-04-01
2025040101014275,NABIL,58,47,390.0,485.0,189150.0,2025-04-01
2025040103010777,SHINE,80,41,108.0,413.5,44658.0,2025-04-01
2025040104013660,DHPL,64,57,180.0,396.1,71298.0,2025-04-01
2025040104013659,DHPL,42,57,50.0,398.0,19900.0,2025-04-01
2025040104013658,UPPER,14,57,500.0,200.5,100250.0,2025-04-01
2025040104013657,UPPER,68,57,1000.0,200.5,200500.0,2025-04-01
2025040104013656,UPPER,13,57,495.0,200.5,99247.5,2025-04-01
2025040104013655,UPPER,44,57,500.0,200.6,100300.0,2025-04-01
2025040104013654,UPPER,38,57,110.0,200.6,22066.0,2025-04-01
2025040104013653,UPPER,8,57,395.0,200.6,79237.0,2025-04-01
2025040105016192,SBCF,49,54,500.0,8.96,4480.0,2025-04-01
2025040104013652,NLG,38,16,29.0,860.0,24940.0,2025-04-01
2025040104013651,NLG,57,16,50.0,860.5,43025.0,2025-04-01
2025040101014274,NIMB,16,57,248.0,211.0,52328.0,2025-04-01
2025040104013650,PMHPL,58,43,42.0,291.0,12222.0,2025-04-01
2025040104013649,PMHPL,37,43,150.0,291.0,43650.0,2025-04-01
2025040104013648,PMHPL,57,43,68.0,291.0,19788.0,2025-04-01
2025040104013647,PMHPL,17,43,40.0,291.5,11660.0,2025-04-01
2025040103010776,PMLI,38,49,220.0,560.0,123200.0,2025-04-01
2025040104013646,HURJA,60,50,10.0,242.0,2420.0,2025-04-01
2025040105016191,CHDC,96,19,100.0,2380.0,238000.0,2025-04-01
2025040103010775,NLIC,71,35,100.0,780.8,78080.0,2025-04-01
2025040104013645,GHL,52,26,600.0,278.9,167340.0,2025-04-01
2025040105016190,HRL,7,42,20.0,1018.3,20366.0,2025-04-01
2025040101014273,PCBL,37,29,1000.0,251.5,251500.0,2025-04-01
2025040101014272,PCBL,22,29,568.0,251.5,142852.0,2025-04-01
2025040101014271,PCBL,42,29,260.0,251.5,65390.0,2025-04-01
2025040101014270,PCBL,34,29,1057.0,251.5,265835.5,2025-04-01
2025040104013644,BARUN,29,58,50.0,506.0,25300.0,2025-04-01
2025040105016189,BBC,34,1,15.0,5800.4,87006.0,2025-04-01
2025040101014269,BNHC,6,17,60.0,512.1,30726.0,2025-04-01
2025040105016188,NTC,49,51,143.0,902.1,129000.3,2025-04-01
2025040104013643,SHL,45,51,100.0,478.5,47850.0,2025-04-01
2025040104013642,SHL,8,51,100.0,478.5,47850.0,2025-04-01
2025040101014268,HIDCLP,28,35,173.0,177.3,30672.9,2025-04-01
2025040101014267,HIDCLP,38,35,10.0,177.3,1773.0,2025-04-01
2025040101014266,SMH,48,70,140.0,927.0,129780.0,2025-04-01
2025040101014265,KBL,57,7,768.0,206.4,158515.2,2025-04-01
2025040101014264,KBL,57,45,32.0,206.2,6598.4,2025-04-01
2025040101014263,KBL,57,55,200.0,206.2,41240.0,2025-04-01
2025040103010774,RLFL,41,41,30.0,532.0,15960.0,2025-04-01
2025040103010773,RLFL,45,41,50.0,532.1,26605.0,2025-04-01
2025040104013641,HURJA,22,7,100.0,242.7,24270.0,2025-04-01
2025040103010772,MLBL,32,95,25.0,398.5,9962.5,2025-04-01
2025040103010771,PROFL,6,86,100.0,545.0,54500.0,2025-04-01
2025040103010770,PROFL,53,86,232.0,545.0,126440.0,2025-04-01
2025040103010769,PROFL,50,86,659.0,546.0,359814.0,2025-04-01
2025040105016187,HRL,7,48,150.0,1018.3,152745.0,2025-04-01
2025040105016186,NRN,29,38,50.0,1611.0,80550.0,2025-04-01
2025040104013640,IGI,56,6,19.0,571.0,10849.0,2025-04-01
2025040104013639,IGI,25,6,106.0,571.0,60526.0,2025-04-01
2025040104013638,IGI,49,6,200.0,571.0,114200.0,2025-04-01
2025040104013637,IGI,62,6,135.0,572.0,77220.0,2025-04-01
2025040105016185,SMJC,84,4,200.0,580.3,116060.0,2025-04-01
2025040105016184,SMJC,74,4,100.0,580.4,58040.0,2025-04-01
2025040101014262,LSL,101,43,1000.0,222.0,222000.0,2025-04-01
2025040104013636,SHPC,41,26,30.0,477.0,14310.0,2025-04-01
2025040104013635,SHPC,45,26,500.0,477.0,238500.0,2025-04-01
2025040105016183,SAHAS,22,19,110.0,503.5,55385.0,2025-04-01
2025040103010768,MLBL,40,48,100.0,397.0,39700.0,2025-04-01
2025040103010767,MLBL,1,48,74.0,397.0,29378.0,2025-04-01
2025040103010766,MLBL,18,48,200.0,397.0,79400.0,2025-04-01
