transaction,symbol,buyer,seller,quantity,rate,amount,date
2024042804006621,PRIN,44,25,178.0,779.0,138662.0,2024-04-28
2024042804006620,PRIN,44,52,65.0,778.9,50628.5,2024-04-28
2024042804006619,PRIN,44,17,20.0,778.0,15560.0,2024-04-28
2024042804006618,PRIN,44,57,40.0,777.0,31080.0,2024-04-28
2024042804006617,PRIN,44,4,59.0,777.0,45843.0,2024-04-28
2024042804006616,PRIN,44,74,100.0,775.0,77500.0,2024-04-28
2024042804006615,PRIN,44,26,38.0,774.9,29446.2,2024-04-28
2024042803016867,PFL,41,22,750.0,665.0,498750.0,2024-04-28
2024042803016866,SIFC,63,45,10.0,424.0,4240.0,2024-04-28
2024042801021068,VLUCL,42,58,10.0,472.0,4720.0,2024-04-28
2024042801021067,VLUCL,42,45,10.0,471.0,4710.0,2024-04-28
2024042801021066,VLUCL,42,68,52.0,470.0,24440.0,2024-04-28
2024042801021065,ILI,42,51,500.0,565.0,282500.0,2024-04-28
2024042804006614,CHL,57,87,20.0,320.0,6400.0,2024-04-28
2024042804006613,CGH,58,80,20.0,780.0,15600.0,2024-04-28
2024042801021064,CITY,68,58,10.0,583.0,5830.0,2024-04-28
2024042805003627,NIFRA,59,52,50.0,197.3,9865.0,2024-04-28
2024042803016865,JBBL,52,25,480.0,285.0,136800.0,2024-04-28
2024042803016864,JBBL,52,38,30.0,285.0,8550.0,2024-04-28
2024042803016863,JBBL,52,47,1500.0,285.0,427500.0,2024-04-28
2024042803016862,JBBL,52,53,490.0,284.8,139552.0,2024-04-28
2024042801021063,MHCL,52,48,10.0,376.9,3769.0,2024-04-28
2024042801021062,KBL,48,6,10.0,135.0,1350.0,2024-04-28
2024042803016861,GMFIL,88,5,10.0,388.0,3880.0,2024-04-28
2024042801021061,PPL,88,64,10.0,670.0,6700.0,2024-04-28
2024042803016860,GBLBS,33,58,10.0,627.9,6279.0,2024-04-28
2024042803016859,PFL,41,71,10.0,670.0,6700.0,2024-04-28
2024042803016858,SJLIC,28,34,140.0,418.1,58534.0,2024-04-28
2024042803016857,SJLIC,52,34,60.0,418.3,25098.0,2024-04-28
2024042803016856,GUFL,34,54,41.0,760.2,31168.2,2024-04-28
2024042803016855,GUFL,10,54,49.0,761.0,37289.0,2024-04-28
2024042803016854,GUFL,22,54,10.0,763.1,7631.0,2024-04-28
2024042805003626,NRN,58,26,700.0,512.0,358400.0,2024-04-28
2024042803016853,VLBS,38,38,10.0,713.9,7139.0,2024-04-28
2024042803016852,VLBS,38,34,160.0,710.0,113600.0,2024-04-28
2024042801021060,MKHL,21,22,10.0,448.0,4480.0,2024-04-28
2024042801021059,MEHL,43,68,21.0,315.9,6633.9,2024-04-28
2024042803016851,KSBBL,36,36,310.0,361.0,111910.0,2024-04-28
2024042803016850,JFL,55,33,20.0,470.0,9400.0,2024-04-28
2024042803016849,JFL,55,17,100.0,470.0,47000.0,2024-04-28
2024042803016848,JFL,55,49,80.0,470.0,37600.0,2024-04-28
2024042801021058,TVCL,32,55,39.0,497.0,19383.0,2024-04-28
2024042801021057,TVCL,32,57,484.0,488.0,236192.0,2024-04-28
2024042801021056,TVCL,32,16,190.0,487.0,92530.0,2024-04-28
2024042801021055,TVCL,32,41,287.0,474.3,136124.1,2024-04-28
2024042804006612,JOSHI,13,42,10.0,339.0,3390.0,2024-04-28
2024042801021054,MHL,13,58,10.0,403.0,4030.0,2024-04-28
2024042803016847,PROFL,95,55,305.0,353.0,107665.0,2024-04-28
2024042803016846,PROFL,95,26,100.0,353.0,35300.0,2024-04-28
2024042803016845,PROFL,95,58,95.0,353.0,33535.0,2024-04-28
2024042801021053,RNLI,65,58,11.0,424.9,4673.9,2024-04-28
2024042803016844,KLBSL,58,57,20.0,890.0,17800.0,2024-04-28
2024042803016843,SIFC,45,45,50.0,424.0,21200.0,2024-04-28
2024042803016842,GLBSL,45,29,23.0,1970.0,45310.0,2024-04-28
2024042803016841,GLBSL,45,58,20.0,1970.0,39400.0,2024-04-28
2024042803016840,GLBSL,45,42,59.0,1969.9,116224.1,2024-04-28
2024042803016839,GLBSL,45,14,100.0,1969.0,196900.0,2024-04-28
2024042803016838,GLBSL,45,71,45.0,1968.0,88560.0,2024-04-28
2024042805003625,ENL,13,45,10.0,780.2,7802.0,2024-04-28
2024042801021052,MEHL,45,68,10.0,315.9,3159.0,2024-04-28
2024042801021051,ILI,72,51,1330.0,565.0,751450.0,2024-04-28
2024042803016837,ILBS,62,55,100.0,967.0,96700.0,2024-04-28
2024042803016836,GILB,62,66,20.0,1003.0,20060.0,2024-04-28
2024042803016835,GILB,62,26,40.0,1002.0,40080.0,2024-04-28
2024042801021050,CYCL,62,42,20.0,1520.0,30400.0,2024-04-28
2024042803016834,ILBS,74,55,100.0,967.0,96700.0,2024-04-28
2024042801021049,PPL,69,64,11.0,670.0,7370.0,2024-04-28
2024042804006611,AKJCL,49,7,11.0,208.0,2288.0,2024-04-28
2024042801021048,DORDI,22,35,10.0,414.2,4142.0,2024-04-28
2024042803016833,PFL,44,71,10.0,670.0,6700.0,2024-04-28
2024042801021047,RNLI,1,57,11.0,425.1,4676.1,2024-04-28
2024042801021046,NIMB,44,17,10.0,152.8,1528.0,2024-04-28
2024042803016832,GBBL,42,36,96.0,363.0,34848.0,2024-04-28
2024042803016831,GBBL,42,34,54.0,363.0,19602.0,2024-04-28
2024042803016830,MNBBL,35,52,150.0,338.0,50700.0,2024-04-28
2024042801021045,CLI,35,8,50.0,448.9,22445.0,2024-04-28
2024042801021044,MKHL,53,22,10.0,448.0,4480.0,2024-04-28
2024042801021043,SONA,52,35,10.0,450.0,4500.0,2024-04-28
2024042803016829,NADEP,88,26,20.0,698.0,13960.0,2024-04-28
2024042803016828,NADEP,88,22,40.0,697.9,27916.0,2024-04-28
2024042803016827,NADEP,88,41,40.0,697.8,27912.0,2024-04-28
2024042801021042,PPL,50,69,20.0,678.0,13560.0,2024-04-28
2024042801021041,RFPL,50,35,10.0,350.0,3500.0,2024-04-28
2024042801021040,PPL,17,69,11.0,678.0,7458.0,2024-04-28
2024042803016826,PFL,41,17,1500.0,665.0,997500.0,2024-04-28
2024042804006610,SGIC,7,34,250.0,520.0,130000.0,2024-04-28
2024042803016825,NFS,71,49,100.0,489.8,48980.0,2024-04-28
2024042804006609,AKJCL,71,7,20.0,208.0,4160.0,2024-04-28
2024042801021039,TSHL,42,57,250.0,496.1,124025.0,2024-04-28
2024042803016824,GUFL,90,22,10.0,765.0,7650.0,2024-04-28
2024042801021038,DOLTI,26,32,60.0,438.0,26280.0,2024-04-28
2024042801021037,HATHY,51,26,100.0,828.1,82810.0,2024-04-28
2024042801021036,HATHY,50,26,200.0,828.2,165640.0,2024-04-28
2024042804006608,AHPC,26,57,10.0,163.0,1630.0,2024-04-28
2024042801021035,MMKJL,38,70,50.0,418.2,20910.0,2024-04-28
2024042801021034,MMKJL,38,16,10.0,418.2,4182.0,2024-04-28
2024042801021033,MMKJL,38,90,40.0,418.2,16728.0,2024-04-28
2024042801021032,MEL,20,6,10.0,234.8,2348.0,2024-04-28
2024042801021031,RAWA,36,33,10.0,488.9,4889.0,2024-04-28
2024042801021030,RAWA,36,58,20.0,483.8,9676.0,2024-04-28
2024042803016823,JBBL,56,53,10.0,284.8,2848.0,2024-04-28
2024042803016822,NICLBSL,7,56,240.0,646.2,155088.0,2024-04-28
2024042803016821,NICLBSL,57,56,100.0,646.5,64650.0,2024-04-28
2024042803016820,NICLBSL,43,56,10.0,647.0,6470.0,2024-04-28
2024042801021029,BEDC,4,42,10.0,363.0,3630.0,2024-04-28
2024042803016819,PFL,41,32,10.0,665.0,6650.0,2024-04-28
2024042804006607,SGIC,32,58,10.0,521.8,5218.0,2024-04-28
2024042804006606,LEC,94,28,96.0,185.0,17760.0,2024-04-28
2024042804006605,LEC,94,29,100.0,184.9,18490.0,2024-04-28
2024042804006604,LEC,94,29,100.0,184.6,18460.0,2024-04-28
2024042804006603,LEC,94,6,150.0,184.0,27600.0,2024-04-28
2024042804006602,LEC,94,56,200.0,184.0,36800.0,2024-04-28
2024042804006601,LEC,94,74,95.0,184.0,17480.0,2024-04-28
2024042804006600,LEC,94,29,100.0,184.0,18400.0,2024-04-28
2024042804006599,LEC,94,49,500.0,183.8,91900.0,2024-04-28
2024042804006598,LEC,94,52,199.0,183.3,36476.7,2024-04-28
2024042804006597,LEC,94,49,10.0,183.0,1830.0,2024-04-28
2024042804006596,LEC,94,42,40.0,183.0,7320.0,2024-04-28
2024042804006595,LEC,94,45,50.0,183.0,9150.0,2024-04-28
2024042804006594,LEC,94,57,400.0,182.0,72800.0,2024-04-28
2024042804006593,LEC,94,38,1000.0,182.0,182000.0,2024-04-28
2024042804006592,LEC,94,38,960.0,182.0,174720.0,2024-04-28
2024042801021028,RHGCL,25,5,100.0,339.0,33900.0,2024-04-28
2024042801021027,CYCL,66,42,10.0,1520.0,15200.0,2024-04-28
2024042803016818,GMFIL,60,5,20.0,388.0,7760.0,2024-04-28
2024042803016817,SJLIC,46,21,109.0,419.0,45671.0,2024-04-28
2024042804006591,RURU,58,45,31.0,509.0,15779.0,2024-04-28
2024042801021026,MHL,45,58,10.0,403.0,4030.0,2024-04-28
2024042801021025,TVCL,58,41,10.0,474.3,4743.0,2024-04-28
2024042801021024,MKHL,58,22,10.0,448.0,4480.0,2024-04-28
2024042803016816,GLBSL,62,71,20.0,1968.0,39360.0,2024-04-28
2024042803016815,GLBSL,62,41,30.0,1964.5,58935.0,2024-04-28
2024042803016814,GLBSL,62,35,100.0,1964.0,196400.0,2024-04-28
2024042803016813,MDB,88,62,205.0,435.5,89277.5,2024-04-28
2024042803016812,MDB,34,62,70.0,436.0,30520.0,2024-04-28
2024042803016811,MDB,58,62,300.0,437.1,131130.0,2024-04-28
2024042803016810,MDB,17,62,25.0,437.2,10930.0,2024-04-28
2024042803016809,MDB,38,62,200.0,437.5,87500.0,2024-04-28
2024042803016808,MDB,1,62,10.0,438.0,4380.0,2024-04-28
2024042803016807,MDB,49,62,100.0,439.0,43900.0,2024-04-28
2024042803016806,GRDBL,58,74,500.0,407.0,203500.0,2024-04-28
2024042801021023,MANDU,65,69,500.0,794.0,397000.0,2024-04-28
2024042801021022,MKHC,64,60,520.0,324.4,168688.0,2024-04-28
2024042801021021,MKHC,64,13,10.0,324.0,3240.0,2024-04-28
2024042801021020,MKHC,64,42,150.0,324.0,48600.0,2024-04-28
2024042801021019,MKHC,64,43,80.0,324.0,25920.0,2024-04-28
2024042801021018,MKHC,64,60,1000.0,323.0,323000.0,2024-04-28
2024042801021017,MKHC,64,48,1500.0,323.0,484500.0,2024-04-28
2024042801021016,MKHC,64,11,10.0,321.5,3215.0,2024-04-28
2024042801021015,MKHC,64,38,200.0,321.0,64200.0,2024-04-28
2024042801021014,MKHC,64,39,50.0,321.0,16050.0,2024-04-28
2024042801021013,MKHC,64,4,80.0,320.9,25672.0,2024-04-28
2024042801021012,PHCL,11,19,10.0,291.2,2912.0,2024-04-28
2024042803016805,MDB,49,17,21.0,440.0,9240.0,2024-04-28
2024042803016804,SWBBL,50,35,17.0,737.0,12529.0,2024-04-28
2024042801021011,SARBTM,53,53,180.0,790.0,142200.0,2024-04-28
2024042801021010,MMKJL,52,90,30.0,418.2,12546.0,2024-04-28
2024042801021009,MMKJL,52,58,10.0,418.0,4180.0,2024-04-28
2024042801021008,MMKJL,52,56,10.0,418.0,4180.0,2024-04-28
2024042801021007,MMKJL,52,90,50.0,418.0,20900.0,2024-04-28
2024042803016803,MPFL,59,48,50.0,446.3,22315.0,2024-04-28
2024042801021006,PPL,88,69,10.0,678.0,6780.0,2024-04-28
2024042801021005,SBL,50,28,56.0,217.0,12152.0,2024-04-28
2024042801021004,SBL,50,4,344.0,216.9,74613.6,2024-04-28
2024042801021003,PPL,50,69,20.0,678.0,13560.0,2024-04-28
2024042801021002,MLBS,71,35,10.0,1182.0,11820.0,2024-04-28
2024042804006590,HURJA,58,57,1000.0,290.1,290100.0,2024-04-28
2024042805003624,NTC,57,39,10.0,836.0,8360.0,2024-04-28
2024042801021001,GCIL,22,57,73.0,490.7,35821.1,2024-04-28
2024042801021000,GCIL,14,57,150.0,491.0,73650.0,2024-04-28
2024042801020999,GCIL,58,57,100.0,491.3,49130.0,2024-04-28
2024042801020998,GCIL,8,57,10.0,491.3,4913.0,2024-04-28
2024042801020997,GCIL,22,57,17.0,491.5,8355.5,2024-04-28
2024042801020996,VLUCL,18,34,20.0,466.0,9320.0,2024-04-28
2024042803016802,GUFL,33,22,20.0,765.0,15300.0,2024-04-28
2024042803016801,GUFL,33,34,80.0,765.0,61200.0,2024-04-28
2024042801020995,SRLI,38,19,20.0,437.9,8758.0,2024-04-28
2024042801020994,SRLI,38,45,10.0,437.0,4370.0,2024-04-28
2024042801020993,SRLI,38,55,20.0,437.0,8740.0,2024-04-28
2024042801020992,SRLI,38,25,10.0,437.0,4370.0,2024-04-28
2024042801020991,SRLI,38,34,10.0,437.0,4370.0,2024-04-28
2024042805003623,NRN,58,21,2000.0,512.0,1024000.0,2024-04-28
2024042801020990,SRLI,38,22,10.0,437.0,4370.0,2024-04-28
2024042801020989,SRLI,38,35,20.0,437.0,8740.0,2024-04-28
2024042801020988,SRLI,38,57,20.0,437.0,8740.0,2024-04-28
2024042801020987,SRLI,38,41,20.0,436.9,8738.0,2024-04-28
2024042801020986,SRLI,38,58,10.0,436.5,4365.0,2024-04-28
2024042801020985,SRLI,38,51,10.0,436.5,4365.0,2024-04-28
2024042801020984,SRLI,38,36,10.0,436.5,4365.0,2024-04-28
2024042801020983,SRLI,38,38,10.0,436.5,4365.0,2024-04-28
2024042801020982,SRLI,38,49,10.0,436.5,4365.0,2024-04-28
2024042801020981,SRLI,38,21,10.0,436.2,4362.0,2024-04-28
2024042801020980,SONA,4,38,300.0,449.0,134700.0,2024-04-28
2024042801020979,KBL,45,38,10.0,133.4,1334.0,2024-04-28
2024042805003622,HRL,55,21,30.0,595.6,17868.0,2024-04-28
2024042804006589,NGPL,43,43,400.0,315.2,126080.0,2024-04-28
2024042804006588,NGPL,74,43,200.0,315.4,63080.0,2024-04-28
2024042804006587,NGPL,17,43,400.0,315.4,126160.0,2024-04-28
2024042801020978,SNLI,36,52,10.0,588.9,5889.0,2024-04-28
2024042801020977,ULBSL,21,55,100.0,1390.0,139000.0,2024-04-28
2024042804006586,PMHPL,59,40,40.0,226.0,9040.0,2024-04-28
2024042803016800,GUFL,34,32,222.0,760.2,168764.4,2024-04-28
2024042803016799,GUFL,4,32,300.0,760.2,228060.0,2024-04-28
2024042803016798,GUFL,41,32,58.0,761.0,44138.0,2024-04-28
2024042803016797,GUFL,58,32,20.0,761.0,15220.0,2024-04-28
2024042801020976,PCBL,56,32,10.0,194.0,1940.0,2024-04-28
2024042804006585,CHL,58,94,497.0,320.0,159040.0,2024-04-28
2024042804006584,CHL,17,94,103.0,320.0,32960.0,2024-04-28
2024042803016796,MPFL,7,32,45.0,447.0,20115.0,2024-04-28
2024042803016795,RSDC,45,45,20.0,603.4,12068.0,2024-04-28
2024042803016794,RSDC,29,45,50.0,603.5,30175.0,2024-04-28
2024042803016793,SAPDBL,46,14,10.0,307.5,3075.0,2024-04-28
2024042801020975,SBI,5,34,25.0,274.8,6870.0,2024-04-28
2024042801020974,MKHC,5,4,10.0,320.9,3209.0,2024-04-28
2024042803016792,RLFL,45,65,49.0,385.1,18869.9,2024-04-28
2024042803016791,RLFL,26,65,50.0,385.2,19260.0,2024-04-28
2024042803016790,RLFL,58,65,91.0,385.3,35062.3,2024-04-28
2024042803016789,RLFL,26,65,100.0,385.5,38550.0,2024-04-28
2024042803016788,RLFL,1,65,200.0,385.5,77100.0,2024-04-28
2024042801020973,PPL,62,69,1407.0,678.0,953946.0,2024-04-28
2024042801020972,PPL,62,49,2000.0,672.0,1344000.0,2024-04-28
2024042801020971,PPL,62,21,300.0,672.0,201600.0,2024-04-28
2024042801020970,PPL,62,40,290.0,660.0,191400.0,2024-04-28
2024042801020969,PPL,62,47,250.0,619.1,154775.0,2024-04-28
2024042801020968,PPL,62,58,50.0,619.1,30955.0,2024-04-28
2024042801020967,PPL,62,37,15.0,619.1,9286.5,2024-04-28
2024042801020966,PPL,62,57,115.0,619.0,71185.0,2024-04-28
2024042801020965,PPL,62,25,500.0,619.0,309500.0,2024-04-28
2024042801020964,PPL,62,36,201.0,619.0,124419.0,2024-04-28
2024042801020963,PPL,62,65,220.0,619.0,136180.0,2024-04-28
2024042801020962,PPL,62,36,500.0,619.0,309500.0,2024-04-28
2024042801020961,PPL,62,58,10.0,618.7,6187.0,2024-04-28
2024042801020960,PPL,62,35,1000.0,618.5,618500.0,2024-04-28
2024042801020959,PPL,62,57,10.0,618.5,6185.0,2024-04-28
2024042801020958,PPL,62,58,10.0,618.4,6184.0,2024-04-28
2024042801020957,PPL,62,58,10.0,618.4,6184.0,2024-04-28
2024042801020956,PPL,62,47,10.0,618.4,6184.0,2024-04-28
2024042801020955,PPL,62,45,10.0,618.4,6184.0,2024-04-28
2024042801020954,PPL,62,58,10.0,618.4,6184.0,2024-04-28
2024042801020953,PPL,62,42,10.0,618.4,6184.0,2024-04-28
2024042801020952,PPL,62,29,760.0,618.4,469984.0,2024-04-28
2024042801020951,PPL,62,36,500.0,618.2,309100.0,2024-04-28
2024042801020950,PPL,62,58,10.0,618.0,6180.0,2024-04-28
2024042801020949,PPL,62,44,10.0,618.0,6180.0,2024-04-28
2024042801020948,PPL,62,40,10.0,618.0,6180.0,2024-04-28
2024042801020947,PPL,62,29,50.0,618.0,30900.0,2024-04-28
2024042801020946,PPL,62,65,10.0,618.0,6180.0,2024-04-28
2024042801020945,PPL,62,58,10.0,618.0,6180.0,2024-04-28
2024042801020944,PPL,62,62,63.0,618.0,38934.0,2024-04-28
2024042801020943,PPL,62,22,10.0,618.0,6180.0,2024-04-28
2024042801020942,PPL,62,8,30.0,618.0,18540.0,2024-04-28
2024042801020941,PPL,62,14,10.0,618.0,6180.0,2024-04-28
2024042801020940,PPL,62,38,10.0,618.0,6180.0,2024-04-28
2024042801020939,PPL,62,55,10.0,618.0,6180.0,2024-04-28
2024042801020938,PPL,62,3,32.0,618.0,19776.0,2024-04-28
2024042801020937,PPL,62,22,10.0,617.9,6179.0,2024-04-28
2024042801020936,PPL,62,58,80.0,617.0,49360.0,2024-04-28
2024042801020935,PPL,62,39,10.0,617.0,6170.0,2024-04-28
2024042801020934,PPL,62,39,100.0,615.0,61500.0,2024-04-28
2024042801020933,PPL,62,17,10.0,615.0,6150.0,2024-04-28
2024042801020932,PPL,62,39,10.0,615.0,6150.0,2024-04-28
2024042801020931,PPL,62,58,10.0,615.0,6150.0,2024-04-28
2024042801020930,PPL,62,44,10.0,612.0,6120.0,2024-04-28
2024042801020929,PPL,62,4,10.0,610.0,6100.0,2024-04-28
2024042801020928,PPL,62,57,10.0,610.0,6100.0,2024-04-28
2024042801020927,PPL,62,38,10.0,610.0,6100.0,2024-04-28
2024042801020926,PPL,62,59,10.0,610.0,6100.0,2024-04-28
2024042801020925,PPL,62,50,10.0,610.0,6100.0,2024-04-28
2024042801020924,PPL,62,49,10.0,610.0,6100.0,2024-04-28
2024042801020923,PPL,62,52,10.0,610.0,6100.0,2024-04-28
2024042801020922,PPL,62,29,10.0,609.0,6090.0,2024-04-28
2024042801020921,PPL,62,28,123.0,609.0,74907.0,2024-04-28
2024042801020920,PPL,62,35,50.0,609.0,30450.0,2024-04-28
2024042801020919,PPL,62,34,10.0,608.0,6080.0,2024-04-28
2024042801020918,PPL,62,28,32.0,608.0,19456.0,2024-04-28
2024042801020917,PPL,62,26,10.0,607.0,6070.0,2024-04-28
2024042801020916,PPL,62,28,202.0,607.0,122614.0,2024-04-28
2024042801020915,BGWT,65,8,37.0,609.9,22566.3,2024-04-28
2024042801020914,BGWT,65,34,150.0,609.0,91350.0,2024-04-28
2024042801020913,BGWT,65,45,93.0,609.0,56637.0,2024-04-28
2024042801020912,BGWT,65,49,10.0,608.9,6089.0,2024-04-28
2024042801020911,BGWT,65,45,200.0,608.9,121780.0,2024-04-28
2024042801020910,BGWT,65,42,40.0,608.9,24356.0,2024-04-28
2024042801020909,BGWT,65,58,500.0,608.0,304000.0,2024-04-28
2024042801020908,BGWT,65,45,200.0,608.0,121600.0,2024-04-28
2024042801020907,BGWT,65,89,670.0,608.0,407360.0,2024-04-28
2024042801020906,BGWT,65,34,10.0,607.0,6070.0,2024-04-28
2024042801020905,BGWT,65,58,10.0,607.0,6070.0,2024-04-28
2024042801020904,BGWT,65,60,200.0,606.0,121200.0,2024-04-28
2024042801020903,BGWT,65,28,50.0,606.0,30300.0,2024-04-28
2024042801020902,BGWT,65,58,10.0,605.0,6050.0,2024-04-28
2024042801020901,BGWT,65,16,10.0,605.0,6050.0,2024-04-28
2024042801020900,BGWT,65,39,10.0,605.0,6050.0,2024-04-28
2024042801020899,BGWT,65,49,10.0,605.0,6050.0,2024-04-28
2024042801020898,BGWT,65,36,10.0,603.0,6030.0,2024-04-28
2024042801020897,BGWT,65,38,10.0,602.9,6029.0,2024-04-28
2024042801020896,BGWT,65,57,10.0,601.0,6010.0,2024-04-28
2024042801020895,BGWT,65,16,60.0,600.0,36000.0,2024-04-28
2024042801020894,BGWT,65,58,10.0,600.0,6000.0,2024-04-28
2024042801020893,BGWT,65,35,10.0,600.0,6000.0,2024-04-28
2024042801020892,BGWT,65,42,10.0,600.0,6000.0,2024-04-28
2024042801020891,BGWT,65,38,10.0,600.0,6000.0,2024-04-28
2024042801020890,BGWT,65,42,10.0,599.7,5997.0,2024-04-28
2024042801020889,BGWT,65,36,90.0,599.0,53910.0,2024-04-28
2024042801020888,BGWT,65,42,10.0,599.0,5990.0,2024-04-28
2024042801020887,BGWT,65,57,100.0,599.0,59900.0,2024-04-28
2024042801020886,BGWT,65,62,70.0,598.0,41860.0,2024-04-28
2024042801020885,BGWT,65,29,50.0,598.0,29900.0,2024-04-28
2024042801020884,BGWT,65,71,80.0,598.0,47840.0,2024-04-28
2024042801020883,BGWT,65,35,20.0,595.9,11918.0,2024-04-28
2024042801020882,BGWT,65,74,10.0,595.8,5958.0,2024-04-28
2024042801020881,BGWT,65,42,100.0,595.0,59500.0,2024-04-28
2024042801020880,BGWT,65,58,10.0,594.0,5940.0,2024-04-28
2024042801020879,BGWT,65,29,10.0,591.5,5915.0,2024-04-28
2024042801020878,BGWT,65,47,100.0,591.0,59100.0,2024-04-28
2024042801020877,RHGCL,69,71,190.0,337.0,64030.0,2024-04-28
2024042803016787,KSBBL,38,19,294.0,358.0,105252.0,2024-04-28
2024042801020876,TAMOR,49,45,10.0,380.0,3800.0,2024-04-28
2024042801020875,TAMOR,49,81,40.0,379.9,15196.0,2024-04-28
2024042801020874,TAMOR,49,58,10.0,379.5,3795.0,2024-04-28
2024042801020873,TAMOR,49,42,10.0,379.0,3790.0,2024-04-28
2024042801020872,TAMOR,49,28,130.0,378.4,49192.0,2024-04-28
2024042803016786,ILBS,44,70,300.0,966.0,289800.0,2024-04-28
2024042801020871,NYADI,44,33,10.0,293.7,2937.0,2024-04-28
2024042803016785,ICFC,44,21,10.0,517.0,5170.0,2024-04-28
2024042803016784,WNLB,35,58,11.0,1372.0,15092.0,2024-04-28
2024042803016783,WNLB,35,59,29.0,1365.0,39585.0,2024-04-28
2024042804006583,AKJCL,52,7,10.0,208.0,2080.0,2024-04-28
2024042804006582,MEN,50,49,20.0,515.0,10300.0,2024-04-28
2024042805003621,NIFRA,59,41,100.0,197.3,19730.0,2024-04-28
2024042803016782,WNLB,58,14,12.0,1360.0,16320.0,2024-04-28
2024042801020870,SHIVM,34,10,100.0,503.0,50300.0,2024-04-28
2024042801020869,KBL,4,6,341.0,135.0,46035.0,2024-04-28
2024042801020868,KBL,4,66,200.0,135.0,27000.0,2024-04-28
2024042801020867,KBL,4,3,1000.0,135.0,135000.0,2024-04-28
2024042801020866,KBL,4,51,374.0,135.0,50490.0,2024-04-28
2024042801020865,KBL,4,19,285.0,135.0,38475.0,2024-04-28
2024042801020864,KBL,4,42,1000.0,135.0,135000.0,2024-04-28
2024042801020863,KBL,4,25,500.0,135.0,67500.0,2024-04-28
2024042801020862,KBL,4,45,1000.0,134.8,134800.0,2024-04-28
2024042801020861,KBL,4,14,40.0,134.6,5384.0,2024-04-28
2024042801020860,KBL,4,16,20.0,134.1,2682.0,2024-04-28
2024042801020859,KBL,4,52,1000.0,134.1,134100.0,2024-04-28
2024042801020858,KBL,4,43,400.0,134.0,53600.0,2024-04-28
2024042801020857,KBL,4,25,6503.0,134.0,871402.0,2024-04-28
2024042801020856,KBL,4,17,2337.0,133.9,312924.3,2024-04-28
2024042801020855,MBJC,47,1,10.0,302.0,3020.0,2024-04-28
2024042801020854,MBJC,47,11,10.0,302.0,3020.0,2024-04-28
2024042801020853,MBJC,47,21,34.0,300.5,10217.0,2024-04-28
2024042803016781,PFL,41,25,1000.0,665.0,665000.0,2024-04-28
2024042803016780,PFL,41,3,400.0,665.0,266000.0,2024-04-28
2024042805003620,BBC,47,10,10.0,3672.0,36720.0,2024-04-28
2024042803016779,SMFBS,25,90,10.0,1222.7,12227.0,2024-04-28
2024042801020852,EBL,45,74,108.0,505.0,54540.0,2024-04-28
2024042801020851,EBL,45,14,90.0,505.0,45450.0,2024-04-28
2024042803016778,KRBL,62,14,10.0,410.0,4100.0,2024-04-28
2024042801020850,SHLB,62,49,20.0,1233.0,24660.0,2024-04-28
2024042801020849,SHLB,62,28,10.0,1233.0,12330.0,2024-04-28
2024042801020848,SHLB,62,29,10.0,1230.0,12300.0,2024-04-28
2024042801020847,SHLB,62,45,60.0,1220.0,73200.0,2024-04-28
2024042801020846,SNLI,64,35,10.0,588.0,5880.0,2024-04-28
2024042801020845,SNLI,64,58,10.0,588.0,5880.0,2024-04-28
2024042801020844,SNLI,64,58,10.0,588.0,5880.0,2024-04-28
2024042801020843,SNLI,64,52,10.0,588.0,5880.0,2024-04-28
2024042801020842,SNLI,64,21,40.0,588.0,23520.0,2024-04-28
2024042801020841,SNLI,64,38,10.0,587.5,5875.0,2024-04-28
2024042801020840,ILI,72,8,670.0,565.0,378550.0,2024-04-28
2024042801020839,ILI,81,8,330.0,565.0,186450.0,2024-04-28
2024042803016777,NABBC,22,22,10.0,431.1,4311.0,2024-04-28
2024042803016776,PROFL,42,13,25.0,352.0,8800.0,2024-04-28
2024042801020838,MLBS,68,35,90.0,1182.0,106380.0,2024-04-28
2024042803016775,WNLB,35,22,60.0,1361.1,81666.0,2024-04-28
2024042803016774,NMBMF,35,36,10.0,595.0,5950.0,2024-04-28
2024042803016773,SFCL,22,41,100.0,342.6,34260.0,2024-04-28
2024042803016772,PFL,41,25,1000.0,656.0,656000.0,2024-04-28
2024042803016771,EDBL,14,21,24.0,362.7,8704.8,2024-04-28
2024042803016770,EDBL,14,36,50.0,362.5,18125.0,2024-04-28
2024042803016769,EDBL,14,38,25.0,362.0,9050.0,2024-04-28
2024042801020837,EBL,33,14,10.0,505.0,5050.0,2024-04-28
2024042801020836,UHEWA,32,52,90.0,407.0,36630.0,2024-04-28
2024042801020835,UHEWA,32,53,50.0,406.0,20300.0,2024-04-28
2024042801020834,UHEWA,32,58,10.0,405.0,4050.0,2024-04-28
2024042801020833,UHEWA,32,35,10.0,405.0,4050.0,2024-04-28
2024042801020832,UHEWA,32,49,170.0,405.0,68850.0,2024-04-28
2024042801020831,UHEWA,32,21,150.0,402.0,60300.0,2024-04-28
2024042801020830,UHEWA,32,36,120.0,401.9,48228.0,2024-04-28
2024042804006581,HEI,66,32,10.0,577.0,5770.0,2024-04-28
2024042801020829,MEL,58,51,200.0,234.0,46800.0,2024-04-28
2024042803016768,MPFL,51,32,10.0,447.0,4470.0,2024-04-28
2024042801020828,GCIL,22,25,33.0,491.5,16219.5,2024-04-28
2024042801020827,GCIL,36,25,20.0,491.6,9832.0,2024-04-28
2024042801020826,GCIL,36,25,189.0,491.7,92931.3,2024-04-28
2024042801020825,BHL,45,34,10.0,328.7,3287.0,2024-04-28
2024042801020824,TAMOR,19,6,10.0,371.5,3715.0,2024-04-28
2024042805003619,NRN,58,58,92.0,514.0,47288.0,2024-04-28
2024042805003618,NRN,58,42,208.0,513.9,106891.2,2024-04-28
2024042801020823,MANDU,65,69,180.0,805.0,144900.0,2024-04-28
2024042801020822,MANDU,65,11,10.0,800.0,8000.0,2024-04-28
2024042801020821,MANDU,65,51,10.0,799.0,7990.0,2024-04-28
2024042801020820,MANDU,65,17,300.0,799.0,239700.0,2024-04-28
2024042804006580,NICL,58,42,156.0,820.0,127920.0,2024-04-28
2024042804006579,NICL,58,34,90.0,819.9,73791.0,2024-04-28
2024042804006578,NICL,58,62,30.0,819.9,24597.0,2024-04-28
2024042804006577,NICL,58,44,100.0,819.8,81980.0,2024-04-28
2024042804006576,NICL,58,67,74.0,819.7,60657.8,2024-04-28
2024042804006575,NICL,58,45,50.0,819.6,40980.0,2024-04-28
2024042801020819,NICA,58,28,40.0,351.6,14064.0,2024-04-28
2024042801020818,SGHC,58,86,10.0,315.0,3150.0,2024-04-28
2024042801020817,ADBL,49,43,100.0,235.5,23550.0,2024-04-28
2024042801020816,LSL,22,44,10.0,149.0,1490.0,2024-04-28
2024042804006574,AKJCL,22,7,120.0,208.0,24960.0,2024-04-28
2024042804006573,AKJCL,22,32,180.0,208.0,37440.0,2024-04-28
2024042803016767,SFCL,22,53,100.0,342.6,34260.0,2024-04-28
2024042801020815,PPL,39,28,40.0,607.0,24280.0,2024-04-28
2024042803016766,PROFL,38,58,20.0,353.0,7060.0,2024-04-28
2024042801020814,VLUCL,35,4,10.0,470.0,4700.0,2024-04-28
2024042803016765,SWMF,59,26,10.0,738.0,7380.0,2024-04-28
2024042803016764,PMLI,56,55,10.0,501.8,5018.0,2024-04-28
2024042803016763,PMLI,56,34,70.0,501.8,35126.0,2024-04-28
2024042805003617,HIDCL,32,43,434.0,163.0,70742.0,2024-04-28
2024042801020813,SHIVM,16,10,10.0,503.0,5030.0,2024-04-28
2024042801020812,TVCL,45,41,10.0,474.3,4743.0,2024-04-28
2024042803016762,NLIC,4,45,200.0,590.0,118000.0,2024-04-28
2024042803016761,ACLBSL,62,19,10.0,774.0,7740.0,2024-04-28
2024042801020811,CYCL,62,19,20.0,1523.0,30460.0,2024-04-28
2024042804006572,RIDI,58,13,63.0,170.0,10710.0,2024-04-28
2024042804006571,RIDI,58,44,89.0,170.0,15130.0,2024-04-28
2024042804006570,RIDI,58,86,439.0,169.9,74586.1,2024-04-28
2024042804006569,RIDI,58,14,10.0,169.8,1698.0,2024-04-28
2024042804006568,RIDI,58,25,327.0,169.0,55263.0,2024-04-28
2024042804006567,RIDI,58,35,72.0,168.8,12153.6,2024-04-28
2024042801020810,JBLB,11,8,15.0,1286.3,19294.5,2024-04-28
2024042801020809,SHIVM,44,10,300.0,503.0,150900.0,2024-04-28
2024042803016760,CBBL,44,8,403.0,816.0,328848.0,2024-04-28
2024042804006566,UPPER,22,45,335.0,165.5,55442.5,2024-04-28
2024042801020808,SARBTM,42,53,179.0,790.0,141410.0,2024-04-28
2024042801020807,SARBTM,42,45,180.0,790.0,142200.0,2024-04-28
2024042804006565,HEI,11,32,335.0,577.0,193295.0,2024-04-28
2024042804006564,HEI,11,32,10.0,577.0,5770.0,2024-04-28
2024042801020806,PCBL,42,17,208.0,193.8,40310.4,2024-04-28
2024042804006563,RURU,57,90,10.0,513.9,5139.0,2024-04-28
2024042801020805,HIDCLP,32,38,2010.0,98.9,198789.0,2024-04-28
2024042801020804,PPL,62,59,10.0,606.3,6063.0,2024-04-28
2024042801020803,TSHL,74,66,45.0,496.4,22338.0,2024-04-28
2024042804006562,IGI,6,48,61.0,525.0,32025.0,2024-04-28
2024042801020802,BGWT,65,62,200.0,590.0,118000.0,2024-04-28
2024042803016759,MDB,62,17,151.0,440.0,66440.0,2024-04-28
2024042803016758,MDB,62,16,49.0,440.0,21560.0,2024-04-28
2024042801020801,MMKJL,85,64,50.0,417.0,20850.0,2024-04-28
2024042804006561,NGPL,17,62,600.0,315.4,189240.0,2024-04-28
2024042801020800,ILI,81,58,10.0,565.0,5650.0,2024-04-28
2024042801020799,RFPL,17,42,126.0,347.1,43734.6,2024-04-28
2024042801020798,RFPL,49,42,50.0,348.0,17400.0,2024-04-28
2024042801020797,RFPL,10,42,10.0,348.0,3480.0,2024-04-28
2024042801020796,RFPL,45,42,39.0,348.0,13572.0,2024-04-28
2024042801020795,PCBL,42,42,136.0,193.8,26356.8,2024-04-28
2024042801020794,PCBL,26,42,364.0,193.9,70579.6,2024-04-28
2024042804006560,SPDL,51,52,10.0,227.7,2277.0,2024-04-28
2024042803016757,PFL,41,41,20.0,655.0,13100.0,2024-04-28
2024042803016756,PFL,41,69,1000.0,652.8,652800.0,2024-04-28
2024042803016755,PFL,41,32,30.0,652.8,19584.0,2024-04-28
2024042803016754,PFL,41,1,7500.0,652.8,4896000.0,2024-04-28
2024042803016753,PFL,41,45,114.0,652.8,74419.2,2024-04-28
2024042803016752,PFL,41,71,1300.0,652.8,848640.0,2024-04-28
2024042803016751,PFL,41,32,100.0,652.8,65280.0,2024-04-28
2024042803016750,PFL,41,69,10.0,652.8,6528.0,2024-04-28
2024042803016749,PFL,41,26,100.0,652.8,65280.0,2024-04-28
2024042803016748,PFL,41,22,18.0,652.6,11746.8,2024-04-28
2024042803016747,PFL,41,22,250.0,652.0,163000.0,2024-04-28
2024042803016746,PFL,41,69,400.0,652.0,260800.0,2024-04-28
2024042803016745,PFL,41,71,2000.0,651.8,1303600.0,2024-04-28
2024042803016744,PFL,41,69,500.0,651.8,325900.0,2024-04-28
2024042803016743,PFL,41,44,100.0,651.8,65180.0,2024-04-28
2024042803016742,PFL,41,41,50.0,651.7,32585.0,2024-04-28
2024042803016741,PFL,41,69,10.0,651.7,6517.0,2024-04-28
2024042803016740,PFL,41,49,50.0,651.7,32585.0,2024-04-28
2024042803016739,PFL,41,67,100.0,651.5,65150.0,2024-04-28
2024042803016738,PFL,41,58,50.0,651.0,32550.0,2024-04-28
2024042803016737,PFL,41,26,200.0,651.0,130200.0,2024-04-28
2024042803016736,PFL,41,45,1000.0,650.0,650000.0,2024-04-28
2024042803016735,PFL,41,45,100.0,650.0,65000.0,2024-04-28
2024042803016734,PFL,41,29,10.0,650.0,6500.0,2024-04-28
2024042803016733,PFL,41,49,70.0,650.0,45500.0,2024-04-28
2024042803016732,PFL,41,59,10.0,650.0,6500.0,2024-04-28
2024042803016731,PFL,41,8,33.0,650.0,21450.0,2024-04-28
2024042803016730,PFL,41,52,17.0,650.0,11050.0,2024-04-28
2024042803016729,PFL,41,41,25.0,650.0,16250.0,2024-04-28
2024042803016728,PFL,41,8,100.0,649.9,64990.0,2024-04-28
2024042803016727,PFL,41,28,168.0,649.7,109149.6,2024-04-28
2024042803016726,PFL,41,56,200.0,649.7,129940.0,2024-04-28
2024042803016725,PFL,41,16,500.0,649.7,324850.0,2024-04-28
2024042803016724,PFL,41,35,96.0,649.3,62332.8,2024-04-28
2024042803016723,PFL,41,58,10.0,649.0,6490.0,2024-04-28
2024042803016722,PFL,41,28,1000.0,649.0,649000.0,2024-04-28
2024042803016721,PFL,41,58,25.0,649.0,16225.0,2024-04-28
2024042803016720,PFL,41,81,50.0,649.0,32450.0,2024-04-28
2024042803016719,PFL,41,34,100.0,648.7,64870.0,2024-04-28
2024042803016718,PFL,41,5,320.0,648.7,207584.0,2024-04-28
2024042803016717,PFL,41,61,1000.0,648.0,648000.0,2024-04-28
2024042803016716,PFL,41,54,100.0,647.7,64770.0,2024-04-28
2024042803016715,PFL,41,51,53.0,647.7,34328.1,2024-04-28
2024042803016714,PFL,41,36,82.0,647.7,53111.4,2024-04-28
2024042803016713,PFL,41,14,10.0,647.7,6477.0,2024-04-28
2024042803016712,PFL,41,59,10.0,647.7,6477.0,2024-04-28
2024042803016711,PFL,41,58,50.0,647.7,32385.0,2024-04-28
2024042803016710,PFL,41,51,10.0,647.7,6477.0,2024-04-28
2024042803016709,PFL,41,22,200.0,647.7,129540.0,2024-04-28
2024042803016708,PFL,41,1,50.0,647.7,32385.0,2024-04-28
2024042803016707,PFL,41,17,33.0,647.7,21374.1,2024-04-28
2024042803016706,PFL,41,21,100.0,647.0,64700.0,2024-04-28
2024042803016705,PFL,41,21,100.0,647.0,64700.0,2024-04-28
2024042803016704,PFL,41,6,50.0,647.0,32350.0,2024-04-28
2024042803016703,PFL,41,29,231.0,647.0,149457.0,2024-04-28
2024042803016702,PFL,41,41,99.0,647.0,64053.0,2024-04-28
2024042803016701,PFL,41,32,20.0,647.0,12940.0,2024-04-28
2024042803016700,PFL,41,13,100.0,647.0,64700.0,2024-04-28
2024042803016699,PFL,41,38,20.0,647.0,12940.0,2024-04-28
2024042803016698,PFL,41,28,1000.0,647.0,647000.0,2024-04-28
2024042803016697,PFL,41,32,104.0,647.0,67288.0,2024-04-28
2024042803016696,PFL,41,14,10.0,646.6,6466.0,2024-04-28
2024042803016695,PFL,41,32,50.0,646.6,32330.0,2024-04-28
2024042803016694,PFL,41,49,67.0,646.6,43322.2,2024-04-28
2024042803016693,PFL,41,1,50.0,646.6,32330.0,2024-04-28
2024042803016692,PFL,41,44,150.0,646.6,96990.0,2024-04-28
2024042803016691,PFL,41,58,17.0,646.6,10992.2,2024-04-28
2024042803016690,PFL,41,67,20.0,646.6,12932.0,2024-04-28
2024042803016689,PFL,41,51,10.0,646.1,6461.0,2024-04-28
2024042803016688,PFL,41,46,45.0,646.1,29074.5,2024-04-28
2024042803016687,PFL,41,4,300.0,646.1,193830.0,2024-04-28
2024042803016686,PFL,41,59,10.0,646.1,6461.0,2024-04-28
2024042803016685,PFL,41,5,20.0,646.1,12922.0,2024-04-28
2024042803016684,PFL,41,49,10.0,646.0,6460.0,2024-04-28
2024042803016683,PFL,41,10,100.0,646.0,64600.0,2024-04-28
2024042803016682,PFL,41,7,5000.0,646.0,3230000.0,2024-04-28
2024042803016681,PFL,41,11,100.0,646.0,64600.0,2024-04-28
2024042803016680,PFL,41,6,153.0,646.0,98838.0,2024-04-28
2024042803016679,PFL,41,17,500.0,646.0,323000.0,2024-04-28
2024042803016678,PFL,41,46,50.0,646.0,32300.0,2024-04-28
2024042803016677,PFL,41,46,100.0,646.0,64600.0,2024-04-28
2024042803016676,PFL,41,43,320.0,646.0,206720.0,2024-04-28
2024042803016675,PFL,41,35,125.0,646.0,80750.0,2024-04-28
2024042803016674,PFL,41,22,250.0,646.0,161500.0,2024-04-28
2024042803016673,PFL,41,6,304.0,645.6,196262.4,2024-04-28
2024042803016672,PFL,41,65,10.0,645.5,6455.0,2024-04-28
2024042803016671,PFL,41,42,143.0,645.3,92277.9,2024-04-28
2024042803016670,PFL,41,62,383.0,645.0,247035.0,2024-04-28
2024042803016669,PFL,41,28,100.0,645.0,64500.0,2024-04-28
2024042803016668,PFL,41,57,200.0,645.0,129000.0,2024-04-28
2024042803016667,PFL,41,6,200.0,645.0,129000.0,2024-04-28
2024042803016666,PFL,41,55,200.0,645.0,129000.0,2024-04-28
2024042803016665,PFL,41,44,200.0,645.0,129000.0,2024-04-28
2024042803016664,PFL,41,25,100.0,645.0,64500.0,2024-04-28
2024042803016663,PFL,41,59,337.0,645.0,217365.0,2024-04-28
2024042803016662,PFL,41,34,11.0,645.0,7095.0,2024-04-28
2024042803016661,PFL,41,57,68.0,645.0,43860.0,2024-04-28
2024042803016660,PFL,41,32,74.0,645.0,47730.0,2024-04-28
2024042803016659,PFL,41,51,129.0,645.0,83205.0,2024-04-28
2024042803016658,PFL,41,38,200.0,645.0,129000.0,2024-04-28
2024042803016657,PFL,41,34,112.0,645.0,72240.0,2024-04-28
2024042803016656,PFL,41,10,100.0,645.0,64500.0,2024-04-28
2024042803016655,PFL,41,85,20.0,645.0,12900.0,2024-04-28
2024042803016654,PFL,41,41,33.0,645.0,21285.0,2024-04-28
2024042803016653,PFL,41,13,200.0,645.0,129000.0,2024-04-28
2024042803016652,PFL,41,69,500.0,645.0,322500.0,2024-04-28
2024042803016651,PFL,41,34,10.0,645.0,6450.0,2024-04-28
2024042803016650,PFL,41,45,38.0,645.0,24510.0,2024-04-28
2024042803016649,PFL,41,33,35.0,645.0,22575.0,2024-04-28
2024042803016648,PFL,41,34,10.0,645.0,6450.0,2024-04-28
2024042803016647,PFL,41,14,100.0,645.0,64500.0,2024-04-28
2024042803016646,PFL,41,18,200.0,644.9,128980.0,2024-04-28
2024042803016645,PFL,41,32,100.0,644.6,64460.0,2024-04-28
2024042803016644,PFL,41,56,200.0,644.6,128920.0,2024-04-28
2024042803016643,PFL,41,39,500.0,644.0,322000.0,2024-04-28
2024042803016642,PFL,41,45,10.0,644.0,6440.0,2024-04-28
2024042803016641,PFL,41,28,200.0,644.0,128800.0,2024-04-28
2024042803016640,PFL,41,1,475.0,644.0,305900.0,2024-04-28
2024042803016639,PFL,41,13,10.0,644.0,6440.0,2024-04-28
2024042803016638,PFL,41,51,50.0,643.0,32150.0,2024-04-28
2024042803016637,PFL,41,42,500.0,642.6,321300.0,2024-04-28
2024042803016636,PFL,41,39,10.0,642.6,6426.0,2024-04-28
2024042803016635,PFL,41,17,20.0,642.6,12852.0,2024-04-28
2024042803016634,PFL,41,55,1000.0,642.6,642600.0,2024-04-28
2024042803016633,PFL,41,50,100.0,642.5,64250.0,2024-04-28
2024042803016632,PFL,41,28,300.0,642.4,192720.0,2024-04-28
2024042803016631,PFL,41,32,100.0,642.4,64240.0,2024-04-28
2024042803016630,PFL,41,3,10.0,642.0,6420.0,2024-04-28
2024042803016629,PFL,41,57,150.0,642.0,96300.0,2024-04-28
2024042803016628,PFL,41,69,80.0,642.0,51360.0,2024-04-28
2024042803016627,PFL,41,50,50.0,642.0,32100.0,2024-04-28
2024042803016626,PFL,41,49,10.0,642.0,6420.0,2024-04-28
2024042803016625,PFL,41,16,24.0,642.0,15408.0,2024-04-28
2024042803016624,PFL,41,44,10.0,642.0,6420.0,2024-04-28
2024042803016623,PFL,41,45,50.0,640.0,32000.0,2024-04-28
2024042803016622,PFL,41,38,200.0,640.0,128000.0,2024-04-28
2024042803016621,PFL,41,53,33.0,640.0,21120.0,2024-04-28
2024042803016620,PFL,41,49,55.0,640.0,35200.0,2024-04-28
2024042803016619,PFL,41,34,100.0,640.0,64000.0,2024-04-28
2024042803016618,PFL,41,29,10.0,640.0,6400.0,2024-04-28
2024042803016617,PFL,41,25,100.0,640.0,64000.0,2024-04-28
2024042803016616,PFL,41,45,30.0,640.0,19200.0,2024-04-28
2024042803016615,PFL,41,57,50.0,640.0,32000.0,2024-04-28
2024042803016614,PFL,41,44,63.0,640.0,40320.0,2024-04-28
2024042803016613,PFL,41,11,636.0,640.0,407040.0,2024-04-28
2024042803016612,PFL,41,21,246.0,640.0,157440.0,2024-04-28
2024042803016611,PFL,41,29,112.0,640.0,71680.0,2024-04-28
2024042803016610,PFL,41,55,100.0,640.0,64000.0,2024-04-28
2024042803016609,PFL,41,14,100.0,640.0,64000.0,2024-04-28
2024042803016608,PFL,41,45,100.0,640.0,64000.0,2024-04-28
2024042803016607,PFL,41,54,13.0,638.5,8300.5,2024-04-28
2024042803016606,PFL,41,32,50.0,638.0,31900.0,2024-04-28
2024042803016605,PFL,41,43,63.0,638.0,40194.0,2024-04-28
2024042803016604,PFL,41,72,500.0,638.0,319000.0,2024-04-28
2024042803016603,PFL,41,7,55.0,637.0,35035.0,2024-04-28
2024042803016602,PFL,41,57,17.0,637.0,10829.0,2024-04-28
2024042803016601,PFL,41,10,50.0,637.0,31850.0,2024-04-28
2024042803016600,PFL,41,22,150.0,637.0,95550.0,2024-04-28
2024042803016599,PFL,41,41,100.0,637.0,63700.0,2024-04-28
2024042803016598,PFL,41,39,17.0,637.0,10829.0,2024-04-28
2024042803016597,PFL,41,1,19.0,636.0,12084.0,2024-04-28
2024042803016596,PFL,41,40,500.0,636.0,318000.0,2024-04-28
2024042803016595,PFL,41,21,28.0,636.0,17808.0,2024-04-28
2024042803016594,PFL,41,58,37.0,635.0,23495.0,2024-04-28
2024042803016593,PFL,41,25,100.0,635.0,63500.0,2024-04-28
2024042803016592,PFL,41,49,50.0,635.0,31750.0,2024-04-28
2024042803016591,PFL,41,34,353.0,635.0,224155.0,2024-04-28
2024042803016590,PFL,41,7,112.0,635.0,71120.0,2024-04-28
2024042803016589,PFL,41,20,62.0,635.0,39370.0,2024-04-28
2024042803016588,PFL,41,45,1000.0,635.0,635000.0,2024-04-28
2024042803016587,PFL,41,56,14.0,635.0,8890.0,2024-04-28
2024042803016586,PFL,41,14,50.0,635.0,31750.0,2024-04-28
2024042803016585,PFL,41,58,169.0,635.0,107315.0,2024-04-28
2024042803016584,PFL,41,59,24.0,634.0,15216.0,2024-04-28
2024042803016583,PFL,41,88,140.0,634.0,88760.0,2024-04-28
2024042805003616,HRL,55,71,1000.0,595.6,595600.0,2024-04-28
2024042803016582,GUFL,57,28,10.0,761.0,7610.0,2024-04-28
2024042804006559,AKJCL,34,32,10.0,208.0,2080.0,2024-04-28
2024042805003615,CIT,28,4,10.0,2103.0,21030.0,2024-04-28
2024042801020793,MEL,58,16,30.0,234.0,7020.0,2024-04-28
2024042801020792,MEHL,44,45,20.0,312.0,6240.0,2024-04-28
2024042801020791,MEHL,44,45,130.0,315.0,40950.0,2024-04-28
2024042801020790,SMJC,6,51,150.0,365.0,54750.0,2024-04-28
2024042803016581,KMCDB,39,64,28.0,776.0,21728.0,2024-04-28
2024042801020789,SGHC,77,86,100.0,315.0,31500.0,2024-04-28
2024042804006558,UMRH,58,29,293.0,332.0,97276.0,2024-04-28
2024042804006557,NHPC,45,58,18.0,145.8,2624.4,2024-04-28
2024042803016580,PMLI,49,22,10.0,500.4,5004.0,2024-04-28
2024042801020788,RFPL,11,35,200.0,350.0,70000.0,2024-04-28
2024042803016579,GILB,41,26,10.0,1002.0,10020.0,2024-04-28
2024042801020787,MLBS,68,71,10.0,1182.0,11820.0,2024-04-28
2024042803016578,KRBL,58,14,111.0,410.3,45543.3,2024-04-28
2024042803016577,KRBL,40,14,99.0,410.5,40639.5,2024-04-28
2024042801020786,NESDO,34,45,10.0,1689.0,16890.0,2024-04-28
2024042801020785,IHL,21,50,10.0,380.0,3800.0,2024-04-28
2024042801020784,TVCL,32,41,193.0,474.3,91539.9,2024-04-28
2024042801020783,TVCL,32,45,60.0,474.2,28452.0,2024-04-28
2024042801020782,TVCL,32,13,25.0,473.2,11830.0,2024-04-28
2024042801020781,TVCL,32,16,300.0,473.2,141960.0,2024-04-28
2024042801020780,TVCL,32,46,15.0,473.2,7098.0,2024-04-28
2024042801020779,TVCL,32,19,30.0,473.2,14196.0,2024-04-28
2024042801020778,TVCL,32,40,1000.0,473.1,473100.0,2024-04-28
2024042801020777,TVCL,32,56,10.0,473.0,4730.0,2024-04-28
2024042801020776,TVCL,32,64,100.0,473.0,47300.0,2024-04-28
2024042801020775,TVCL,32,88,50.0,473.0,23650.0,2024-04-28
2024042801020774,TVCL,32,36,117.0,473.0,55341.0,2024-04-28
2024042801020773,NIMB,32,34,85.0,152.0,12920.0,2024-04-28
2024042801020772,BHPL,53,56,50.0,481.2,24060.0,2024-04-28
2024042801020771,SARBTM,65,45,20.0,790.0,15800.0,2024-04-28
2024042804006556,KKHC,34,19,252.0,224.0,56448.0,2024-04-28
2024042804006555,KKHC,21,19,148.0,224.2,33181.6,2024-04-28
2024042804006554,RIDI,58,35,11.0,168.8,1856.8,2024-04-28
2024042803016576,PFL,44,88,10.0,634.0,6340.0,2024-04-28
2024042801020770,NIMB,45,34,15.0,152.0,2280.0,2024-04-28
2024042803016575,LBBL,58,21,500.0,375.0,187500.0,2024-04-28
2024042801020769,SHIVM,29,10,93.0,503.0,46779.0,2024-04-28
2024042804006553,RHPL,25,4,10.0,269.0,2690.0,2024-04-28
2024042804006552,GHL,58,77,81.0,148.4,12020.4,2024-04-28
2024042804006551,CHCL,1,55,10.0,435.3,4353.0,2024-04-28
2024042801020768,TSHL,74,58,155.0,496.4,76942.0,2024-04-28
2024042801020767,TSHL,28,58,25.0,497.0,12425.0,2024-04-28
2024042801020766,TSHL,56,58,40.0,497.0,19880.0,2024-04-28
2024042804006550,RIDI,55,35,200.0,168.8,33760.0,2024-04-28
2024042804006549,RIDI,55,35,500.0,168.8,84400.0,2024-04-28
2024042804006548,RIDI,55,35,192.0,168.8,32409.6,2024-04-28
2024042804006547,RIDI,51,35,25.0,168.8,4220.0,2024-04-28
2024042804006546,HDHPC,52,3,305.0,130.0,39650.0,2024-04-28
2024042803016574,GUFL,5,28,30.0,761.0,22830.0,2024-04-28
2024042801020765,CLI,52,46,10.0,448.3,4483.0,2024-04-28
2024042804006545,AKPL,45,36,10.0,167.0,1670.0,2024-04-28
2024042801020764,HHL,32,42,160.0,354.0,56640.0,2024-04-28
2024042801020763,HHL,41,42,30.0,356.0,10680.0,2024-04-28
2024042801020762,HHL,26,42,10.0,356.0,3560.0,2024-04-28
2024042801020761,SONA,4,84,1000.0,449.0,449000.0,2024-04-28
2024042803016573,KLBSL,48,14,10.0,874.0,8740.0,2024-04-28
2024042804006544,BARUN,14,16,80.0,232.5,18600.0,2024-04-28
2024042804006543,JOSHI,34,72,10.0,338.0,3380.0,2024-04-28
2024042801020760,SRLI,38,32,95.0,436.0,41420.0,2024-04-28
2024042801020759,SRLI,38,57,40.0,436.0,17440.0,2024-04-28
2024042801020758,SRLI,38,45,10.0,436.0,4360.0,2024-04-28
2024042801020757,SRLI,38,22,10.0,436.0,4360.0,2024-04-28
2024042801020756,SRLI,38,52,10.0,436.0,4360.0,2024-04-28
2024042801020755,SRLI,38,35,20.0,435.0,8700.0,2024-04-28
2024042801020754,SRLI,38,7,10.0,435.0,4350.0,2024-04-28
2024042801020753,SRLI,38,42,10.0,435.0,4350.0,2024-04-28
2024042801020752,SRLI,38,41,145.0,435.0,63075.0,2024-04-28
2024042801020751,SRLI,38,58,20.0,435.0,8700.0,2024-04-28
2024042801020750,SRLI,38,52,20.0,435.0,8700.0,2024-04-28
2024042801020749,SRLI,38,57,10.0,435.0,4350.0,2024-04-28
2024042801020748,SRLI,38,1,100.0,434.0,43400.0,2024-04-28
2024042801020747,SRLI,38,91,10.0,433.0,4330.0,2024-04-28
2024042801020746,SRLI,38,35,90.0,433.0,38970.0,2024-04-28
2024042803016572,GLBSL,38,41,10.0,1964.5,19645.0,2024-04-28
2024042804006542,CHCL,22,55,200.0,435.3,87060.0,2024-04-28
2024042804006541,CHCL,38,55,145.0,435.3,63118.5,2024-04-28
2024042803016571,GUFL,55,71,100.0,761.0,76100.0,2024-04-28
2024042804006540,JOSHI,4,72,10.0,338.0,3380.0,2024-04-28
2024042803016570,NFS,66,45,60.0,490.0,29400.0,2024-04-28
2024042803016569,NFS,66,38,89.0,490.0,43610.0,2024-04-28
2024042803016568,NFS,66,50,651.0,489.9,318924.9,2024-04-28
2024042801020745,EHPL,57,6,20.0,470.0,9400.0,2024-04-28
2024042804006539,BPCL,45,33,73.0,294.0,21462.0,2024-04-28
2024042801020744,SHLB,19,36,25.0,1210.0,30250.0,2024-04-28
2024042801020743,ILI,49,42,85.0,566.0,48110.0,2024-04-28
2024042801020742,CKHL,60,58,10.0,515.0,5150.0,2024-04-28
2024042803016567,MPFL,58,32,10.0,447.0,4470.0,2024-04-28
2024042803016566,SHINE,42,11,190.0,366.0,69540.0,2024-04-28
2024042804006538,RURU,14,90,10.0,513.9,5139.0,2024-04-28
2024042804006537,UPPER,14,45,40.0,165.5,6620.0,2024-04-28
2024042801020741,BEDC,29,39,35.0,361.0,12635.0,2024-04-28
2024042804006536,CHCL,39,32,10.0,440.0,4400.0,2024-04-28
2024042804006535,HDHPC,32,4,1370.0,129.8,177826.0,2024-04-28
2024042804006534,HDHPC,58,4,130.0,129.8,16874.0,2024-04-28
2024042803016565,GRDBL,92,57,10.0,409.0,4090.0,2024-04-28
2024042805003614,HRL,55,33,710.0,595.6,422876.0,2024-04-28
2024042801020740,PRVU,1,56,10.0,138.7,1387.0,2024-04-28
2024042801020739,PRVU,57,56,50.0,138.8,6940.0,2024-04-28
2024042801020738,PRVU,29,56,35.0,138.8,4858.0,2024-04-28
2024042801020737,PRVU,32,56,20.0,138.8,2776.0,2024-04-28
2024042801020736,SRLI,4,43,10.0,430.7,4307.0,2024-04-28
2024042803016564,GILB,45,60,32.0,985.2,31526.4,2024-04-28
2024042803016563,GILB,4,60,150.0,986.0,147900.0,2024-04-28
2024042803016562,GILB,59,60,139.0,987.0,137193.0,2024-04-28
2024042803016561,GILB,62,60,359.0,987.3,354440.7,2024-04-28
2024042803016560,GILB,47,60,10.0,987.4,9874.0,2024-04-28
2024042801020735,ILI,46,42,10.0,566.0,5660.0,2024-04-28
2024042803016559,ACLBSL,62,75,50.0,771.0,38550.0,2024-04-28
2024042803016558,ACLBSL,62,42,10.0,770.1,7701.0,2024-04-28
2024042804006533,JOSHI,64,72,80.0,338.1,27048.0,2024-04-28
2024042803016557,PMLI,57,34,20.0,501.8,10036.0,2024-04-28
2024042803016556,SWBBL,57,34,30.0,739.9,22197.0,2024-04-28
2024042804006532,RHPL,51,28,80.0,268.1,21448.0,2024-04-28
2024042803016555,ICFC,45,55,250.0,515.2,128800.0,2024-04-28
2024042803016554,ICFC,42,55,50.0,515.2,25760.0,2024-04-28
2024042803016553,ICFC,38,55,10.0,516.0,5160.0,2024-04-28
2024042803016552,ICFC,29,55,190.0,516.0,98040.0,2024-04-28
2024042803016551,MFIL,13,45,11.0,518.5,5703.5,2024-04-28
2024042803016550,SLBBL,7,56,100.0,659.0,65900.0,2024-04-28
2024042801020734,SONA,4,45,490.0,449.0,220010.0,2024-04-28
2024042801020733,SONA,45,45,10.0,450.0,4500.0,2024-04-28
2024042801020732,CLI,45,72,10.0,448.9,4489.0,2024-04-28
2024042801020731,SONA,45,74,50.0,450.0,22500.0,2024-04-28
2024042801020730,SONA,45,22,30.0,450.0,13500.0,2024-04-28
2024042801020729,SONA,45,49,10.0,450.0,4500.0,2024-04-28
2024042801020728,TVCL,58,36,10.0,473.0,4730.0,2024-04-28
2024042803016549,MPFL,48,32,200.0,447.0,89400.0,2024-04-28
2024042804006531,AKPL,52,36,22.0,167.0,3674.0,2024-04-28
2024042804006530,AKPL,52,44,50.0,167.0,8350.0,2024-04-28
2024042803016548,GMFIL,19,54,200.0,386.0,77200.0,2024-04-28
2024042801020727,PCBL,26,57,136.0,193.9,26370.4,2024-04-28
2024042801020726,PCBL,49,57,10.0,193.9,1939.0,2024-04-28
2024042801020725,PCBL,42,57,54.0,193.9,10470.6,2024-04-28
2024042803016547,MDB,21,16,150.0,440.0,66000.0,2024-04-28
2024042801020724,MEL,58,38,10.0,234.0,2340.0,2024-04-28
2024042801020723,KDL,47,55,180.0,767.0,138060.0,2024-04-28
2024042803016546,PMLI,7,34,10.0,501.8,5018.0,2024-04-28
2024042801020722,JALPA,6,45,10.0,1239.0,12390.0,2024-04-28
2024042801020721,CYCL,62,19,20.0,1523.0,30460.0,2024-04-28
2024042801020720,CYCL,62,58,10.0,1520.0,15200.0,2024-04-28
2024042801020719,CYCL,62,45,12.0,1511.1,18133.2,2024-04-28
2024042801020718,CYCL,62,45,12.0,1515.1,18181.2,2024-04-28
2024042801020717,CYCL,62,45,12.0,1517.1,18205.2,2024-04-28
2024042801020716,ADBL,1,43,180.0,235.5,42390.0,2024-04-28
2024042801020715,SMHL,58,58,10.0,434.5,4345.0,2024-04-28
2024042801020714,SMHL,58,49,10.0,434.4,4344.0,2024-04-28
2024042801020713,SMHL,58,46,10.0,434.3,4343.0,2024-04-28
2024042801020712,SMHL,58,45,10.0,434.2,4342.0,2024-04-28
2024042801020711,SMHL,58,38,10.0,434.0,4340.0,2024-04-28
2024042801020710,SMHL,58,35,10.0,434.0,4340.0,2024-04-28
2024042801020709,SMHL,58,35,10.0,434.0,4340.0,2024-04-28
2024042801020708,SMHL,58,4,20.0,434.0,8680.0,2024-04-28
2024042801020707,SMHL,58,10,10.0,433.5,4335.0,2024-04-28
2024042801020706,SMHL,58,38,10.0,433.0,4330.0,2024-04-28
2024042801020705,SMHL,58,49,10.0,433.0,4330.0,2024-04-28
2024042801020704,SMHL,58,35,10.0,432.0,4320.0,2024-04-28
2024042801020703,SMHL,58,57,10.0,432.0,4320.0,2024-04-28
2024042801020702,SMHL,58,34,10.0,432.0,4320.0,2024-04-28
2024042801020701,SMHL,58,57,40.0,430.0,17200.0,2024-04-28
2024042801020700,SMHL,58,58,10.0,430.0,4300.0,2024-04-28
2024042801020699,MEL,58,49,10.0,234.0,2340.0,2024-04-28
2024042801020698,MEL,58,51,200.0,234.0,46800.0,2024-04-28
2024042801020697,MEL,58,29,50.0,234.0,11700.0,2024-04-28
2024042801020696,MEL,58,42,10.0,234.0,2340.0,2024-04-28
2024042801020695,MEL,58,26,10.0,234.0,2340.0,2024-04-28
2024042801020694,MEL,58,57,10.0,234.0,2340.0,2024-04-28
2024042801020693,MEL,58,58,20.0,234.0,4680.0,2024-04-28
2024042801020692,MEL,58,45,100.0,233.0,23300.0,2024-04-28
2024042801020691,MEL,58,51,200.0,233.0,46600.0,2024-04-28
2024042801020690,MEL,58,58,10.0,233.0,2330.0,2024-04-28
2024042801020689,MEL,58,34,10.0,233.0,2330.0,2024-04-28
2024042801020688,MEL,58,35,10.0,233.0,2330.0,2024-04-28
2024042801020687,MEL,58,28,10.0,233.0,2330.0,2024-04-28
2024042801020686,MEL,58,54,10.0,233.0,2330.0,2024-04-28
2024042801020685,MEL,58,32,10.0,233.0,2330.0,2024-04-28
2024042801020684,MEL,58,49,10.0,232.0,2320.0,2024-04-28
2024042801020683,MEL,58,51,100.0,232.0,23200.0,2024-04-28
2024042801020682,MEL,58,49,10.0,231.0,2310.0,2024-04-28
2024042801020681,MEL,58,6,20.0,231.0,4620.0,2024-04-28
2024042801020680,MEL,58,6,910.0,231.0,210210.0,2024-04-28
2024042801020679,NMB,53,43,10.0,169.7,1697.0,2024-04-28
2024042801020678,PPL,42,28,100.0,607.0,60700.0,2024-04-28
2024042803016545,BFC,36,41,72.0,394.0,28368.0,2024-04-28
2024042805003613,SMATA,52,41,25.0,715.2,17880.0,2024-04-28
2024042805003612,SMATA,41,41,20.0,715.5,14310.0,2024-04-28
2024042805003611,SMATA,13,41,30.0,716.0,21480.0,2024-04-28
2024042805003610,SMATA,17,41,25.0,717.0,17925.0,2024-04-28
2024042801020677,MHCL,54,48,100.0,376.9,37690.0,2024-04-28
2024042803016544,PROFL,57,58,370.0,353.0,130610.0,2024-04-28
2024042803016543,PROFL,57,44,30.0,352.9,10587.0,2024-04-28
2024042801020676,RFPL,34,35,500.0,350.0,175000.0,2024-04-28
2024042801020675,MKHL,58,34,200.0,445.1,89020.0,2024-04-28
2024042801020674,SONA,4,34,10.0,449.0,4490.0,2024-04-28
2024042801020673,IHL,21,50,10.0,380.0,3800.0,2024-04-28
2024042804006529,HURJA,36,26,300.0,291.0,87300.0,2024-04-28
2024042801020672,CITY,55,49,10.0,580.0,5800.0,2024-04-28
2024042801020671,CITY,55,38,10.0,577.0,5770.0,2024-04-28
2024042801020670,CITY,55,57,10.0,577.0,5770.0,2024-04-28
2024042803016542,SWBBL,50,56,18.0,737.0,13266.0,2024-04-28
2024042804006528,DHPL,10,43,10.0,196.8,1968.0,2024-04-28
2024042803016541,SINDU,19,69,170.0,366.9,62373.0,2024-04-28
2024042804006527,IGI,19,48,20.0,525.0,10500.0,2024-04-28
2024042804006526,IGI,35,48,419.0,525.0,219975.0,2024-04-28
2024042804006525,MEN,52,14,10.0,514.0,5140.0,2024-04-28
2024042801020669,HDL,38,42,10.0,1465.0,14650.0,2024-04-28
2024042803016540,SMB,62,32,20.0,1421.0,28420.0,2024-04-28
2024042804006524,SGIC,7,56,10.0,520.0,5200.0,2024-04-28
2024042801020668,MKHC,5,4,10.0,320.9,3209.0,2024-04-28
2024042805003609,ENL,7,58,10.0,816.7,8167.0,2024-04-28
2024042805003608,ENL,7,13,10.0,816.0,8160.0,2024-04-28
2024042805003607,ENL,7,21,10.0,816.0,8160.0,2024-04-28
2024042805003606,ENL,7,52,10.0,816.0,8160.0,2024-04-28
2024042805003605,ENL,7,6,90.0,816.0,73440.0,2024-04-28
2024042801020667,GBIME,45,13,163.0,176.0,28688.0,2024-04-28
2024042804006523,BARUN,63,16,10.0,232.5,2325.0,2024-04-28
2024042804006522,BARUN,63,50,160.0,232.0,37120.0,2024-04-28
2024042803016539,NICLBSL,43,57,420.0,647.0,271740.0,2024-04-28
2024042804006521,CHL,17,49,350.0,320.0,112000.0,2024-04-28
2024042804006520,HDHPC,35,3,44.0,130.0,5720.0,2024-04-28
2024042804006519,AHPC,58,16,49.0,162.9,7982.1,2024-04-28
2024042801020666,NRM,35,50,47.0,358.0,16826.0,2024-04-28
2024042801020665,NRM,85,50,410.0,358.0,146780.0,2024-04-28
2024042801020664,NRM,34,50,500.0,358.5,179250.0,2024-04-28
2024042804006518,AHPC,42,16,10.0,162.9,1629.0,2024-04-28
2024042801020663,HATHY,42,38,10.0,832.0,8320.0,2024-04-28
2024042801020662,KBL,93,17,150.0,133.9,20085.0,2024-04-28
2024042801020661,KBL,93,16,130.0,133.5,17355.0,2024-04-28
2024042801020660,KBL,93,55,220.0,133.5,29370.0,2024-04-28
2024042803016538,MPFL,59,41,88.0,446.3,39274.4,2024-04-28
2024042805003604,NIFRA,14,19,11.0,200.0,2200.0,2024-04-28
2024042805003603,NIFRA,14,58,64.0,200.0,12800.0,2024-04-28
2024042805003602,NIFRA,14,57,32.0,200.0,6400.0,2024-04-28
2024042805003601,NIFRA,14,32,54.0,200.0,10800.0,2024-04-28
2024042805003600,NIFRA,14,58,54.0,200.0,10800.0,2024-04-28
2024042805003599,NIFRA,14,39,50.0,200.0,10000.0,2024-04-28
2024042805003598,NIFRA,14,39,54.0,200.0,10800.0,2024-04-28
2024042805003597,NIFRA,14,58,54.0,200.0,10800.0,2024-04-28
2024042805003596,NIFRA,14,34,100.0,199.5,19950.0,2024-04-28
2024042805003595,NIFRA,14,47,54.0,199.0,10746.0,2024-04-28
2024042805003594,NIFRA,14,52,64.0,199.0,12736.0,2024-04-28
2024042805003593,NIFRA,14,42,54.0,199.0,10746.0,2024-04-28
2024042805003592,NIFRA,14,56,30.0,199.0,5970.0,2024-04-28
2024042805003591,NIFRA,14,45,64.0,198.0,12672.0,2024-04-28
2024042805003590,NIFRA,14,49,100.0,197.9,19790.0,2024-04-28
2024042805003589,NIFRA,14,44,43.0,197.5,8492.5,2024-04-28
2024042805003588,NIFRA,14,7,54.0,197.5,10665.0,2024-04-28
2024042805003587,NIFRA,14,58,54.0,197.3,10654.2,2024-04-28
2024042805003586,NIFRA,14,4,10.0,197.3,1973.0,2024-04-28
2024042801020659,SPHL,57,26,30.0,467.1,14013.0,2024-04-28
2024042801020658,SPHL,57,49,10.0,467.0,4670.0,2024-04-28
2024042801020657,SPHL,57,28,10.0,467.0,4670.0,2024-04-28
2024042801020656,SPHL,57,49,10.0,467.0,4670.0,2024-04-28
2024042801020655,SPHL,57,19,100.0,466.9,46690.0,2024-04-28
2024042801020654,SPHL,57,49,10.0,465.0,4650.0,2024-04-28
2024042801020653,SPHL,57,57,10.0,465.0,4650.0,2024-04-28
2024042801020652,SPHL,57,58,10.0,465.0,4650.0,2024-04-28
2024042801020651,SPHL,57,35,10.0,464.0,4640.0,2024-04-28
2024042803016537,WNLB,58,38,10.0,1360.0,13600.0,2024-04-28
2024042804006517,SJCL,13,41,50.0,270.9,13545.0,2024-04-28
2024042804006516,SJCL,13,34,20.0,270.0,5400.0,2024-04-28
2024042803016536,MPFL,62,32,740.0,447.0,330780.0,2024-04-28
2024042801020650,MBL,37,44,10.0,165.8,1658.0,2024-04-28
2024042803016535,HLI,7,48,20.0,389.5,7790.0,2024-04-28
2024042801020649,MANDU,65,69,20.0,805.0,16100.0,2024-04-28
2024042801020648,MANDU,65,58,10.0,805.0,8050.0,2024-04-28
2024042801020647,MANDU,65,65,120.0,804.1,96492.0,2024-04-28
2024042801020646,MANDU,65,32,50.0,804.0,40200.0,2024-04-28
2024042801020645,MANDU,65,37,50.0,804.0,40200.0,2024-04-28
2024042801020644,MANDU,65,41,10.0,804.0,8040.0,2024-04-28
2024042801020643,MANDU,65,38,10.0,804.0,8040.0,2024-04-28
2024042801020642,MANDU,65,42,40.0,804.0,32160.0,2024-04-28
2024042801020641,MANDU,65,36,40.0,803.0,32120.0,2024-04-28
2024042801020640,MANDU,65,42,10.0,802.0,8020.0,2024-04-28
2024042801020639,MANDU,65,42,10.0,802.0,8020.0,2024-04-28
2024042801020638,MANDU,65,35,10.0,801.0,8010.0,2024-04-28
2024042801020637,MANDU,65,4,100.0,801.0,80100.0,2024-04-28
2024042801020636,MANDU,65,45,10.0,800.0,8000.0,2024-04-28
2024042801020635,MANDU,65,10,10.0,800.0,8000.0,2024-04-28
2024042801020634,MANDU,65,34,100.0,800.0,80000.0,2024-04-28
2024042801020633,MANDU,65,11,50.0,800.0,40000.0,2024-04-28
2024042801020632,MANDU,65,16,40.0,800.0,32000.0,2024-04-28
2024042801020631,MANDU,65,25,10.0,800.0,8000.0,2024-04-28
2024042801020630,MANDU,65,10,10.0,800.0,8000.0,2024-04-28
2024042801020629,MANDU,65,52,320.0,800.0,256000.0,2024-04-28
2024042801020628,MANDU,65,6,10.0,800.0,8000.0,2024-04-28
2024042801020627,MANDU,65,49,10.0,800.0,8000.0,2024-04-28
2024042801020626,MANDU,65,3,500.0,800.0,400000.0,2024-04-28
2024042801020625,MANDU,65,45,10.0,800.0,8000.0,2024-04-28
2024042801020624,MANDU,65,50,100.0,800.0,80000.0,2024-04-28
2024042801020623,MANDU,65,32,300.0,800.0,240000.0,2024-04-28
2024042801020622,MANDU,65,48,20.0,799.9,15998.0,2024-04-28
2024042801020621,MANDU,65,35,10.0,799.0,7990.0,2024-04-28
2024042801020620,MANDU,65,58,10.0,799.0,7990.0,2024-04-28
2024042804006515,JOSHI,64,49,420.0,338.0,141960.0,2024-04-28
2024042801020619,MKHL,58,1,264.0,445.1,117506.4,2024-04-28
2024042801020618,MKHL,44,1,105.0,445.2,46746.0,2024-04-28
2024042801020617,KBL,53,55,270.0,133.5,36045.0,2024-04-28
2024042805003585,NIFRA,29,48,54.0,197.2,10648.8,2024-04-28
2024042804006514,SPDL,54,43,10.0,232.0,2320.0,2024-04-28
2024042803016534,RLFL,57,65,10.0,387.0,3870.0,2024-04-28
2024042804006513,MHNL,28,42,30.0,228.0,6840.0,2024-04-28
2024042804006512,MHNL,28,58,30.0,228.0,6840.0,2024-04-28
2024042804006511,MHNL,28,42,30.0,228.0,6840.0,2024-04-28
2024042804006510,MHNL,28,45,40.0,228.0,9120.0,2024-04-28
2024042804006509,MHNL,28,34,40.0,227.9,9116.0,2024-04-28
2024042804006508,MHNL,28,56,100.0,226.4,22640.0,2024-04-28
2024042804006507,MHNL,28,56,200.0,225.9,45180.0,2024-04-28
2024042805003584,HRL,55,40,10.0,595.6,5956.0,2024-04-28
2024042801020616,SHLB,57,36,50.0,1201.1,60055.0,2024-04-28
2024042803016533,KSBBL,36,19,10.0,360.0,3600.0,2024-04-28
2024042803016532,KSBBL,36,13,50.0,359.5,17975.0,2024-04-28
2024042801020615,CYCL,66,58,10.0,1520.0,15200.0,2024-04-28
2024042801020614,TVCL,47,32,10.0,468.0,4680.0,2024-04-28
2024042801020613,USHEC,51,7,10.0,370.0,3700.0,2024-04-28
2024042801020612,USHEC,51,49,10.0,370.0,3700.0,2024-04-28
2024042801020611,USHEC,51,5,150.0,370.0,55500.0,2024-04-28
2024042801020610,USHEC,51,7,10.0,370.0,3700.0,2024-04-28
2024042801020609,USHEC,51,58,10.0,370.0,3700.0,2024-04-28
2024042801020608,USHEC,51,42,10.0,370.0,3700.0,2024-04-28
2024042801020607,USHEC,51,58,10.0,369.9,3699.0,2024-04-28
2024042801020606,USHEC,51,4,370.0,369.9,136863.0,2024-04-28
2024042801020605,USHEC,51,62,40.0,369.0,14760.0,2024-04-28
2024042801020604,USHEC,77,62,10.0,369.0,3690.0,2024-04-28
2024042801020603,USHEC,77,6,150.0,369.0,55350.0,2024-04-28
2024042801020602,USHEC,77,62,10.0,369.0,3690.0,2024-04-28
2024042801020601,USHEC,77,35,10.0,368.0,3680.0,2024-04-28
2024042801020600,USHEC,77,56,100.0,368.0,36800.0,2024-04-28
2024042801020599,USHEC,77,38,20.0,368.0,7360.0,2024-04-28
2024042801020598,NIMB,45,6,15.0,152.0,2280.0,2024-04-28
2024042803016531,CBBL,44,8,100.0,816.0,81600.0,2024-04-28
2024042803016530,CBBL,44,45,100.0,815.5,81550.0,2024-04-28
2024042801020597,BHPL,53,17,50.0,481.0,24050.0,2024-04-28
2024042801020596,NICA,58,28,296.0,351.6,104073.6,2024-04-28
2024042801020595,NICA,58,59,166.0,351.6,58365.6,2024-04-28
2024042801020594,NICA,58,13,50.0,351.5,17575.0,2024-04-28
2024042801020593,NICA,58,33,38.0,351.5,13357.0,2024-04-28
2024042803016529,SIFC,22,58,100.0,422.0,42200.0,2024-04-28
2024042801020592,CLI,22,42,10.0,448.2,4482.0,2024-04-28
2024042803016528,GUFL,52,71,100.0,761.0,76100.0,2024-04-28
2024042803016527,GUFL,86,71,48.0,761.0,36528.0,2024-04-28
2024042803016526,GUFL,55,71,100.0,761.2,76120.0,2024-04-28
2024042803016525,GUFL,47,71,50.0,761.2,38060.0,2024-04-28
2024042803016524,MLBL,14,58,410.0,323.0,132430.0,2024-04-28
2024042803016523,MLBL,14,64,90.0,322.9,29061.0,2024-04-28
2024042801020591,TVCL,34,36,373.0,473.0,176429.0,2024-04-28
2024042801020590,TVCL,34,45,250.0,472.2,118050.0,2024-04-28
2024042801020589,TVCL,34,26,20.0,472.0,9440.0,2024-04-28
2024042801020588,TVCL,34,17,107.0,472.0,50504.0,2024-04-28
2024042801020587,TVCL,34,45,30.0,471.0,14130.0,2024-04-28
2024042801020586,TVCL,34,7,30.0,471.0,14130.0,2024-04-28
2024042801020585,TVCL,34,16,80.0,470.7,37656.0,2024-04-28
2024042801020584,TVCL,34,58,10.0,470.0,4700.0,2024-04-28
2024042801020583,ILI,81,21,100.0,565.0,56500.0,2024-04-28
2024042803016522,GUFL,57,66,14.0,762.0,10668.0,2024-04-28
2024042801020582,DOLTI,34,32,50.0,438.0,21900.0,2024-04-28
2024042804006506,UMHL,40,66,95.0,239.9,22790.5,2024-04-28
2024042803016521,GUFL,10,66,25.0,762.0,19050.0,2024-04-28
2024042803016520,ACLBSL,62,33,50.0,770.0,38500.0,2024-04-28
2024042804006505,JOSHI,33,49,80.0,338.0,27040.0,2024-04-28
2024042801020581,TAMOR,49,28,70.0,378.4,26488.0,2024-04-28
2024042801020580,TAMOR,49,58,10.0,378.4,3784.0,2024-04-28
2024042801020579,TAMOR,49,75,10.0,378.4,3784.0,2024-04-28
2024042801020578,TAMOR,49,58,10.0,378.0,3780.0,2024-04-28
2024042801020577,TAMOR,49,55,10.0,378.0,3780.0,2024-04-28
2024042801020576,TAMOR,49,49,10.0,377.9,3779.0,2024-04-28
2024042801020575,TAMOR,49,57,10.0,377.6,3776.0,2024-04-28
2024042801020574,TAMOR,49,49,40.0,377.6,15104.0,2024-04-28
2024042801020573,TAMOR,49,58,10.0,377.5,3775.0,2024-04-28
2024042801020572,TAMOR,49,58,10.0,377.5,3775.0,2024-04-28
2024042801020571,TAMOR,49,43,110.0,377.0,41470.0,2024-04-28
2024042801020570,RNLI,1,58,98.0,425.0,41650.0,2024-04-28
2024042804006504,UNHPL,49,45,100.0,225.0,22500.0,2024-04-28
2024042803016519,BFC,36,49,20.0,394.0,7880.0,2024-04-28
2024042803016518,BFC,58,49,30.0,394.0,11820.0,2024-04-28
2024042803016517,KSBBL,38,29,103.0,358.0,36874.0,2024-04-28
2024042803016516,KSBBL,17,29,397.0,358.1,142165.7,2024-04-28
2024042804006503,LEC,11,38,20.0,182.0,3640.0,2024-04-28
2024042803016515,BFC,58,32,69.0,395.0,27255.0,2024-04-28
2024042801020569,SMHL,65,54,100.0,429.0,42900.0,2024-04-28
2024042805003583,CHDC,26,8,350.0,789.0,276150.0,2024-04-28
2024042801020568,NBL,26,84,448.0,201.0,90048.0,2024-04-28
2024042801020567,NBL,26,17,52.0,201.0,10452.0,2024-04-28
2024042801020566,SHIVM,29,38,300.0,503.0,150900.0,2024-04-28
2024042803016514,KRBL,40,67,111.0,410.5,45565.5,2024-04-28
2024042803016513,KRBL,40,88,490.0,410.4,201096.0,2024-04-28
2024042803016512,KRBL,40,39,100.0,410.0,41000.0,2024-04-28
2024042803016511,KRBL,40,55,200.0,409.0,81800.0,2024-04-28
2024042801020565,HATHY,51,4,22.0,828.1,18218.2,2024-04-28
2024042801020564,MEHL,44,16,500.0,315.0,157500.0,2024-04-28
2024042801020563,SONA,4,91,130.0,449.0,58370.0,2024-04-28
2024042801020562,SONA,42,91,270.0,449.0,121230.0,2024-04-28
2024042801020561,NRM,65,52,130.0,360.0,46800.0,2024-04-28
2024042801020560,NRM,65,58,10.0,359.0,3590.0,2024-04-28
2024042801020559,NRM,65,57,10.0,359.0,3590.0,2024-04-28
2024042804006502,UPPER,42,8,120.0,165.0,19800.0,2024-04-28
2024042801020558,NMB,8,48,379.0,168.3,63785.7,2024-04-28
2024042801020557,NMB,8,48,100.0,168.5,16850.0,2024-04-28
2024042801020556,NMB,25,48,21.0,168.6,3540.6,2024-04-28
2024042803016510,MPFL,62,48,540.0,447.0,241380.0,2024-04-28
2024042801020555,NYADI,21,58,20.0,291.2,5824.0,2024-04-28
2024042801020554,NYADI,25,58,90.0,291.3,26217.0,2024-04-28
2024042801020553,NYADI,52,58,200.0,291.5,58300.0,2024-04-28
2024042801020552,NYADI,17,58,50.0,291.6,14580.0,2024-04-28
2024042801020551,NYADI,58,58,50.0,292.0,14600.0,2024-04-28
2024042801020550,NYADI,57,58,500.0,292.0,146000.0,2024-04-28
2024042801020549,NYADI,29,58,85.0,293.0,24905.0,2024-04-28
2024042803016509,GUFL,42,66,10.0,762.0,7620.0,2024-04-28
2024042803016508,GLBSL,38,39,10.0,1964.5,19645.0,2024-04-28
2024042803016507,GLBSL,38,44,19.0,1954.0,37126.0,2024-04-28
2024042803016506,GLBSL,38,50,13.0,1950.0,25350.0,2024-04-28
2024042804006501,SHL,66,29,100.0,431.9,43190.0,2024-04-28
2024042801020548,SMH,45,88,10.0,654.0,6540.0,2024-04-28
2024042801020547,SMH,45,88,30.0,654.1,19623.0,2024-04-28
2024042801020546,VLUCL,35,18,10.0,470.0,4700.0,2024-04-28
2024042803016505,NADEP,32,29,20.0,690.0,13800.0,2024-04-28
2024042805003582,HRL,55,58,20.0,595.6,11912.0,2024-04-28
2024042803016504,FOWAD,40,17,25.0,1125.0,28125.0,2024-04-28
2024042805003581,NRN,58,21,290.0,512.0,148480.0,2024-04-28
2024042805003580,NRN,58,21,500.0,512.5,256250.0,2024-04-28
2024042801020545,IHL,21,50,10.0,380.0,3800.0,2024-04-28
2024042804006500,HURJA,58,57,150.0,290.1,43515.0,2024-04-28
2024042803016503,MPFL,34,52,10.0,448.0,4480.0,2024-04-28
2024042801020544,TAMOR,36,43,90.0,377.0,33930.0,2024-04-28
2024042801020543,TAMOR,36,62,10.0,377.0,3770.0,2024-04-28
2024042801020542,NICA,57,55,10.0,351.2,3512.0,2024-04-28
2024042801020541,SPHL,59,58,10.0,463.0,4630.0,2024-04-28
2024042801020540,SPHL,59,5,250.0,463.0,115750.0,2024-04-28
2024042801020539,AVYAN,91,39,50.0,730.0,36500.0,2024-04-28
2024042803016502,PROFL,51,58,15.0,353.0,5295.0,2024-04-28
2024042803016501,PROFL,51,62,225.0,353.0,79425.0,2024-04-28
2024042803016500,NABBC,51,57,10.0,437.8,4378.0,2024-04-28
2024042804006499,SALICO,33,62,100.0,620.0,62000.0,2024-04-28
2024042801020538,NABIL,6,45,27.0,427.0,11529.0,2024-04-28
2024042801020537,NABIL,50,45,200.0,427.0,85400.0,2024-04-28
2024042801020536,NABIL,32,45,100.0,427.0,42700.0,2024-04-28
2024042801020535,NABIL,42,45,20.0,427.0,8540.0,2024-04-28
2024042801020534,NABIL,16,45,21.0,427.0,8967.0,2024-04-28
2024042801020533,NABIL,58,45,230.0,427.0,98210.0,2024-04-28
2024042801020532,NABIL,42,45,250.0,427.0,106750.0,2024-04-28
2024042801020531,NABIL,58,45,10.0,427.0,4270.0,2024-04-28
2024042801020530,NABIL,6,45,100.0,427.0,42700.0,2024-04-28
2024042801020529,NABIL,25,45,22.0,427.1,9396.2,2024-04-28
2024042801020528,NABIL,1,45,90.0,427.2,38448.0,2024-04-28
2024042801020527,NABIL,20,45,11.0,427.2,4699.2,2024-04-28
2024042803016499,SJLIC,49,21,20.0,419.0,8380.0,2024-04-28
2024042803016498,SJLIC,49,37,10.0,418.9,4189.0,2024-04-28
2024042803016497,ALBSL,10,35,10.0,747.0,7470.0,2024-04-28
2024042801020526,H8020,42,29,150.0,8.87,1330.5,2024-04-28
2024042803016496,SFCL,39,57,10.0,343.0,3430.0,2024-04-28
2024042804006498,RADHI,47,34,16.0,228.0,3648.0,2024-04-28
2024042801020525,GCIL,36,4,11.0,491.6,5407.6,2024-04-28
2024042803016495,PFL,34,36,300.0,633.0,189900.0,2024-04-28
2024042803016494,SFCL,13,57,300.0,343.0,102900.0,2024-04-28
2024042803016493,SFCL,13,1,100.0,343.0,34300.0,2024-04-28
2024042803016492,SFCL,13,53,100.0,343.0,34300.0,2024-04-28
2024042801020524,SBL,46,4,500.0,216.9,108450.0,2024-04-28
2024042803016491,SDLBSL,21,25,20.0,703.0,14060.0,2024-04-28
2024042801020523,PPL,62,44,10.0,606.3,6063.0,2024-04-28
2024042803016490,MDB,88,16,151.0,440.0,66440.0,2024-04-28
2024042803016489,MDB,88,38,49.0,440.0,21560.0,2024-04-28
2024042803016488,GLBSL,45,35,50.0,1943.0,97150.0,2024-04-28
2024042801020522,SONA,42,35,50.0,449.0,22450.0,2024-04-28
2024042804006497,JOSHI,33,53,300.0,338.0,101400.0,2024-04-28
2024042803016487,MPFL,49,52,50.0,448.0,22400.0,2024-04-28
2024042804006496,KPCL,50,25,20.0,396.0,7920.0,2024-04-28
2024042803016486,KSBBL,17,58,23.0,358.1,8236.3,2024-04-28
2024042804006495,API,75,63,681.0,171.0,116451.0,2024-04-28
2024042804006494,API,75,57,100.0,171.0,17100.0,2024-04-28
2024042804006493,API,75,41,199.0,171.0,34029.0,2024-04-28
2024042804006492,API,75,13,20.0,170.9,3418.0,2024-04-28
2024042801020521,RNLI,34,58,50.0,425.0,21250.0,2024-04-28
2024042804006491,NHDL,50,66,824.0,414.2,341300.8,2024-04-28
2024042804006490,NHDL,7,66,76.0,415.0,31540.0,2024-04-28
2024042804006489,NHDL,57,66,100.0,419.0,41900.0,2024-04-28
2024042803016485,GRDBL,58,3,100.0,407.0,40700.0,2024-04-28
2024042803016484,GUFL,5,66,10.0,762.0,7620.0,2024-04-28
2024042801020520,CYCL,62,29,30.0,1524.0,45720.0,2024-04-28
2024042801020519,CYCL,62,39,20.0,1523.0,30460.0,2024-04-28
2024042805003579,NRIC,25,44,10.0,708.0,7080.0,2024-04-28
2024042804006488,TRH,45,49,50.0,714.0,35700.0,2024-04-28
2024042804006487,TRH,1,49,70.0,714.0,49980.0,2024-04-28
2024042801020518,PPL,58,28,18.0,607.0,10926.0,2024-04-28
2024042801020517,MAKAR,58,33,30.0,373.0,11190.0,2024-04-28
2024042803016483,PROFL,57,17,500.0,351.1,175550.0,2024-04-28
2024042803016482,FMDBL,36,41,100.0,610.0,61000.0,2024-04-28
2024042801020516,BEDC,50,39,59.0,361.1,21304.9,2024-04-28
2024042803016481,SAPDBL,87,47,195.0,307.0,59865.0,2024-04-28
2024042803016480,SAPDBL,56,47,145.0,307.0,44515.0,2024-04-28
2024042801020515,MANDU,65,38,10.0,794.0,7940.0,2024-04-28
2024042803016479,PROFL,95,62,250.0,353.0,88250.0,2024-04-28
2024042803016478,USLB,62,55,20.0,1921.0,38420.0,2024-04-28
2024042801020514,NESDO,40,45,50.0,1681.0,84050.0,2024-04-28
2024042803016477,SFCL,49,22,304.0,342.5,104120.0,2024-04-28
2024042803016476,SFCL,45,22,100.0,342.6,34260.0,2024-04-28
2024042803016475,SFCL,22,22,96.0,342.6,32889.6,2024-04-28
2024042801020513,NWCL,49,56,10.0,734.0,7340.0,2024-04-28
2024042801020512,NWCL,49,68,10.0,734.0,7340.0,2024-04-28
2024042801020511,SHIVM,29,17,250.0,503.0,125750.0,2024-04-28
2024042801020510,SHIVM,29,10,57.0,503.0,28671.0,2024-04-28
2024042801020509,SHIVM,29,86,300.0,503.0,150900.0,2024-04-28
2024042804006486,SPDL,51,52,10.0,227.7,2277.0,2024-04-28
2024042801020508,RFPL,45,41,11.0,348.0,3828.0,2024-04-28
2024042803016474,GLBSL,45,41,146.0,1943.0,283678.0,2024-04-28
2024042803016473,GLBSL,62,41,54.0,1943.0,104922.0,2024-04-28
2024042803016472,PROFL,14,62,150.0,353.0,52950.0,2024-04-28
2024042801020507,RHGCL,74,57,10.0,333.1,3331.0,2024-04-28
2024042804006485,NICL,34,4,70.0,819.0,57330.0,2024-04-28
2024042801020506,MBL,58,38,1000.0,165.0,165000.0,2024-04-28
2024042803016471,CBBL,34,45,100.0,815.5,81550.0,2024-04-28
2024042803016470,HLBSL,38,56,36.0,709.0,25524.0,2024-04-28
2024042805003578,HRL,55,46,200.0,595.6,119120.0,2024-04-28
2024042803016469,SMFBS,25,54,10.0,1220.0,12200.0,2024-04-28
2024042805003577,HRL,55,1,20.0,595.6,11912.0,2024-04-28
2024042805003576,HRL,55,22,40.0,595.6,23824.0,2024-04-28
2024042801020505,JBLB,52,58,10.0,1288.0,12880.0,2024-04-28
2024042801020504,PPL,62,36,10.0,606.3,6063.0,2024-04-28
2024042801020503,TVCL,6,51,136.0,464.0,63104.0,2024-04-28
2024042804006484,UPPER,46,45,190.0,165.5,31445.0,2024-04-28
2024042804006483,UPPER,46,63,10.0,165.5,1655.0,2024-04-28
2024042804006482,UPPER,46,63,10.0,165.5,1655.0,2024-04-28
2024042804006481,UPPER,46,19,40.0,165.4,6616.0,2024-04-28
2024042801020502,MMKJL,85,46,10.0,417.0,4170.0,2024-04-28
2024042801020501,MMKJL,85,49,10.0,417.0,4170.0,2024-04-28
2024042801020500,MMKJL,85,22,10.0,417.0,4170.0,2024-04-28
2024042801020499,MMKJL,85,49,10.0,417.0,4170.0,2024-04-28
2024042801020498,MMKJL,85,32,10.0,417.0,4170.0,2024-04-28
2024042801020497,MMKJL,85,58,10.0,417.0,4170.0,2024-04-28
2024042801020496,MMKJL,85,46,10.0,416.5,4165.0,2024-04-28
2024042801020495,MMKJL,85,38,10.0,416.5,4165.0,2024-04-28
2024042801020494,MMKJL,85,49,1000.0,416.2,416200.0,2024-04-28
2024042801020493,MMKJL,85,49,1000.0,416.2,416200.0,2024-04-28
2024042801020492,MMKJL,85,45,10.0,416.0,4160.0,2024-04-28
2024042801020491,MMKJL,85,62,467.0,416.0,194272.0,2024-04-28
2024042801020490,MMKJL,85,56,10.0,416.0,4160.0,2024-04-28
2024042801020489,MMKJL,85,58,10.0,416.0,4160.0,2024-04-28
2024042801020488,MMKJL,85,58,10.0,416.0,4160.0,2024-04-28
2024042801020487,MMKJL,85,81,10.0,415.0,4150.0,2024-04-28
2024042801020486,MMKJL,85,16,10.0,415.0,4150.0,2024-04-28
2024042801020485,MMKJL,85,49,10.0,415.0,4150.0,2024-04-28
2024042801020484,MMKJL,85,28,215.0,415.0,89225.0,2024-04-28
2024042801020483,MMKJL,85,61,10.0,415.0,4150.0,2024-04-28
2024042801020482,MMKJL,85,35,10.0,415.0,4150.0,2024-04-28
2024042801020481,MMKJL,85,58,10.0,415.0,4150.0,2024-04-28
2024042801020480,MMKJL,85,43,10.0,415.0,4150.0,2024-04-28
2024042801020479,MMKJL,85,38,10.0,415.0,4150.0,2024-04-28
2024042803016468,SINDU,19,58,130.0,366.9,47697.0,2024-04-28
2024042803016467,GMFIL,19,5,10.0,388.0,3880.0,2024-04-28
2024042804006480,LEC,17,49,10.0,181.9,1819.0,2024-04-28
2024042804006479,LEC,17,34,450.0,181.9,81855.0,2024-04-28
2024042801020478,ILI,42,38,158.0,568.0,89744.0,2024-04-28
2024042801020477,ILI,42,38,10.0,567.8,5678.0,2024-04-28
2024042801020476,ILI,42,16,500.0,567.6,283800.0,2024-04-28
2024042801020475,ILI,42,3,10.0,567.0,5670.0,2024-04-28
2024042801020474,ILI,42,45,100.0,567.0,56700.0,2024-04-28
2024042801020473,ILI,42,70,55.0,567.0,31185.0,2024-04-28
2024042801020472,ILI,42,36,508.0,567.0,288036.0,2024-04-28
2024042801020471,ILI,42,7,40.0,566.0,22640.0,2024-04-28
2024042801020470,ILI,42,34,500.0,566.0,283000.0,2024-04-28
2024042801020469,ILI,42,45,10.0,566.0,5660.0,2024-04-28
2024042801020468,ILI,42,38,10.0,566.0,5660.0,2024-04-28
2024042801020467,ILI,42,48,10.0,566.0,5660.0,2024-04-28
2024042801020466,ILI,42,49,10.0,566.0,5660.0,2024-04-28
2024042801020465,ILI,42,22,79.0,566.0,44714.0,2024-04-28
2024042805003575,HRL,55,19,20.0,595.6,11912.0,2024-04-28
2024042805003574,CHDC,41,8,10.0,785.2,7852.0,2024-04-28
2024042801020464,TVCL,45,25,70.0,470.0,32900.0,2024-04-28
2024042801020463,TVCL,45,38,30.0,468.0,14040.0,2024-04-28
2024042801020462,NABIL,45,28,40.0,428.9,17156.0,2024-04-28
2024042801020461,NABIL,45,7,10.0,428.8,4288.0,2024-04-28
2024042801020460,NABIL,45,32,100.0,428.5,42850.0,2024-04-28
2024042801020459,NABIL,45,4,100.0,428.5,42850.0,2024-04-28
2024042801020458,NABIL,45,49,50.0,428.5,21425.0,2024-04-28
2024042801020457,NABIL,45,39,89.0,428.5,38136.5,2024-04-28
2024042801020456,NABIL,45,57,50.0,428.0,21400.0,2024-04-28
2024042801020455,NABIL,45,22,17.0,428.0,7276.0,2024-04-28
2024042801020454,NABIL,45,45,144.0,428.0,61632.0,2024-04-28
2024042801020453,MEHL,44,45,50.0,315.0,15750.0,2024-04-28
2024042803016466,SFCL,48,53,100.0,343.0,34300.0,2024-04-28
2024042805003573,HRL,55,35,20.0,595.6,11912.0,2024-04-28
2024042803016465,MPFL,62,52,20.0,447.0,8940.0,2024-04-28
2024042803016464,MPFL,42,26,490.0,449.9,220451.0,2024-04-28
2024042803016463,MPFL,42,52,500.0,449.8,224900.0,2024-04-28
2024042803016462,MPFL,42,49,10.0,449.0,4490.0,2024-04-28
2024042801020452,PCBL,58,32,250.0,194.0,48500.0,2024-04-28
2024042803016461,SMB,58,29,10.0,1422.9,14229.0,2024-04-28
2024042804006478,RIDI,51,14,100.0,168.8,16880.0,2024-04-28
2024042804006477,JOSHI,33,42,100.0,338.0,33800.0,2024-04-28
2024042804006476,HDHPC,3,3,500.0,130.0,65000.0,2024-04-28
2024042803016460,BFC,13,32,200.0,395.0,79000.0,2024-04-28
2024042801020451,SONA,42,65,30.0,449.0,13470.0,2024-04-28
2024042801020450,SONA,61,65,500.0,449.1,224550.0,2024-04-28
2024042801020449,SONA,51,65,490.0,449.1,220059.0,2024-04-28
2024042801020448,SONA,36,65,400.0,449.2,179680.0,2024-04-28
2024042801020447,SONA,58,65,500.0,449.3,224650.0,2024-04-28
2024042801020446,SONA,29,65,80.0,450.0,36000.0,2024-04-28
2024042803016459,NFS,35,7,59.0,489.0,28851.0,2024-04-28
2024042801020445,PPL,62,45,10.0,606.3,6063.0,2024-04-28
2024042804006475,CHCL,38,45,115.0,435.3,50059.5,2024-04-28
2024042801020444,ULHC,22,43,290.0,333.0,96570.0,2024-04-28
2024042801020443,ULHC,19,58,10.0,332.0,3320.0,2024-04-28
2024042803016458,MFIL,26,38,49.0,518.0,25382.0,2024-04-28
2024042801020442,IHL,21,50,10.0,380.0,3800.0,2024-04-28
2024042803016457,BFC,57,32,100.0,395.0,39500.0,2024-04-28
2024042803016456,NICLBSL,58,57,80.0,647.0,51760.0,2024-04-28
2024042805003572,CIT,38,38,67.0,2106.0,141102.0,2024-04-28
2024042805003571,CIT,38,41,174.0,2106.0,366444.0,2024-04-28
2024042805003570,CIT,38,57,20.0,2105.0,42100.0,2024-04-28
2024042805003569,CIT,38,16,13.0,2105.0,27365.0,2024-04-28
2024042805003568,CIT,38,42,100.0,2105.0,210500.0,2024-04-28
2024042805003567,CIT,38,57,16.0,2105.0,33680.0,2024-04-28
2024042805003566,CIT,38,19,50.0,2104.9,105245.0,2024-04-28
2024042805003565,CIT,38,45,50.0,2104.9,105245.0,2024-04-28
2024042805003564,CIT,38,13,10.0,2104.0,21040.0,2024-04-28
2024042801020441,MANDU,38,32,100.0,800.0,80000.0,2024-04-28
2024042803016455,PFL,34,53,400.0,633.0,253200.0,2024-04-28
2024042803016454,PFL,34,55,17.0,632.0,10744.0,2024-04-28
2024042803016453,PFL,34,57,50.0,631.9,31595.0,2024-04-28
2024042803016452,PFL,34,51,20.0,631.0,12620.0,2024-04-28
2024042803016451,PFL,34,21,61.0,631.0,38491.0,2024-04-28
2024042801020440,DORDI,17,56,500.0,414.0,207000.0,2024-04-28
2024042801020439,HHL,5,58,10.0,356.0,3560.0,2024-04-28
2024042801020438,HHL,5,58,10.0,356.0,3560.0,2024-04-28
2024042801020437,GBIME,44,6,126.0,175.5,22113.0,2024-04-28
2024042801020436,GBIME,22,6,247.0,175.6,43373.2,2024-04-28
2024042801020435,GBIME,58,6,67.0,175.6,11765.2,2024-04-28
2024042801020434,GBIME,35,6,62.0,175.7,10893.4,2024-04-28
2024042801020433,GBIME,45,6,167.0,175.7,29341.9,2024-04-28
2024042801020432,GBIME,38,6,311.0,175.7,54642.7,2024-04-28
2024042801020431,GBIME,48,6,20.0,175.8,3516.0,2024-04-28
2024042804006474,HPPL,46,20,100.0,259.0,25900.0,2024-04-28
2024042804006473,BPCL,6,19,50.0,294.0,14700.0,2024-04-28
2024042804006472,BPCL,43,19,50.0,294.0,14700.0,2024-04-28
2024042804006471,SGIC,22,20,120.0,522.0,62640.0,2024-04-28
2024042801020430,VLUCL,35,5,10.0,470.0,4700.0,2024-04-28
2024042803016450,GMFBS,17,35,90.0,1105.0,99450.0,2024-04-28
2024042805003563,NRN,58,81,1000.0,513.0,513000.0,2024-04-28
2024042801020429,SHIVM,49,86,200.0,503.0,100600.0,2024-04-28
2024042801020428,TVCL,6,58,50.0,464.0,23200.0,2024-04-28
2024042801020427,SHIVM,47,17,20.0,504.0,10080.0,2024-04-28
2024042801020426,SHIVM,47,13,480.0,503.9,241872.0,2024-04-28
2024042804006470,RHPL,51,55,660.0,268.1,176946.0,2024-04-28
2024042804006469,RHPL,26,55,40.0,268.2,10728.0,2024-04-28
2024042801020425,DOLTI,34,58,10.0,438.0,4380.0,2024-04-28
2024042801020424,DOLTI,34,58,10.0,436.0,4360.0,2024-04-28
2024042801020423,DOLTI,34,58,10.0,435.0,4350.0,2024-04-28
2024042801020422,DOLTI,34,35,20.0,434.0,8680.0,2024-04-28
2024042803016449,MPFL,62,34,200.0,447.0,89400.0,2024-04-28
2024042804006468,NLG,56,44,10.0,754.9,7549.0,2024-04-28
2024042801020421,CYCL,62,49,10.0,1523.0,15230.0,2024-04-28
2024042801020420,NICA,25,33,20.0,351.5,7030.0,2024-04-28
2024042801020419,SONA,29,38,10.0,450.0,4500.0,2024-04-28
2024042801020418,SONA,29,17,10.0,450.0,4500.0,2024-04-28
2024042801020417,NABIL,50,33,169.0,427.6,72264.4,2024-04-28
2024042804006467,JOSHI,17,42,200.0,338.0,67600.0,2024-04-28
2024042801020416,SHIVM,26,17,100.0,504.0,50400.0,2024-04-28
2024042803016448,BFC,17,32,560.0,395.0,221200.0,2024-04-28
2024042803016447,SAPDBL,56,50,100.0,307.0,30700.0,2024-04-28
2024042803016446,SAPDBL,56,34,80.0,307.0,24560.0,2024-04-28
2024042803016445,SAPDBL,56,22,80.0,307.0,24560.0,2024-04-28
2024042803016444,SAPDBL,56,74,95.0,306.8,29146.0,2024-04-28
2024042801020415,SMJC,52,56,100.0,364.2,36420.0,2024-04-28
2024042805003562,CHDC,51,32,10.0,787.0,7870.0,2024-04-28
2024042804006466,BARUN,65,50,200.0,232.0,46400.0,2024-04-28
2024042801020414,NABIL,20,62,189.0,427.2,80740.8,2024-04-28
2024042801020413,NABIL,45,62,11.0,427.2,4699.2,2024-04-28
2024042803016443,ACLBSL,62,33,100.0,770.0,77000.0,2024-04-28
2024042801020412,NIMB,22,8,150.0,151.4,22710.0,2024-04-28
2024042801020411,MEHL,44,38,200.0,315.0,63000.0,2024-04-28
2024042801020410,MEHL,44,34,40.0,315.0,12600.0,2024-04-28
2024042801020409,MEHL,44,19,10.0,315.0,3150.0,2024-04-28
2024042801020408,MEHL,44,46,10.0,315.0,3150.0,2024-04-28
2024042801020407,MEHL,44,52,10.0,315.0,3150.0,2024-04-28
2024042801020406,MEHL,44,16,40.0,315.0,12600.0,2024-04-28
2024042803016442,ILBS,44,55,150.0,967.0,145050.0,2024-04-28
2024042803016441,ILBS,44,45,50.0,966.3,48315.0,2024-04-28
2024042801020405,SIKLES,35,36,10.0,504.5,5045.0,2024-04-28
2024042803016440,GUFL,86,35,52.0,761.0,39572.0,2024-04-28
2024042803016439,GUFL,45,35,500.0,761.0,380500.0,2024-04-28
2024042803016438,GUFL,49,35,100.0,761.0,76100.0,2024-04-28
2024042803016437,GUFL,65,35,50.0,761.0,38050.0,2024-04-28
2024042803016436,GUFL,55,35,200.0,761.0,152200.0,2024-04-28
2024042803016435,GUFL,34,35,50.0,761.2,38060.0,2024-04-28
2024042803016434,GUFL,42,35,48.0,765.0,36720.0,2024-04-28
2024042803016433,BFC,58,49,50.0,396.0,19800.0,2024-04-28
2024042804006465,JOSHI,21,42,89.0,339.0,30171.0,2024-04-28
2024042801020404,KBSH,28,34,10.0,1045.0,10450.0,2024-04-28
2024042801020403,KBSH,28,1,10.0,1044.0,10440.0,2024-04-28
2024042801020402,KBSH,28,49,10.0,1030.0,10300.0,2024-04-28
2024042801020401,RNLI,1,58,100.0,425.0,42500.0,2024-04-28
2024042801020400,SHIVM,29,17,100.0,504.0,50400.0,2024-04-28
2024042803016432,PMLI,38,35,10.0,501.0,5010.0,2024-04-28
2024042803016431,PFL,34,48,100.0,630.0,63000.0,2024-04-28
2024042804006464,IGI,35,42,81.0,525.0,42525.0,2024-04-28
2024042804006463,IGI,6,42,200.0,525.0,105000.0,2024-04-28
2024042804006462,IGI,48,42,500.0,525.0,262500.0,2024-04-28
2024042804006461,IGI,14,42,50.0,525.0,26250.0,2024-04-28
2024042804006460,IGI,6,42,500.0,525.1,262550.0,2024-04-28
2024042804006459,IGI,19,42,100.0,525.6,52560.0,2024-04-28
2024042804006458,IGI,50,42,269.0,525.6,141386.4,2024-04-28
2024042804006457,IGI,62,42,300.0,525.7,157710.0,2024-04-28
2024042804006456,MHNL,38,42,50.0,225.0,11250.0,2024-04-28
2024042803016430,NADEP,32,41,10.0,690.0,6900.0,2024-04-28
2024042803016429,NADEP,26,41,100.0,690.0,69000.0,2024-04-28
2024042803016428,NADEP,88,41,90.0,690.0,62100.0,2024-04-28
2024042803016427,NADEP,88,41,20.0,694.0,13880.0,2024-04-28
2024042801020399,CLI,22,75,10.0,448.2,4482.0,2024-04-28
2024042801020398,SONA,36,36,190.0,449.2,85348.0,2024-04-28
2024042801020397,AHL,57,52,20.0,446.0,8920.0,2024-04-28
2024042803016426,PFL,34,57,461.0,630.0,290430.0,2024-04-28
2024042803016425,PFL,35,57,79.0,630.0,49770.0,2024-04-28
2024042801020396,NICA,58,33,200.0,351.5,70300.0,2024-04-28
2024042801020395,NMB,59,43,18.0,169.7,3054.6,2024-04-28
2024042804006455,KKHC,34,34,10.0,225.0,2250.0,2024-04-28
2024042804006454,RURU,16,38,32.0,509.0,16288.0,2024-04-28
2024042804006453,RURU,42,38,30.0,509.2,15276.0,2024-04-28
2024042804006452,RURU,3,38,50.0,509.5,25475.0,2024-04-28
2024042804006451,RURU,47,38,100.0,510.0,51000.0,2024-04-28
2024042804006450,RURU,6,38,352.0,510.0,179520.0,2024-04-28
2024042804006449,RURU,57,38,16.0,510.1,8161.6,2024-04-28
2024042801020394,CYCL,62,56,20.0,1520.1,30402.0,2024-04-28
2024042804006448,JOSHI,58,6,73.0,337.8,24659.4,2024-04-28
2024042804006447,JOSHI,61,6,15.0,338.0,5070.0,2024-04-28
2024042804006446,JOSHI,42,6,312.0,338.0,105456.0,2024-04-28
2024042804006445,JOSHI,34,6,1000.0,338.1,338100.0,2024-04-28
2024042803016424,MPFL,29,49,90.0,449.0,40410.0,2024-04-28
2024042803016423,MPFL,29,51,100.0,448.0,44800.0,2024-04-28
2024042803016422,MPFL,29,51,310.0,448.0,138880.0,2024-04-28
2024042803016421,NFS,19,50,49.0,489.9,24005.1,2024-04-28
2024042803016420,BFC,17,48,200.0,395.0,79000.0,2024-04-28
2024042801020393,TSHL,56,47,210.0,497.0,104370.0,2024-04-28
2024042801020392,TSHL,34,47,50.0,498.0,24900.0,2024-04-28
2024042801020391,TSHL,8,47,90.0,498.0,44820.0,2024-04-28
2024042801020390,TSHL,22,47,100.0,498.0,49800.0,2024-04-28
2024042801020389,TSHL,34,47,50.0,499.0,24950.0,2024-04-28
2024042801020388,MEHL,36,16,10.0,315.0,3150.0,2024-04-28
2024042801020387,MEL,17,55,830.0,230.7,191481.0,2024-04-28
2024042801020386,MEL,6,55,100.0,230.8,23080.0,2024-04-28
2024042801020385,MEL,58,55,70.0,230.9,16163.0,2024-04-28
2024042803016419,USLB,34,55,100.0,1921.0,192100.0,2024-04-28
2024042803016418,SADBL,16,53,100.0,299.8,29980.0,2024-04-28
2024042804006444,UMRH,42,58,10.0,331.0,3310.0,2024-04-28
2024042804006443,UMRH,16,58,490.0,331.6,162484.0,2024-04-28
2024042803016417,MPFL,66,51,130.0,448.0,58240.0,2024-04-28
2024042803016416,MFIL,13,38,11.0,518.0,5698.0,2024-04-28
2024042804006442,SHPC,56,5,611.0,329.0,201019.0,2024-04-28
2024042804006441,SHPC,56,1,14.0,328.0,4592.0,2024-04-28
2024042804006440,SHPC,56,46,10.0,327.4,3274.0,2024-04-28
2024042804006439,SHPC,56,21,305.0,327.0,99735.0,2024-04-28
2024042804006438,SHPC,56,34,50.0,326.9,16345.0,2024-04-28
2024042801020384,SGHC,35,38,10.0,312.0,3120.0,2024-04-28
2024042801020383,SGHC,42,38,70.0,312.0,21840.0,2024-04-28
2024042801020382,SGHC,35,38,20.0,313.0,6260.0,2024-04-28
2024042803016415,JBBL,51,43,457.0,283.8,129696.6,2024-04-28
2024042803016414,JBBL,25,43,16.0,283.9,4542.4,2024-04-28
2024042801020381,UHEWA,13,53,10.0,398.1,3981.0,2024-04-28
2024042803016413,ICFC,29,49,10.0,516.0,5160.0,2024-04-28
2024042803016412,MNBBL,35,66,50.0,337.9,16895.0,2024-04-28
2024042801020380,HBL,35,64,13.0,176.0,2288.0,2024-04-28
2024042801020379,PPL,62,21,500.0,606.3,303150.0,2024-04-28
2024042805003561,NRIC,21,16,10.0,708.0,7080.0,2024-04-28
2024042803016411,FMDBL,36,25,100.0,610.0,61000.0,2024-04-28
2024042803016410,FMDBL,36,62,20.0,610.0,12200.0,2024-04-28
2024042803016409,FMDBL,36,62,90.0,609.0,54810.0,2024-04-28
2024042803016408,FMDBL,36,29,10.0,608.8,6088.0,2024-04-28
2024042803016407,FMDBL,36,29,17.0,608.7,10347.9,2024-04-28
2024042803016406,FMDBL,36,38,89.0,607.0,54023.0,2024-04-28
2024042803016405,FMDBL,36,21,50.0,606.9,30345.0,2024-04-28
2024042804006437,UNHPL,55,45,35.0,225.0,7875.0,2024-04-28
2024042804006436,PRIN,56,26,10.0,774.9,7749.0,2024-04-28
2024042805003560,CIT,28,51,14.0,2103.0,29442.0,2024-04-28
2024042801020378,SHIVM,13,10,50.0,503.0,25150.0,2024-04-28
2024042804006435,CHL,17,6,47.0,320.0,15040.0,2024-04-28
2024042804006434,CHL,84,6,40.0,320.1,12804.0,2024-04-28
2024042803016404,PROFL,1,62,305.0,353.0,107665.0,2024-04-28
2024042803016403,PROFL,1,22,195.0,353.0,68835.0,2024-04-28
2024042804006433,GLH,14,52,10.0,203.9,2039.0,2024-04-28
2024042801020377,HDL,35,42,30.0,1465.0,43950.0,2024-04-28
2024042801020376,SCB,41,33,86.0,524.0,45064.0,2024-04-28
2024042803016402,PROFL,42,17,283.0,352.9,99870.7,2024-04-28
2024042801020375,GBIME,42,13,20.0,176.0,3520.0,2024-04-28
2024042804006432,GHL,58,47,100.0,148.2,14820.0,2024-04-28
2024042803016401,ILBS,95,55,111.0,967.0,107337.0,2024-04-28
2024042803016400,ILBS,95,56,10.0,966.9,9669.0,2024-04-28
2024042803016399,ILBS,95,7,79.0,966.9,76385.1,2024-04-28
2024042803016398,ILBS,95,40,100.0,966.4,96640.0,2024-04-28
2024042801020374,HATHY,51,37,47.0,828.1,38920.7,2024-04-28
2024042801020373,HATHY,39,37,168.0,828.1,139120.8,2024-04-28
2024042801020372,HATHY,55,37,150.0,828.2,124230.0,2024-04-28
2024042801020371,HATHY,50,37,200.0,829.0,165800.0,2024-04-28
2024042801020370,DOLTI,56,32,10.0,430.0,4300.0,2024-04-28
2024042801020369,SNLI,34,58,10.0,585.5,5855.0,2024-04-28
2024042801020368,SHLB,13,36,10.0,1210.0,12100.0,2024-04-28
2024042801020367,VLUCL,18,34,10.0,466.0,4660.0,2024-04-28
2024042801020366,VLUCL,65,34,200.0,466.0,93200.0,2024-04-28
2024042801020365,VLUCL,43,34,50.0,467.0,23350.0,2024-04-28
2024042801020364,VLUCL,51,34,70.0,467.0,32690.0,2024-04-28
2024042801020363,VLUCL,45,34,70.0,468.0,32760.0,2024-04-28
2024042803016397,SIFC,22,49,45.0,422.0,18990.0,2024-04-28
2024042803016396,SIFC,22,32,280.0,422.0,118160.0,2024-04-28
2024042803016395,PFL,49,21,39.0,631.0,24609.0,2024-04-28
2024042803016394,JFL,49,49,120.0,470.0,56400.0,2024-04-28
2024042804006431,AKJCL,42,36,100.0,207.0,20700.0,2024-04-28
2024042803016393,SIFC,21,32,190.0,422.0,80180.0,2024-04-28
2024042805003559,CIT,28,42,39.0,2103.0,82017.0,2024-04-28
2024042805003558,CIT,28,50,15.0,2103.0,31545.0,2024-04-28
2024042801020362,IHL,57,13,50.0,378.0,18900.0,2024-04-28
2024042803016392,SFCL,22,57,100.0,342.6,34260.0,2024-04-28
2024042803016391,SFCL,38,57,200.0,343.0,68600.0,2024-04-28
2024042801020361,MANDU,65,58,10.0,794.0,7940.0,2024-04-28
2024042804006430,AKPL,19,58,100.0,166.1,16610.0,2024-04-28
2024042804006429,IGI,34,13,37.0,529.0,19573.0,2024-04-28
2024042804006428,IGI,34,58,52.0,529.0,27508.0,2024-04-28
2024042804006427,IGI,34,4,50.0,528.0,26400.0,2024-04-28
2024042804006426,IGI,34,20,11.0,528.0,5808.0,2024-04-28
2024042804006425,IGI,34,13,50.0,527.0,26350.0,2024-04-28
2024042804006424,IGI,34,49,100.0,527.0,52700.0,2024-04-28
2024042804006423,IGI,34,42,100.0,526.9,52690.0,2024-04-28
2024042804006422,IGI,34,41,100.0,526.8,52680.0,2024-04-28
2024042803016390,SFCL,38,65,300.0,343.0,102900.0,2024-04-28
2024042803016389,SFCL,43,65,200.0,343.0,68600.0,2024-04-28
2024042801020360,BNHC,35,38,70.0,450.0,31500.0,2024-04-28
2024042804006421,HEI,6,49,220.0,575.0,126500.0,2024-04-28
2024042804006420,HEI,42,49,113.0,575.0,64975.0,2024-04-28
2024042803016388,MDB,17,38,51.0,440.0,22440.0,2024-04-28
2024042803016387,MDB,17,8,100.0,440.0,44000.0,2024-04-28
2024042803016386,MDB,17,39,500.0,439.9,219950.0,2024-04-28
2024042803016385,MDB,17,59,50.0,439.9,21995.0,2024-04-28
2024042803016384,MDB,17,22,200.0,439.8,87960.0,2024-04-28
2024042803016383,MDB,17,59,12.0,439.8,5277.6,2024-04-28
2024042803016382,MDB,17,25,50.0,439.8,21990.0,2024-04-28
2024042803016381,MDB,17,59,15.0,439.7,6595.5,2024-04-28
2024042803016380,MDB,17,59,12.0,439.6,5275.2,2024-04-28
2024042803016379,MDB,17,59,10.0,439.5,4395.0,2024-04-28
2024042801020359,SGHC,42,49,10.0,315.0,3150.0,2024-04-28
2024042804006419,TRH,17,42,100.0,715.0,71500.0,2024-04-28
2024042804006418,TRH,49,42,15.0,715.0,10725.0,2024-04-28
2024042805003557,HIDCL,42,86,80.0,162.8,13024.0,2024-04-28
2024042803016378,SLBBL,45,4,20.0,651.0,13020.0,2024-04-28
2024042805003556,HRL,55,16,10.0,595.6,5956.0,2024-04-28
2024042803016377,KSBBL,17,33,80.0,358.1,28648.0,2024-04-28
2024042803016376,KSBBL,49,33,100.0,358.2,35820.0,2024-04-28
2024042803016375,KSBBL,58,33,100.0,358.3,35830.0,2024-04-28
2024042805003555,NICFC,56,58,100.0,8.4,840.0,2024-04-28
2024042803016374,USLB,34,51,10.0,1925.0,19250.0,2024-04-28
2024042803016373,USLB,34,52,10.0,1925.0,19250.0,2024-04-28
2024042803016372,USLB,34,54,10.0,1925.0,19250.0,2024-04-28
2024042803016371,USLB,34,55,50.0,1925.0,96250.0,2024-04-28
2024042803016370,NICLBSL,34,57,10.0,648.0,6480.0,2024-04-28
2024042803016369,SADBL,16,7,11.0,299.0,3289.0,2024-04-28
2024042803016368,SADBL,16,7,39.0,299.1,11664.9,2024-04-28
2024042803016367,SADBL,8,7,100.0,299.2,29920.0,2024-04-28
2024042803016366,ILBS,70,72,39.0,966.0,37674.0,2024-04-28
2024042803016365,ILBS,74,72,11.0,966.3,10629.3,2024-04-28
2024042801020358,KBL,93,55,10.0,133.5,1335.0,2024-04-28
2024042803016364,GUFL,28,26,500.0,762.0,381000.0,2024-04-28
2024042803016363,GUFL,18,26,200.0,762.1,152420.0,2024-04-28
2024042803016362,GUFL,41,26,594.0,763.0,453222.0,2024-04-28
2024042803016361,CBBL,14,45,30.0,815.5,24465.0,2024-04-28
2024042804006417,UPCL,42,42,67.0,194.0,12998.0,2024-04-28
2024042804006416,UPCL,45,42,488.0,194.0,94672.0,2024-04-28
2024042804006415,UPCL,13,42,50.0,194.1,9705.0,2024-04-28
2024042804006414,CGH,58,28,110.0,780.0,85800.0,2024-04-28
2024042804006413,CGH,17,28,30.0,780.0,23400.0,2024-04-28
2024042804006412,CGH,43,28,100.0,780.0,78000.0,2024-04-28
2024042804006411,CGH,42,28,10.0,780.1,7801.0,2024-04-28
2024042804006410,GLH,47,48,100.0,204.0,20400.0,2024-04-28
2024042801020357,KBL,1,55,500.0,133.5,66750.0,2024-04-28
2024042801020356,HHL,57,42,10.0,354.9,3549.0,2024-04-28
2024042801020355,TSHL,57,13,97.0,499.0,48403.0,2024-04-28
2024042801020354,TSHL,45,13,90.0,499.0,44910.0,2024-04-28
2024042801020353,RNLI,51,58,60.0,425.0,25500.0,2024-04-28
2024042801020352,RNLI,11,58,25.0,425.0,10625.0,2024-04-28
2024042801020351,RNLI,58,58,100.0,425.0,42500.0,2024-04-28
2024042801020350,RNLI,57,58,53.0,425.0,22525.0,2024-04-28
2024042801020349,RNLI,65,58,100.0,425.1,42510.0,2024-04-28
2024042803016360,NADEP,88,58,10.0,690.0,6900.0,2024-04-28
2024042801020348,RAWA,18,36,10.0,489.0,4890.0,2024-04-28
2024042804006409,SHL,34,29,100.0,431.9,43190.0,2024-04-28
2024042801020347,PCBL,62,32,20.0,194.0,3880.0,2024-04-28
2024042803016359,GRDBL,58,43,500.0,407.0,203500.0,2024-04-28
2024042804006408,NHPC,45,57,50.0,145.8,7290.0,2024-04-28
2024042804006407,NGPL,43,38,220.0,315.2,69344.0,2024-04-28
2024042804006406,NGPL,36,38,130.0,315.3,40989.0,2024-04-28
2024042804006405,NGPL,95,38,350.0,315.4,110390.0,2024-04-28
2024042801020346,MEL,29,6,90.0,231.0,20790.0,2024-04-28
2024042801020345,MEL,29,49,10.0,231.0,2310.0,2024-04-28
2024042804006404,LEC,11,34,20.0,181.9,3638.0,2024-04-28
2024042801020344,SNLI,88,14,100.0,585.5,58550.0,2024-04-28
2024042801020343,SNLI,10,14,10.0,586.0,5860.0,2024-04-28
2024042801020342,SNLI,4,14,185.0,586.0,108410.0,2024-04-28
2024042801020341,SNLI,13,14,190.0,586.0,111340.0,2024-04-28
2024042801020340,SNLI,21,14,50.0,586.1,29305.0,2024-04-28
2024042801020339,SNLI,38,14,20.0,586.1,11722.0,2024-04-28
2024042801020338,SNLI,43,14,110.0,587.0,64570.0,2024-04-28
2024042801020337,SHIVM,47,17,227.0,504.0,114408.0,2024-04-28
2024042801020336,SHIVM,47,8,273.0,504.0,137592.0,2024-04-28
2024042804006403,MHNL,38,40,40.0,225.0,9000.0,2024-04-28
2024042801020335,ADBL,57,3,10.0,236.0,2360.0,2024-04-28
2024042804006402,RHPL,26,4,60.0,268.2,16092.0,2024-04-28
2024042804006401,RHPL,19,4,10.0,268.2,2682.0,2024-04-28
2024042801020334,HBL,58,64,25.0,176.0,4400.0,2024-04-28
2024042801020333,HBL,81,64,152.0,176.0,26752.0,2024-04-28
2024042801020332,SNLI,43,58,10.0,587.0,5870.0,2024-04-28
2024042804006400,SHPC,42,34,150.0,326.0,48900.0,2024-04-28
2024042804006399,SHPC,35,34,100.0,326.1,32610.0,2024-04-28
2024042804006398,SHPC,78,34,50.0,326.5,16325.0,2024-04-28
2024042801020331,MCHL,44,34,154.0,373.7,57549.8,2024-04-28
2024042801020330,MCHL,4,34,250.0,373.7,93425.0,2024-04-28
2024042801020329,MCHL,28,34,80.0,373.7,29896.0,2024-04-28
2024042805003554,ENL,7,6,10.0,816.0,8160.0,2024-04-28
2024042805003553,ENL,7,42,100.0,805.0,80500.0,2024-04-28
2024042805003552,ENL,7,58,10.0,805.0,8050.0,2024-04-28
2024042805003551,ENL,7,48,10.0,804.0,8040.0,2024-04-28
2024042801020328,ILI,46,22,10.0,566.0,5660.0,2024-04-28
2024042803016358,GBBL,49,5,10.0,363.0,3630.0,2024-04-28
2024042801020327,PPL,49,28,100.0,607.0,60700.0,2024-04-28
2024042805003550,NIFRA,29,48,54.0,197.2,10648.8,2024-04-28
2024042801020326,PPL,33,28,390.0,606.4,236496.0,2024-04-28
2024042804006397,HURJA,47,26,20.0,291.0,5820.0,2024-04-28
2024042801020325,PRVU,60,4,225.0,139.1,31297.5,2024-04-28
2024042801020324,SNLI,43,56,10.0,587.0,5870.0,2024-04-28
2024042801020323,HATHY,83,58,10.0,830.0,8300.0,2024-04-28
2024042801020322,CYCL,62,53,30.0,1523.0,45690.0,2024-04-28
2024042801020321,GBIME,49,13,97.0,176.0,17072.0,2024-04-28
2024042801020320,SHIVM,26,8,200.0,504.0,100800.0,2024-04-28
2024042805003549,HRL,36,34,20.0,596.0,11920.0,2024-04-28
2024042805003548,HRL,36,45,10.0,596.0,5960.0,2024-04-28
2024042805003547,HRL,36,38,10.0,596.0,5960.0,2024-04-28
2024042805003546,HRL,36,49,10.0,596.0,5960.0,2024-04-28
2024042805003545,HRL,36,45,30.0,596.0,17880.0,2024-04-28
2024042805003544,HRL,36,49,10.0,596.0,5960.0,2024-04-28
2024042805003543,HRL,36,57,10.0,596.0,5960.0,2024-04-28
2024042805003542,HRL,36,51,20.0,596.0,11920.0,2024-04-28
2024042805003541,HRL,36,58,20.0,596.0,11920.0,2024-04-28
2024042805003540,HRL,36,58,40.0,595.9,23836.0,2024-04-28
2024042805003539,HRL,36,49,20.0,595.8,11916.0,2024-04-28
2024042804006396,JOSHI,42,40,280.0,338.0,94640.0,2024-04-28
2024042805003538,CIT,7,57,20.0,2101.3,42026.0,2024-04-28
2024042804006395,SHEL,40,57,100.0,161.6,16160.0,2024-04-28
2024042801020319,RBBD83,49,57,100.0,992.3,99230.0,2024-04-28
2024042801020318,SONA,36,66,410.0,449.2,184172.0,2024-04-28
2024042801020317,SONA,22,66,90.0,449.2,40428.0,2024-04-28
2024042804006394,HDHPC,58,3,50.0,130.0,6500.0,2024-04-28
2024042801020316,RFPL,70,41,150.0,350.0,52500.0,2024-04-28
2024042801020315,DORDI,17,82,381.0,414.0,157734.0,2024-04-28
2024042801020314,DORDI,21,82,29.0,414.0,12006.0,2024-04-28
2024042801020313,DORDI,58,82,20.0,414.1,8282.0,2024-04-28
2024042801020312,DORDI,13,82,20.0,414.2,8284.0,2024-04-28
2024042801020311,ILI,81,52,10.0,565.0,5650.0,2024-04-28
2024042803016357,BFC,17,48,40.0,395.0,15800.0,2024-04-28
2024042805003537,HIDCL,41,86,20.0,162.8,3256.0,2024-04-28
2024042804006393,AHPC,42,16,15.0,162.9,2443.5,2024-04-28
2024042801020310,SHIVM,13,14,800.0,503.0,402400.0,2024-04-28
2024042804006392,SHPC,78,21,150.0,326.5,48975.0,2024-04-28
2024042804006391,RURU,14,90,10.0,513.9,5139.0,2024-04-28
2024042804006390,UPPER,58,36,845.0,164.9,139340.5,2024-04-28
2024042804006389,UPPER,42,36,205.0,165.0,33825.0,2024-04-28
2024042804006388,UPPER,52,36,50.0,165.0,8250.0,2024-04-28
2024042804006387,UPPER,38,36,50.0,165.0,8250.0,2024-04-28
2024042804006386,UPPER,42,36,300.0,165.0,49500.0,2024-04-28
2024042804006385,UPPER,52,36,50.0,165.0,8250.0,2024-04-28
2024042805003536,STC,55,34,10.0,4375.0,43750.0,2024-04-28
2024042805003535,STC,55,19,10.0,4372.0,43720.0,2024-04-28
2024042801020309,MEHL,44,16,10.0,312.0,3120.0,2024-04-28
2024042803016356,SKBBL,58,55,14.0,800.0,11200.0,2024-04-28
2024042803016355,SKBBL,58,38,21.0,799.9,16797.9,2024-04-28
2024042801020308,SONA,22,6,10.0,449.2,4492.0,2024-04-28
2024042803016354,RLFL,45,44,220.0,385.1,84722.0,2024-04-28
2024042803016353,RLFL,40,44,50.0,385.3,19265.0,2024-04-28
2024042803016352,RLFL,57,44,500.0,386.0,193000.0,2024-04-28
2024042803016351,RLFL,42,44,50.0,386.0,19300.0,2024-04-28
2024042803016350,JBBL,38,43,27.0,284.0,7668.0,2024-04-28
2024042803016349,PROFL,58,43,150.0,351.0,52650.0,2024-04-28
2024042803016348,PROFL,95,43,50.0,352.0,17600.0,2024-04-28
2024042804006384,BPCL,6,45,35.0,294.1,10293.5,2024-04-28
2024042803016347,GMFBS,45,35,10.0,1115.0,11150.0,2024-04-28
2024042801020307,SNLI,43,72,10.0,587.0,5870.0,2024-04-28
2024042805003534,HRL,39,49,30.0,595.7,17871.0,2024-04-28
2024042801020306,NYADI,29,25,145.0,293.0,42485.0,2024-04-28
2024042801020305,NYADI,29,42,10.0,292.0,2920.0,2024-04-28
2024042801020304,BGWT,65,35,95.0,590.0,56050.0,2024-04-28
2024042801020303,BGWT,52,35,10.0,591.0,5910.0,2024-04-28
2024042801020302,BGWT,36,35,30.0,591.1,17733.0,2024-04-28
2024042801020301,BGWT,34,35,235.0,591.2,138932.0,2024-04-28
2024042804006383,SICL,6,11,100.0,685.0,68500.0,2024-04-28
2024042801020300,ILI,81,58,50.0,565.0,28250.0,2024-04-28
2024042803016346,BFC,17,45,50.0,395.0,19750.0,2024-04-28
2024042803016345,BFC,17,54,106.0,395.0,41870.0,2024-04-28
2024042803016344,ALBSL,5,38,50.0,753.0,37650.0,2024-04-28
2024042803016343,MPFL,58,51,60.0,448.0,26880.0,2024-04-28
2024042805003533,NRIC,25,42,10.0,708.0,7080.0,2024-04-28
2024042801020299,SARBTM,38,58,5.0,790.0,3950.0,2024-04-28
2024042801020298,SARBTM,38,48,20.0,790.0,15800.0,2024-04-28
2024042801020297,EHPL,57,28,10.0,470.0,4700.0,2024-04-28
2024042801020296,RNLI,57,14,47.0,425.0,19975.0,2024-04-28
2024042801020295,RNLI,49,14,240.0,425.0,102000.0,2024-04-28
2024042801020294,RNLI,45,14,35.0,425.0,14875.0,2024-04-28
2024042801020293,RNLI,42,14,26.0,425.0,11050.0,2024-04-28
2024042801020292,MSHL,58,26,10.0,634.5,6345.0,2024-04-28
2024042801020291,MSHL,58,62,10.0,634.0,6340.0,2024-04-28
2024042801020290,MSHL,58,22,15.0,633.0,9495.0,2024-04-28
2024042801020289,MSHL,58,13,10.0,628.1,6281.0,2024-04-28
2024042801020288,ILI,72,58,150.0,565.0,84750.0,2024-04-28
2024042803016342,ALICL,32,34,60.0,551.3,33078.0,2024-04-28
2024042804006382,HDHPC,58,6,22.0,130.0,2860.0,2024-04-28
2024042804006381,HDHPC,38,6,400.0,130.0,52000.0,2024-04-28
2024042804006380,HDHPC,4,6,500.0,130.0,65000.0,2024-04-28
2024042804006379,HDHPC,45,6,70.0,130.0,9100.0,2024-04-28
2024042804006378,HDHPC,57,6,50.0,130.0,6500.0,2024-04-28
2024042801020287,ADBL,1,58,20.0,235.0,4700.0,2024-04-28
2024042801020286,MEHL,44,16,150.0,315.0,47250.0,2024-04-28
2024042801020285,MEHL,44,42,300.0,315.0,94500.0,2024-04-28
2024042801020284,MEHL,44,45,10.0,314.9,3149.0,2024-04-28
2024042801020283,MEHL,44,22,210.0,314.8,66108.0,2024-04-28
2024042801020282,MEHL,44,39,310.0,314.7,97557.0,2024-04-28
2024042801020281,MEHL,44,58,10.0,314.0,3140.0,2024-04-28
2024042801020280,MEHL,44,26,10.0,313.0,3130.0,2024-04-28
2024042801020279,UHEWA,13,44,10.0,398.1,3981.0,2024-04-28
2024042803016341,BFC,38,54,117.0,395.0,46215.0,2024-04-28
2024042803016340,BFC,38,41,50.0,395.0,19750.0,2024-04-28
2024042803016339,BFC,38,64,200.0,395.0,79000.0,2024-04-28
2024042803016338,BFC,38,81,60.0,395.0,23700.0,2024-04-28
2024042803016337,BFC,38,16,20.0,395.0,7900.0,2024-04-28
2024042803016336,BFC,38,25,10.0,395.0,3950.0,2024-04-28
2024042803016335,BFC,38,57,173.0,395.0,68335.0,2024-04-28
2024042803016334,BFC,48,57,170.0,395.0,67150.0,2024-04-28
2024042801020278,SARBTM,38,57,30.0,790.0,23700.0,2024-04-28
2024042801020277,CYCL,66,53,10.0,1523.0,15230.0,2024-04-28
2024042804006377,CHL,84,56,10.0,320.1,3201.0,2024-04-28
2024042804006376,CHL,45,56,30.0,320.2,9606.0,2024-04-28
2024042801020276,HATHY,6,7,20.0,831.9,16638.0,2024-04-28
2024042803016333,VLBS,41,19,132.0,700.0,92400.0,2024-04-28
2024042803016332,VLBS,45,19,140.0,700.8,98112.0,2024-04-28
2024042803016331,VLBS,11,19,51.0,702.0,35802.0,2024-04-28
2024042803016330,VLBS,74,19,20.0,703.1,14062.0,2024-04-28
2024042803016329,VLBS,50,19,100.0,703.2,70320.0,2024-04-28
2024042803016328,VLBS,34,19,100.0,704.0,70400.0,2024-04-28
2024042801020275,BNHC,53,43,10.0,453.0,4530.0,2024-04-28
2024042801020274,GCIL,49,45,11.0,491.6,5407.6,2024-04-28
2024042801020273,HDL,38,42,18.0,1465.0,26370.0,2024-04-28
2024042801020272,HDL,38,42,41.0,1465.0,60065.0,2024-04-28
2024042801020271,HDL,38,74,30.0,1465.0,43950.0,2024-04-28
2024042801020270,HDL,38,58,11.0,1465.0,16115.0,2024-04-28
2024042801020269,SARBTM,38,42,20.0,790.0,15800.0,2024-04-28
2024042801020268,SARBTM,26,42,30.0,790.0,23700.0,2024-04-28
2024042804006375,PPCL,14,34,10.0,239.8,2398.0,2024-04-28
2024042801020267,SIKLES,77,57,10.0,501.0,5010.0,2024-04-28
2024042803016327,PROFL,58,17,10.0,352.9,3529.0,2024-04-28
2024042803016326,PROFL,58,11,50.0,352.0,17600.0,2024-04-28
2024042801020266,DOLTI,48,34,200.0,430.0,86000.0,2024-04-28
2024042801020265,SONA,22,45,32.0,450.0,14400.0,2024-04-28
2024042803016325,WNLB,56,35,100.0,1355.0,135500.0,2024-04-28
2024042803016324,WNLB,34,35,50.0,1360.0,68000.0,2024-04-28
2024042803016323,WNLB,38,35,50.0,1361.0,68050.0,2024-04-28
2024042803016322,WNLB,56,35,100.0,1361.1,136110.0,2024-04-28
2024042803016321,GUFL,41,35,406.0,763.0,309778.0,2024-04-28
2024042803016320,GUFL,57,35,20.0,763.0,15260.0,2024-04-28
2024042803016319,GUFL,45,35,394.0,763.5,300819.0,2024-04-28
2024042803016318,GUFL,16,35,180.0,765.0,137700.0,2024-04-28
2024042803016317,NICLBSL,58,35,20.0,647.0,12940.0,2024-04-28
2024042801020264,RFPL,49,41,100.0,350.0,35000.0,2024-04-28
2024042801020263,RFPL,38,41,39.0,350.0,13650.0,2024-04-28
2024042803016316,SJLIC,11,21,35.0,419.0,14665.0,2024-04-28
2024042801020262,NESDO,37,55,30.0,1671.2,50136.0,2024-04-28
2024042801020261,NESDO,59,55,30.0,1672.0,50160.0,2024-04-28
2024042801020260,NESDO,44,55,30.0,1681.0,50430.0,2024-04-28
2024042801020259,NESDO,34,55,10.0,1682.0,16820.0,2024-04-28
2024042803016315,SFCL,22,4,304.0,342.6,104150.4,2024-04-28
2024042801020258,USHL,19,5,100.0,458.0,45800.0,2024-04-28
2024042801020257,USHL,59,5,200.0,458.1,91620.0,2024-04-28
2024042803016314,MLBL,58,64,10.0,322.9,3229.0,2024-04-28
2024042803016313,CBBL,1,45,50.0,815.5,40775.0,2024-04-28
2024042801020256,MEHL,44,1,100.0,312.0,31200.0,2024-04-28
2024042801020255,SNLI,43,45,60.0,587.0,35220.0,2024-04-28
2024042801020254,SNLI,43,4,10.0,587.0,5870.0,2024-04-28
2024042801020253,SNLI,43,66,40.0,587.0,23480.0,2024-04-28
2024042804006374,LEC,94,38,2339.0,181.1,423592.9,2024-04-28
2024042803016312,NFS,71,38,100.0,490.0,49000.0,2024-04-28
2024042803016311,ICFC,34,26,106.0,515.3,54621.8,2024-04-28
2024042801020252,ULHC,5,43,10.0,333.0,3330.0,2024-04-28
2024042803016310,ACLBSL,67,58,140.0,765.0,107100.0,2024-04-28
2024042801020251,SRLI,17,58,30.0,430.6,12918.0,2024-04-28
2024042801020250,SRLI,46,58,100.0,430.7,43070.0,2024-04-28
2024042801020249,SRLI,57,58,170.0,431.5,73355.0,2024-04-28
