transaction,symbol,buyer,seller,quantity,rate,amount,date
2024022904011442,UMHL,75,58,30.0,250.0,7500.0,2024-02-29
2024022904011441,UMHL,75,62,250.0,248.0,62000.0,2024-02-29
2024022904011440,UMHL,75,22,20.0,247.9,4958.0,2024-02-29
2024022901024246,RFPL,71,21,10.0,328.4,3284.0,2024-02-29
2024022904011439,CHCL,67,38,10.0,458.0,4580.0,2024-02-29
2024022901024245,TSHL,42,29,10.0,479.0,4790.0,2024-02-29
2024022901024244,NICA,42,43,20.0,412.0,8240.0,2024-02-29
2024022901024243,IHL,42,21,100.0,329.0,32900.0,2024-02-29
2024022901024242,CLI,42,51,50.0,427.0,21350.0,2024-02-29
2024022901024241,NYADI,42,14,10.0,280.0,2800.0,2024-02-29
2024022901024240,NYADI,42,58,40.0,280.0,11200.0,2024-02-29
2024022901024239,MHCL,8,45,50.0,505.0,25250.0,2024-02-29
2024022904011438,UNHPL,14,46,200.0,243.0,48600.0,2024-02-29
2024022901024238,SMJC,29,88,10.0,362.7,3627.0,2024-02-29
2024022905005021,SFEF,17,19,9900.0,7.91,78309.0,2024-02-29
2024022901024237,MHCL,35,45,11.0,505.0,5555.0,2024-02-29
2024022903007640,NLICL,21,16,68.0,551.0,37468.0,2024-02-29
2024022901024236,RFPL,62,21,300.0,328.0,98400.0,2024-02-29
2024022901024235,NWCL,62,45,10.0,739.9,7399.0,2024-02-29
2024022904011437,JOSHI,62,56,200.0,350.9,70180.0,2024-02-29
2024022905005020,NTC,17,13,25.0,836.0,20900.0,2024-02-29
2024022905005019,NTC,33,13,10.0,836.1,8361.0,2024-02-29
2024022904011436,TRH,42,56,50.0,735.0,36750.0,2024-02-29
2024022901024234,MHCL,69,45,11.0,505.0,5555.0,2024-02-29
2024022903007639,CORBL,69,56,100.0,410.0,41000.0,2024-02-29
2024022903007638,CORBL,69,49,100.0,409.9,40990.0,2024-02-29
2024022901024233,MHCL,69,45,265.0,505.0,133825.0,2024-02-29
2024022901024232,NRM,53,64,30.0,338.0,10140.0,2024-02-29
2024022904011435,UMHL,19,28,62.0,246.1,15258.2,2024-02-29
2024022904011434,UMHL,3,28,300.0,246.1,73830.0,2024-02-29
2024022904011433,UMHL,41,28,100.0,246.2,24620.0,2024-02-29
2024022904011432,UMHL,62,28,300.0,246.3,73890.0,2024-02-29
2024022904011431,UMHL,41,28,500.0,247.0,123500.0,2024-02-29
2024022904011430,UMHL,34,28,38.0,247.0,9386.0,2024-02-29
2024022904011429,UMHL,13,28,200.0,247.2,49440.0,2024-02-29
2024022904011428,UMHL,75,28,500.0,247.3,123650.0,2024-02-29
2024022901024231,RFPL,62,50,710.0,328.0,232880.0,2024-02-29
2024022904011427,RIDI,34,49,20.0,185.9,3718.0,2024-02-29
2024022904011426,NLG,52,50,17.0,732.0,12444.0,2024-02-29
2024022904011425,NLG,5,50,200.0,732.1,146420.0,2024-02-29
2024022904011424,NLG,44,50,140.0,732.2,102508.0,2024-02-29
2024022904011423,PPCL,32,64,95.0,253.0,24035.0,2024-02-29
2024022904011422,PPCL,33,64,500.0,253.1,126550.0,2024-02-29
2024022904011421,PPCL,19,64,200.0,253.2,50640.0,2024-02-29
2024022904011420,PPCL,58,64,205.0,253.3,51926.5,2024-02-29
2024022901024230,SONA,25,57,123.0,440.0,54120.0,2024-02-29
2024022901024229,SONA,16,57,332.0,440.0,146080.0,2024-02-29
2024022901024228,MKHC,45,57,408.0,281.0,114648.0,2024-02-29
2024022901024227,MKHC,19,57,30.0,281.0,8430.0,2024-02-29
2024022901024226,MKHC,35,57,300.0,281.1,84330.0,2024-02-29
2024022901024225,MKHC,39,57,10.0,282.0,2820.0,2024-02-29
2024022903007637,HLI,33,45,337.0,376.0,126712.0,2024-02-29
2024022903007636,HLI,33,45,163.0,376.0,61288.0,2024-02-29
2024022901024224,CKHL,70,11,20.0,670.0,13400.0,2024-02-29
2024022901024223,MMKJL,43,39,10.0,420.0,4200.0,2024-02-29
2024022904011419,SALICO,38,5,330.0,640.0,211200.0,2024-02-29
2024022904011418,SALICO,71,5,100.0,640.1,64010.0,2024-02-29
2024022904011417,SALICO,21,5,20.0,640.2,12804.0,2024-02-29
2024022904011416,SALICO,57,5,550.0,640.3,352165.0,2024-02-29
2024022901024222,HHL,5,52,10.0,334.0,3340.0,2024-02-29
2024022901024221,SONA,16,49,10.0,440.0,4400.0,2024-02-29
2024022901024220,MHCL,58,45,25.0,505.0,12625.0,2024-02-29
2024022901024219,KBL,48,3,558.0,140.6,78454.8,2024-02-29
2024022901024218,KBL,48,48,102.0,140.5,14331.0,2024-02-29
2024022901024217,KBL,48,10,340.0,140.4,47736.0,2024-02-29
2024022901024216,RHGCL,4,35,20.0,284.0,5680.0,2024-02-29
2024022901024215,MBJC,48,26,180.0,304.5,54810.0,2024-02-29
2024022904011415,MHNL,44,18,10.0,238.0,2380.0,2024-02-29
2024022904011414,API,36,44,17.0,176.6,3002.2,2024-02-29
2024022901024214,MEHL,45,18,10.0,280.0,2800.0,2024-02-29
2024022901024213,MCHL,52,45,10.0,319.1,3191.0,2024-02-29
2024022904011413,HDHPC,6,45,500.0,135.1,67550.0,2024-02-29
2024022901024212,SONA,16,45,408.0,440.0,179520.0,2024-02-29
2024022901024211,SONA,62,45,90.0,441.0,39690.0,2024-02-29
2024022901024210,MAKAR,81,82,210.0,371.0,77910.0,2024-02-29
2024022901024209,MAKAR,57,82,200.0,371.2,74240.0,2024-02-29
2024022901024208,MAKAR,34,82,90.0,371.3,33417.0,2024-02-29
2024022901024207,SMJC,71,37,20.0,367.0,7340.0,2024-02-29
2024022901024206,CKHL,67,11,20.0,670.0,13400.0,2024-02-29
2024022901024205,HHL,71,52,10.0,334.0,3340.0,2024-02-29
2024022901024204,HHL,71,52,10.0,334.0,3340.0,2024-02-29
2024022901024203,PPL,71,57,10.0,311.4,3114.0,2024-02-29
2024022904011412,NGPL,71,45,170.0,290.0,49300.0,2024-02-29
2024022904011411,NGPL,71,6,100.0,289.7,28970.0,2024-02-29
2024022904011410,NGPL,71,34,30.0,289.0,8670.0,2024-02-29
2024022903007635,ICFC,14,14,60.0,471.6,28296.0,2024-02-29
2024022901024202,MEL,42,36,10.0,208.0,2080.0,2024-02-29
2024022901024201,SPC,35,88,10.0,586.4,5864.0,2024-02-29
2024022903007634,GFCL,53,60,450.0,426.1,191745.0,2024-02-29
2024022903007633,GFCL,19,60,50.0,426.2,21310.0,2024-02-29
2024022903007632,NLIC,37,48,200.0,593.0,118600.0,2024-02-29
2024022901024200,NIMB,35,58,100.0,162.6,16260.0,2024-02-29
2024022901024199,MKLB,38,45,23.0,758.0,17434.0,2024-02-29
2024022901024198,MKLB,38,38,60.0,758.0,45480.0,2024-02-29
2024022901024197,MKLB,38,34,35.0,755.0,26425.0,2024-02-29
2024022901024196,MKLB,38,35,11.0,755.0,8305.0,2024-02-29
2024022901024195,MKLB,38,45,105.0,726.0,76230.0,2024-02-29
2024022901024194,MKLB,38,58,10.0,723.0,7230.0,2024-02-29
2024022901024193,MKLB,38,66,11.0,723.0,7953.0,2024-02-29
2024022901024192,MKLB,38,34,11.0,720.0,7920.0,2024-02-29
2024022901024191,MKLB,38,19,30.0,719.9,21597.0,2024-02-29
2024022901024190,TAMOR,77,32,10.0,379.9,3799.0,2024-02-29
2024022904011409,RIDI,47,49,50.0,185.9,9295.0,2024-02-29
2024022903007631,ALICL,62,59,40.0,559.6,22384.0,2024-02-29
2024022903007630,ALICL,62,57,10.0,559.1,5591.0,2024-02-29
2024022903007629,ALICL,62,52,200.0,555.0,111000.0,2024-02-29
2024022903007628,ALICL,62,57,100.0,555.0,55500.0,2024-02-29
2024022903007627,ALICL,62,50,40.0,555.0,22200.0,2024-02-29
2024022903007626,ALICL,62,33,40.0,554.0,22160.0,2024-02-29
2024022901024189,PRVU,13,58,30.0,141.5,4245.0,2024-02-29
2024022901024188,SPHL,13,36,10.0,457.0,4570.0,2024-02-29
2024022901024187,SGHC,56,19,10.0,307.0,3070.0,2024-02-29
2024022904011408,NICL,1,1,30.0,808.0,24240.0,2024-02-29
2024022905005018,NTC,57,45,30.0,837.0,25110.0,2024-02-29
2024022901024186,CITY,43,1,100.0,569.0,56900.0,2024-02-29
2024022901024185,AHL,43,60,10.0,429.0,4290.0,2024-02-29
2024022901024184,ILI,33,42,40.0,512.5,20500.0,2024-02-29
2024022901024183,ILI,33,41,60.0,512.4,30744.0,2024-02-29
2024022904011407,PPCL,33,17,10.0,257.0,2570.0,2024-02-29
2024022904011406,PPCL,33,21,130.0,254.0,33020.0,2024-02-29
2024022904011405,UMRH,32,52,60.0,347.1,20826.0,2024-02-29
2024022904011404,UMRH,57,52,40.0,347.6,13904.0,2024-02-29
2024022904011403,UMRH,48,52,100.0,347.9,34790.0,2024-02-29
2024022901024182,RHGCL,52,14,20.0,286.9,5738.0,2024-02-29
2024022904011402,HURJA,41,7,10.0,283.9,2839.0,2024-02-29
2024022901024181,CKHL,58,11,850.0,670.0,569500.0,2024-02-29
2024022901024180,CKHL,58,35,10.0,663.0,6630.0,2024-02-29
2024022901024179,CKHL,58,11,150.0,663.0,99450.0,2024-02-29
2024022901024178,CKHL,58,57,100.0,660.0,66000.0,2024-02-29
2024022901024177,CKHL,58,16,470.0,660.0,310200.0,2024-02-29
2024022901024176,CKHL,58,36,10.0,654.8,6548.0,2024-02-29
2024022901024175,CKHL,58,14,10.0,653.0,6530.0,2024-02-29
2024022901024174,CKHL,58,50,400.0,652.0,260800.0,2024-02-29
2024022901024173,CKHL,58,50,50.0,652.0,32600.0,2024-02-29
2024022903007625,JBBL,58,35,10.0,284.0,2840.0,2024-02-29
2024022901024172,VLUCL,48,44,10.0,529.0,5290.0,2024-02-29
2024022903007624,MERO,6,48,80.0,522.1,41768.0,2024-02-29
2024022903007623,MERO,14,48,20.0,522.2,10444.0,2024-02-29
2024022901024171,ANLB,55,19,10.0,1876.2,18762.0,2024-02-29
2024022901024170,ANLB,38,19,50.0,1876.3,93815.0,2024-02-29
2024022901024169,ANLB,55,19,60.0,1876.4,112584.0,2024-02-29
2024022901024168,ANLB,64,19,50.0,1877.0,93850.0,2024-02-29
2024022901024167,ANLB,55,19,30.0,1877.1,56313.0,2024-02-29
2024022901024166,PCBL,44,44,10.0,190.0,1900.0,2024-02-29
2024022904011401,MEN,16,21,10.0,588.0,5880.0,2024-02-29
2024022901024165,HDL,81,59,20.0,1490.0,29800.0,2024-02-29
2024022901024164,CKHL,40,50,50.0,652.0,32600.0,2024-02-29
2024022903007622,RLFL,40,42,50.0,344.8,17240.0,2024-02-29
2024022901024163,KBL,45,10,10.0,140.4,1404.0,2024-02-29
2024022901024162,RHGCL,26,14,40.0,286.9,11476.0,2024-02-29
2024022903007621,SAPDBL,29,35,10.0,250.0,2500.0,2024-02-29
2024022904011400,UPPER,16,22,1179.0,197.0,232263.0,2024-02-29
2024022904011399,UPPER,46,22,10.0,197.0,1970.0,2024-02-29
2024022904011398,UPPER,19,22,10.0,197.0,1970.0,2024-02-29
2024022904011397,UPPER,45,22,100.0,197.0,19700.0,2024-02-29
2024022904011396,UPPER,33,22,500.0,197.0,98500.0,2024-02-29
2024022904011395,UPPER,14,22,100.0,197.0,19700.0,2024-02-29
2024022904011394,UPPER,45,22,20.0,197.0,3940.0,2024-02-29
2024022904011393,UPPER,42,22,150.0,197.0,29550.0,2024-02-29
2024022904011392,UPPER,14,22,500.0,197.0,98500.0,2024-02-29
2024022904011391,UPPER,36,22,100.0,197.0,19700.0,2024-02-29
2024022904011390,UPPER,56,22,1000.0,197.0,197000.0,2024-02-29
2024022904011389,UPPER,36,22,500.0,197.0,98500.0,2024-02-29
2024022904011388,UPPER,48,22,20.0,197.0,3940.0,2024-02-29
2024022904011387,UPPER,1,22,50.0,197.0,9850.0,2024-02-29
2024022904011386,UPPER,84,22,200.0,197.0,39400.0,2024-02-29
2024022904011385,UPPER,44,22,300.0,197.0,59100.0,2024-02-29
2024022904011384,UPPER,6,22,50.0,197.0,9850.0,2024-02-29
2024022904011383,UPPER,49,22,100.0,197.0,19700.0,2024-02-29
2024022904011382,UPPER,43,22,21.0,197.0,4137.0,2024-02-29
2024022904011381,UPPER,45,22,75.0,198.0,14850.0,2024-02-29
2024022904011380,UPPER,45,22,15.0,198.0,2970.0,2024-02-29
2024022901024161,USHL,6,14,10.0,443.2,4432.0,2024-02-29
2024022901024160,USHL,6,14,10.0,450.0,4500.0,2024-02-29
2024022901024159,GCIL,22,45,84.0,477.0,40068.0,2024-02-29
2024022901024158,EHPL,60,57,30.0,431.0,12930.0,2024-02-29
2024022904011379,LEC,17,38,200.0,181.0,36200.0,2024-02-29
2024022901024157,USHEC,45,38,100.0,347.0,34700.0,2024-02-29
2024022901024156,USHEC,42,38,90.0,347.1,31239.0,2024-02-29
2024022901024155,USHEC,58,38,1000.0,347.2,347200.0,2024-02-29
2024022901024154,USHEC,7,38,10.0,348.0,3480.0,2024-02-29
2024022901024153,PRVU,47,58,20.0,141.5,2830.0,2024-02-29
2024022901024152,SONA,62,58,10.0,441.0,4410.0,2024-02-29
2024022903007620,GBBL,65,62,200.0,356.6,71320.0,2024-02-29
2024022901024151,RFPL,62,35,10.0,328.0,3280.0,2024-02-29
2024022901024150,RFPL,62,38,10.0,328.0,3280.0,2024-02-29
2024022901024149,RFPL,62,6,10.0,328.0,3280.0,2024-02-29
2024022901024148,RFPL,62,42,10.0,328.0,3280.0,2024-02-29
2024022901024147,RFPL,62,51,10.0,328.0,3280.0,2024-02-29
2024022901024146,RFPL,62,38,930.0,327.5,304575.0,2024-02-29
2024022901024145,RFPL,62,45,60.0,327.0,19620.0,2024-02-29
2024022901024144,RFPL,62,42,46.0,326.6,15023.6,2024-02-29
2024022901024143,RFPL,62,50,130.0,326.5,42445.0,2024-02-29
2024022901024142,RFPL,62,17,100.0,326.0,32600.0,2024-02-29
2024022901024141,RFPL,62,22,300.0,326.0,97800.0,2024-02-29
2024022901024140,RFPL,62,59,120.0,326.0,39120.0,2024-02-29
2024022901024139,RFPL,62,57,280.0,325.9,91252.0,2024-02-29
2024022901024138,MHCL,69,25,170.0,510.0,86700.0,2024-02-29
2024022901024137,MHCL,69,17,10.0,510.0,5100.0,2024-02-29
2024022901024136,MHCL,69,47,10.0,510.0,5100.0,2024-02-29
2024022901024135,MHCL,69,45,30.0,510.0,15300.0,2024-02-29
2024022901024134,MHCL,69,35,50.0,509.1,25455.0,2024-02-29
2024022901024133,MHCL,69,56,100.0,509.0,50900.0,2024-02-29
2024022901024132,MHCL,69,35,100.0,507.0,50700.0,2024-02-29
2024022901024131,MHCL,69,41,10.0,505.0,5050.0,2024-02-29
2024022901024130,MHCL,69,35,50.0,500.1,25005.0,2024-02-29
2024022901024129,MHCL,69,10,470.0,500.0,235000.0,2024-02-29
2024022903007619,BFC,6,1,200.0,315.0,63000.0,2024-02-29
2024022901024128,BNHC,32,4,10.0,463.5,4635.0,2024-02-29
2024022901024127,BNHC,32,36,10.0,463.0,4630.0,2024-02-29
2024022903007618,NFS,32,58,10.0,337.0,3370.0,2024-02-29
2024022901024126,SMJC,53,58,10.0,367.0,3670.0,2024-02-29
2024022905005017,CHDC,50,22,10.0,958.0,9580.0,2024-02-29
2024022904011378,IGI,34,6,20.0,525.0,10500.0,2024-02-29
2024022901024125,PPL,8,57,200.0,311.2,62240.0,2024-02-29
2024022904011377,AKJCL,42,1,100.0,213.1,21310.0,2024-02-29
2024022901024124,ILI,22,52,10.0,512.1,5121.0,2024-02-29
2024022901024123,SAHAS,5,39,50.0,520.0,26000.0,2024-02-29
2024022901024122,SAHAS,5,41,100.0,520.0,52000.0,2024-02-29
2024022901024121,SAHAS,5,34,10.0,520.0,5200.0,2024-02-29
2024022901024120,SAHAS,5,58,10.0,520.0,5200.0,2024-02-29
2024022901024119,SAHAS,5,49,10.0,520.0,5200.0,2024-02-29
2024022901024118,SAHAS,5,33,370.0,520.0,192400.0,2024-02-29
2024022901024117,SAHAS,5,28,10.0,519.0,5190.0,2024-02-29
2024022905005016,HRL,58,58,10.0,605.4,6054.0,2024-02-29
2024022901024116,SRLI,59,57,10.0,420.0,4200.0,2024-02-29
2024022901024115,SRLI,59,41,10.0,419.0,4190.0,2024-02-29
2024022901024114,SRLI,59,19,10.0,418.6,4186.0,2024-02-29
2024022901024113,SRLI,59,46,10.0,418.5,4185.0,2024-02-29
2024022901024112,SRLI,59,34,10.0,417.0,4170.0,2024-02-29
2024022903007617,SIFC,45,42,15.0,350.0,5250.0,2024-02-29
2024022903007616,SIFC,45,6,200.0,349.0,69800.0,2024-02-29
2024022903007615,SIFC,45,4,35.0,349.0,12215.0,2024-02-29
2024022904011376,UMRH,67,57,10.0,350.0,3500.0,2024-02-29
2024022903007614,MFIL,55,86,580.0,499.0,289420.0,2024-02-29
2024022903007613,MFIL,55,22,10.0,497.0,4970.0,2024-02-29
2024022901024111,MMKJL,29,39,10.0,420.0,4200.0,2024-02-29
2024022904011375,NGPL,83,22,50.0,287.0,14350.0,2024-02-29
2024022903007612,HLBSL,42,43,10.0,553.0,5530.0,2024-02-29
2024022904011374,DHPL,13,35,200.0,189.0,37800.0,2024-02-29
2024022901024110,HDL,81,35,50.0,1490.0,74500.0,2024-02-29
2024022901024109,MEL,35,36,10.0,208.0,2080.0,2024-02-29
2024022904011373,UPPER,21,38,10.0,199.0,1990.0,2024-02-29
2024022901024108,PPL,8,38,150.0,311.2,46680.0,2024-02-29
2024022901024107,PPL,47,38,50.0,311.2,15560.0,2024-02-29
2024022904011372,HDHPC,6,58,30.0,135.1,4053.0,2024-02-29
2024022904011371,NHPC,35,6,100.0,150.0,15000.0,2024-02-29
2024022904011370,NHPC,45,6,500.0,150.0,75000.0,2024-02-29
2024022904011369,NHPC,49,6,20.0,150.0,3000.0,2024-02-29
2024022904011368,NHPC,36,6,10.0,150.0,1500.0,2024-02-29
2024022904011367,NHPC,47,6,78.0,150.0,11700.0,2024-02-29
2024022903007611,GMFIL,49,56,100.0,337.0,33700.0,2024-02-29
2024022903007610,GMFIL,34,56,1000.0,337.5,337500.0,2024-02-29
2024022903007609,GMFIL,33,56,250.0,337.7,84425.0,2024-02-29
2024022903007608,GUFL,62,56,200.0,583.0,116600.0,2024-02-29
2024022904011366,CGH,34,3,10.0,805.0,8050.0,2024-02-29
2024022901024106,GCIL,28,45,20.0,477.0,9540.0,2024-02-29
2024022901024105,GCIL,28,58,180.0,477.0,85860.0,2024-02-29
2024022903007607,SADBL,1,45,10.0,290.0,2900.0,2024-02-29
2024022904011365,KKHC,43,45,173.0,240.0,41520.0,2024-02-29
2024022904011364,KKHC,43,13,10.0,239.9,2399.0,2024-02-29
2024022904011363,KKHC,43,26,28.0,239.8,6714.4,2024-02-29
2024022904011362,KKHC,43,13,10.0,239.7,2397.0,2024-02-29
2024022904011361,KKHC,43,13,10.0,239.6,2396.0,2024-02-29
2024022904011360,KKHC,43,13,10.0,239.5,2395.0,2024-02-29
2024022904011359,KKHC,43,38,131.0,238.0,31178.0,2024-02-29
2024022905005015,NRIC,6,33,1200.0,732.0,878400.0,2024-02-29
2024022905005014,NRIC,25,33,150.0,732.1,109815.0,2024-02-29
2024022905005013,NRIC,22,33,200.0,732.2,146440.0,2024-02-29
2024022905005012,NRIC,6,33,136.0,733.0,99688.0,2024-02-29
2024022905005011,NRIC,57,33,96.0,734.0,70464.0,2024-02-29
2024022904011358,PMHPL,49,40,10.0,241.9,2419.0,2024-02-29
2024022901024104,TAMOR,4,32,10.0,379.9,3799.0,2024-02-29
2024022901024103,TAMOR,4,49,10.0,379.0,3790.0,2024-02-29
2024022901024102,TAMOR,4,6,30.0,377.0,11310.0,2024-02-29
2024022901024101,BNT,35,4,10.0,16327.0,163270.0,2024-02-29
2024022905005010,HRL,58,58,10.0,605.1,6051.0,2024-02-29
2024022901024100,HDL,58,41,16.0,1490.9,23854.4,2024-02-29
2024022903007606,PMLI,7,21,10.0,493.0,4930.0,2024-02-29
2024022903007605,GRDBL,71,59,10.0,348.9,3489.0,2024-02-29
2024022903007604,GBLBS,50,42,82.0,527.0,43214.0,2024-02-29
2024022901024099,NRM,35,64,50.0,338.0,16900.0,2024-02-29
2024022901024098,RHGCL,21,21,10.0,283.0,2830.0,2024-02-29
2024022901024097,NRM,45,38,41.0,335.0,13735.0,2024-02-29
2024022901024096,NRM,61,38,159.0,335.2,53296.8,2024-02-29
2024022901024095,KDL,47,48,10.0,793.0,7930.0,2024-02-29
2024022901024094,KDL,47,51,10.0,793.0,7930.0,2024-02-29
2024022903007603,KMCDB,62,16,10.0,636.0,6360.0,2024-02-29
2024022901024093,SMHL,69,36,50.0,457.9,22895.0,2024-02-29
2024022901024092,SANIMA,52,34,84.0,234.2,19672.8,2024-02-29
2024022904011357,KKHC,34,38,100.0,238.0,23800.0,2024-02-29
2024022901024091,SPC,28,42,20.0,586.9,11738.0,2024-02-29
2024022903007602,RLFL,45,56,489.0,342.1,167286.9,2024-02-29
2024022903007601,MPFL,34,43,52.0,337.2,17534.4,2024-02-29
2024022903007600,MPFL,41,43,100.0,337.2,33720.0,2024-02-29
2024022903007599,MPFL,59,43,100.0,337.3,33730.0,2024-02-29
2024022903007598,MPFL,32,43,98.0,337.8,33104.4,2024-02-29
2024022903007597,MPFL,39,43,150.0,338.0,50700.0,2024-02-29
2024022903007596,MPFL,43,39,500.0,340.0,170000.0,2024-02-29
2024022903007595,NICLBSL,52,6,30.0,534.9,16047.0,2024-02-29
2024022901024090,NRM,61,41,381.0,335.2,127711.2,2024-02-29
2024022901024089,NRM,57,41,119.0,338.0,40222.0,2024-02-29
2024022901024088,MEL,58,36,20.0,208.0,4160.0,2024-02-29
2024022901024087,RNLI,39,4,10.0,419.0,4190.0,2024-02-29
2024022901024086,RNLI,39,45,50.0,418.3,20915.0,2024-02-29
2024022903007594,MFIL,43,26,10.0,495.4,4954.0,2024-02-29
2024022903007593,MFIL,36,26,20.0,495.5,9910.0,2024-02-29
2024022903007592,MFIL,38,26,20.0,496.0,9920.0,2024-02-29
2024022905005009,NRIC,57,42,150.0,734.0,110100.0,2024-02-29
2024022905005008,HIDCL,42,10,23.0,167.9,3861.7,2024-02-29
2024022905005007,HIDCL,42,6,277.0,167.9,46508.3,2024-02-29
2024022904011356,SJCL,42,42,20.0,271.8,5436.0,2024-02-29
2024022903007591,EDBL,42,16,10.0,339.0,3390.0,2024-02-29
2024022901024085,MKJC,35,34,20.0,487.8,9756.0,2024-02-29
2024022901024084,MKLB,38,58,95.0,715.0,67925.0,2024-02-29
2024022901024083,MKLB,38,36,30.0,712.9,21387.0,2024-02-29
2024022901024082,MKLB,38,44,50.0,712.9,35645.0,2024-02-29
2024022901024081,MKLB,38,36,30.0,712.0,21360.0,2024-02-29
2024022901024080,MKLB,38,42,10.0,712.0,7120.0,2024-02-29
2024022901024079,MKLB,38,58,10.0,712.0,7120.0,2024-02-29
2024022901024078,MKLB,38,35,11.0,709.9,7808.9,2024-02-29
2024022901024077,MKLB,38,54,20.0,709.9,14198.0,2024-02-29
2024022901024076,MKLB,38,58,12.0,705.8,8469.6,2024-02-29
2024022901024075,MKLB,38,42,52.0,703.8,36597.6,2024-02-29
2024022901024074,MKLB,38,53,30.0,703.7,21111.0,2024-02-29
2024022901024073,MKLB,38,52,11.0,700.0,7700.0,2024-02-29
2024022901024072,MKLB,38,5,39.0,699.0,27261.0,2024-02-29
2024022903007590,NFS,35,47,100.0,336.1,33610.0,2024-02-29
2024022903007589,NFS,34,47,200.0,336.2,67240.0,2024-02-29
2024022901024071,MKJC,84,34,20.0,487.8,9756.0,2024-02-29
2024022901024070,RFPL,58,34,1100.0,325.0,357500.0,2024-02-29
2024022903007588,GUFL,62,65,270.0,583.0,157410.0,2024-02-29
2024022903007587,GUFL,41,65,25.0,583.0,14575.0,2024-02-29
2024022903007586,GUFL,42,65,215.0,583.0,125345.0,2024-02-29
2024022901024069,MANDU,65,32,180.0,670.0,120600.0,2024-02-29
2024022901024068,MANDU,65,45,40.0,670.0,26800.0,2024-02-29
2024022901024067,MANDU,65,62,200.0,669.0,133800.0,2024-02-29
2024022901024066,MANDU,65,5,500.0,669.0,334500.0,2024-02-29
2024022901024065,MANDU,65,59,10.0,668.0,6680.0,2024-02-29
2024022901024064,MANDU,65,38,10.0,668.0,6680.0,2024-02-29
2024022901024063,MANDU,65,50,50.0,668.0,33400.0,2024-02-29
2024022901024062,MANDU,65,58,10.0,667.0,6670.0,2024-02-29
2024022903007585,RLFL,56,42,20.0,344.8,6896.0,2024-02-29
2024022904011355,HURJA,56,57,140.0,280.0,39200.0,2024-02-29
2024022903007584,MPFL,39,41,250.0,338.0,84500.0,2024-02-29
2024022904011354,GHL,41,57,300.0,145.8,43740.0,2024-02-29
2024022901024061,MBL,14,41,700.0,176.8,123760.0,2024-02-29
2024022904011353,SHPC,5,42,10.0,337.0,3370.0,2024-02-29
2024022904011352,RADHI,49,32,10.0,247.0,2470.0,2024-02-29
2024022901024060,HDL,81,19,50.0,1490.0,74500.0,2024-02-29
2024022901024059,ULHC,59,62,10.0,309.0,3090.0,2024-02-29
2024022901024058,JALPA,58,58,10.0,1020.0,10200.0,2024-02-29
2024022901024057,USHL,59,45,20.0,459.0,9180.0,2024-02-29
2024022901024056,TVCL,21,75,80.0,506.1,40488.0,2024-02-29
2024022901024055,PRVU,38,39,23.0,141.2,3247.6,2024-02-29
2024022901024054,PRVU,49,39,50.0,141.2,7060.0,2024-02-29
2024022901024053,PRVU,29,39,20.0,141.2,2824.0,2024-02-29
2024022901024052,PRVU,54,39,100.0,141.2,14120.0,2024-02-29
2024022901024051,PRVU,55,39,167.0,141.2,23580.4,2024-02-29
2024022901024050,PRVU,37,39,50.0,141.3,7065.0,2024-02-29
2024022901024049,PRVU,35,39,190.0,141.3,26847.0,2024-02-29
2024022901024048,MKCL,39,4,30.0,934.0,28020.0,2024-02-29
2024022901024047,JBLB,80,18,50.0,1230.0,61500.0,2024-02-29
2024022901024046,BNHC,28,22,250.0,460.0,115000.0,2024-02-29
2024022901024045,BNHC,84,22,150.0,461.0,69150.0,2024-02-29
2024022903007583,HLI,42,45,50.0,376.0,18800.0,2024-02-29
2024022903007582,NICLBSL,21,6,10.0,534.9,5349.0,2024-02-29
2024022903007581,NICLBSL,21,6,80.0,534.9,42792.0,2024-02-29
2024022901024044,NYADI,21,58,10.0,280.0,2800.0,2024-02-29
2024022901024043,NYADI,21,43,10.0,274.0,2740.0,2024-02-29
2024022901024042,SNLI,25,13,240.0,583.0,139920.0,2024-02-29
2024022901024041,SNLI,56,13,50.0,583.1,29155.0,2024-02-29
2024022901024040,SNLI,32,13,100.0,584.0,58400.0,2024-02-29
2024022901024039,SNLI,57,13,10.0,584.0,5840.0,2024-02-29
2024022904011351,UAIL,50,53,10.0,515.2,5152.0,2024-02-29
2024022905005006,NRIC,57,14,26.0,734.0,19084.0,2024-02-29
2024022904011350,OHL,16,1,140.0,742.0,103880.0,2024-02-29
2024022901024038,HATHY,69,34,264.0,843.5,222684.0,2024-02-29
2024022901024037,HATHY,86,34,65.0,843.5,54827.5,2024-02-29
2024022901024036,HATHY,39,34,100.0,843.6,84360.0,2024-02-29
2024022901024035,HATHY,33,34,55.0,843.6,46398.0,2024-02-29
2024022901024034,HATHY,4,34,16.0,843.6,13497.6,2024-02-29
2024022901024033,HATHY,4,34,84.0,843.6,70862.4,2024-02-29
2024022901024032,HATHY,19,34,100.0,844.0,84400.0,2024-02-29
2024022901024031,HATHY,5,34,16.0,844.0,13504.0,2024-02-29
2024022903007580,SHINE,34,51,30.0,359.9,10797.0,2024-02-29
2024022903007579,SINDU,34,52,10.0,315.0,3150.0,2024-02-29
2024022901024030,AHL,34,60,39.0,429.0,16731.0,2024-02-29
2024022901024029,AHL,34,35,10.0,428.7,4287.0,2024-02-29
2024022901024028,AHL,34,45,100.0,428.0,42800.0,2024-02-29
2024022901024027,AHL,34,48,10.0,427.0,4270.0,2024-02-29
2024022901024026,AHL,34,22,121.0,427.0,51667.0,2024-02-29
2024022901024025,AHL,34,49,10.0,426.1,4261.0,2024-02-29
2024022901024024,AHL,34,58,10.0,426.0,4260.0,2024-02-29
2024022901024023,AHL,34,45,100.0,425.0,42500.0,2024-02-29
2024022901024022,AHL,34,29,50.0,425.0,21250.0,2024-02-29
2024022901024021,AHL,34,49,20.0,424.0,8480.0,2024-02-29
2024022901024020,AHL,34,44,30.0,424.0,12720.0,2024-02-29
2024022904011349,CHL,49,14,296.0,290.0,85840.0,2024-02-29
2024022904011348,CHL,49,36,100.0,290.0,29000.0,2024-02-29
2024022904011347,CHL,49,50,200.0,286.2,57240.0,2024-02-29
2024022904011346,CHL,49,42,404.0,285.0,115140.0,2024-02-29
2024022903007578,ICFC,41,48,50.0,470.0,23500.0,2024-02-29
2024022903007577,CFCL,26,58,500.0,324.2,162100.0,2024-02-29
2024022903007576,NADEP,17,58,23.0,506.1,11640.3,2024-02-29
2024022904011345,UPPER,8,38,10.0,199.0,1990.0,2024-02-29
2024022901024019,RFPL,58,29,560.0,325.0,182000.0,2024-02-29
2024022901024018,RFPL,58,29,2440.0,325.0,793000.0,2024-02-29
2024022904011344,SPDL,17,43,11.0,244.8,2692.8,2024-02-29
2024022904011343,RADHI,72,32,26.0,247.0,6422.0,2024-02-29
2024022904011342,RADHI,72,39,36.0,247.0,8892.0,2024-02-29
2024022904011341,RADHI,72,45,38.0,246.9,9382.2,2024-02-29
2024022903007575,ICFC,32,21,42.0,471.1,19786.2,2024-02-29
2024022905005005,CHDC,21,22,10.0,958.0,9580.0,2024-02-29
2024022904011340,SHPC,43,62,89.0,335.0,29815.0,2024-02-29
2024022903007574,MPFL,32,39,100.0,340.0,34000.0,2024-02-29
2024022905005004,HRL,80,32,60.0,604.9,36294.0,2024-02-29
2024022905005003,HRL,53,32,40.0,605.0,24200.0,2024-02-29
2024022904011339,SICL,51,59,26.0,690.0,17940.0,2024-02-29
2024022903007573,ALICL,45,33,10.0,554.0,5540.0,2024-02-29
2024022905005002,HRL,53,48,10.0,605.0,6050.0,2024-02-29
2024022905005001,CIT,54,7,10.0,2076.0,20760.0,2024-02-29
2024022901024017,HDL,39,41,10.0,1490.9,14909.0,2024-02-29
2024022904011338,MHNL,44,29,1592.0,235.0,374120.0,2024-02-29
2024022904011337,MHNL,51,29,100.0,235.1,23510.0,2024-02-29
2024022903007572,MFIL,36,22,10.0,497.0,4970.0,2024-02-29
2024022903007571,MFIL,44,22,80.0,497.0,39760.0,2024-02-29
2024022903007570,MFIL,54,22,100.0,497.0,49700.0,2024-02-29
2024022904011336,PPCL,58,17,50.0,253.3,12665.0,2024-02-29
2024022903007569,MNBBL,26,42,100.0,345.1,34510.0,2024-02-29
2024022903007568,MNBBL,43,42,30.0,345.2,10356.0,2024-02-29
2024022901024016,SCB,34,42,22.0,505.0,11110.0,2024-02-29
2024022904011335,SJCL,42,38,10.0,271.8,2718.0,2024-02-29
2024022903007567,PMLI,25,21,10.0,493.0,4930.0,2024-02-29
2024022901024015,SMHL,42,25,30.0,452.0,13560.0,2024-02-29
2024022901024014,SMHL,28,25,100.0,457.9,45790.0,2024-02-29
2024022904011334,API,36,43,383.0,176.6,67637.8,2024-02-29
2024022904011333,API,57,43,100.0,176.7,17670.0,2024-02-29
2024022904011332,API,21,43,17.0,176.7,3003.9,2024-02-29
2024022901024013,MHCL,56,65,359.0,495.3,177812.7,2024-02-29
2024022904011331,KPCL,50,34,100.0,400.0,40000.0,2024-02-29
2024022903007566,SABSL,49,52,10.0,575.0,5750.0,2024-02-29
2024022901024012,VLUCL,34,44,40.0,529.0,21160.0,2024-02-29
2024022901024011,HHL,19,83,10.0,334.0,3340.0,2024-02-29
2024022901024010,HHL,19,42,10.0,332.0,3320.0,2024-02-29
2024022901024009,HHL,19,28,10.0,331.0,3310.0,2024-02-29
2024022901024008,HHL,19,36,25.0,331.0,8275.0,2024-02-29
2024022904011330,NGPL,71,46,500.0,289.0,144500.0,2024-02-29
2024022901024007,PRVU,35,26,200.0,141.3,28260.0,2024-02-29
2024022904011329,SPIL,42,48,50.0,724.0,36200.0,2024-02-29
2024022904011328,AKJCL,29,21,15.0,213.0,3195.0,2024-02-29
2024022904011327,AKJCL,32,21,478.0,213.0,101814.0,2024-02-29
2024022904011326,AKPL,80,50,200.0,176.6,35320.0,2024-02-29
2024022904011325,AKPL,55,50,1000.0,176.7,176700.0,2024-02-29
2024022901024006,GBIME,57,50,250.0,181.9,45475.0,2024-02-29
2024022901024005,CKHL,58,57,250.0,621.0,155250.0,2024-02-29
2024022901024004,MMKJL,43,39,10.0,420.0,4200.0,2024-02-29
2024022903007565,NLIC,4,33,13.0,592.5,7702.5,2024-02-29
2024022901024003,GCIL,34,58,10.0,477.0,4770.0,2024-02-29
2024022901024002,MHCL,44,65,250.0,495.3,123825.0,2024-02-29
2024022905005000,BBC,16,58,10.0,4161.0,41610.0,2024-02-29
2024022901024001,SONA,16,88,250.0,440.0,110000.0,2024-02-29
2024022901024000,SONA,45,88,200.0,440.0,88000.0,2024-02-29
2024022901023999,SONA,37,88,500.0,440.0,220000.0,2024-02-29
2024022901023998,SONA,43,88,200.0,440.0,88000.0,2024-02-29
2024022901023997,SONA,35,88,400.0,440.1,176040.0,2024-02-29
2024022901023996,SONA,49,88,250.0,440.1,110025.0,2024-02-29
2024022901023995,SONA,56,88,100.0,440.2,44020.0,2024-02-29
2024022901023994,SONA,48,88,100.0,441.0,44100.0,2024-02-29
2024022901023993,SONA,55,88,50.0,441.0,22050.0,2024-02-29
2024022901023992,SONA,66,88,50.0,441.0,22050.0,2024-02-29
2024022901023991,SONA,34,88,500.0,441.0,220500.0,2024-02-29
2024022901023990,SONA,56,88,100.0,441.0,44100.0,2024-02-29
2024022901023989,SONA,63,88,200.0,441.0,88200.0,2024-02-29
2024022901023988,SONA,29,88,100.0,441.0,44100.0,2024-02-29
2024022904011324,AKJCL,32,17,570.0,213.0,121410.0,2024-02-29
2024022904011323,AKJCL,29,17,170.0,213.1,36227.0,2024-02-29
2024022901023987,SPC,64,42,20.0,586.9,11738.0,2024-02-29
2024022904011322,NHPC,42,41,500.0,150.1,75050.0,2024-02-29
2024022901023986,HATHY,35,49,50.0,845.0,42250.0,2024-02-29
2024022901023985,ADBL,74,6,60.0,225.8,13548.0,2024-02-29
2024022901023984,ADBL,58,6,10.0,225.8,2258.0,2024-02-29
2024022905004999,HRL,57,21,10.0,606.0,6060.0,2024-02-29
2024022905004998,HRL,57,36,10.0,605.0,6050.0,2024-02-29
2024022904011321,AKPL,49,29,120.0,177.0,21240.0,2024-02-29
2024022904011320,AKPL,49,58,80.0,177.0,14160.0,2024-02-29
2024022901023983,VLUCL,34,58,10.0,529.0,5290.0,2024-02-29
2024022905004997,NIFRA,55,40,10.0,202.0,2020.0,2024-02-29
2024022901023982,SONA,26,22,200.0,441.2,88240.0,2024-02-29
2024022901023981,MMKJL,29,39,70.0,420.0,29400.0,2024-02-29
2024022901023980,MMKJL,29,11,50.0,420.0,21000.0,2024-02-29
2024022901023979,MMKJL,29,58,10.0,420.0,4200.0,2024-02-29
2024022901023978,MMKJL,29,49,10.0,420.0,4200.0,2024-02-29
2024022901023977,MMKJL,29,22,10.0,420.0,4200.0,2024-02-29
2024022901023976,MMKJL,29,4,10.0,420.0,4200.0,2024-02-29
2024022901023975,MMKJL,29,83,10.0,419.8,4198.0,2024-02-29
2024022901023974,MMKJL,29,41,10.0,419.0,4190.0,2024-02-29
2024022901023973,MMKJL,29,52,10.0,419.0,4190.0,2024-02-29
2024022901023972,MMKJL,29,10,10.0,419.0,4190.0,2024-02-29
2024022901023971,MMKJL,29,47,10.0,417.0,4170.0,2024-02-29
2024022901023970,MMKJL,29,14,10.0,416.0,4160.0,2024-02-29
2024022901023969,MMKJL,29,42,10.0,415.1,4151.0,2024-02-29
2024022901023968,MMKJL,29,28,10.0,415.0,4150.0,2024-02-29
2024022901023967,MMKJL,29,48,80.0,415.0,33200.0,2024-02-29
2024022901023966,MMKJL,29,42,10.0,415.0,4150.0,2024-02-29
2024022901023965,MMKJL,29,58,10.0,415.0,4150.0,2024-02-29
2024022901023964,MMKJL,29,41,10.0,415.0,4150.0,2024-02-29
2024022901023963,MMKJL,29,35,10.0,412.0,4120.0,2024-02-29
2024022901023962,MMKJL,29,58,10.0,412.0,4120.0,2024-02-29
2024022901023961,MMKJL,29,52,500.0,411.0,205500.0,2024-02-29
2024022901023960,MMKJL,29,57,50.0,410.0,20500.0,2024-02-29
2024022901023959,MMKJL,29,19,10.0,410.0,4100.0,2024-02-29
2024022901023958,MMKJL,29,42,10.0,410.0,4100.0,2024-02-29
2024022901023957,MMKJL,29,75,10.0,409.0,4090.0,2024-02-29
2024022901023956,MMKJL,29,40,100.0,409.0,40900.0,2024-02-29
2024022901023955,MMKJL,29,38,10.0,408.0,4080.0,2024-02-29
2024022901023954,MMKJL,29,45,10.0,408.0,4080.0,2024-02-29
2024022901023953,MMKJL,29,51,470.0,406.9,191243.0,2024-02-29
2024022901023952,MMKJL,29,57,290.0,406.8,117972.0,2024-02-29
2024022901023951,MMKJL,29,57,50.0,406.0,20300.0,2024-02-29
2024022901023950,MMKJL,29,58,10.0,406.0,4060.0,2024-02-29
2024022901023949,MMKJL,29,26,10.0,406.0,4060.0,2024-02-29
2024022901023948,MMKJL,29,56,10.0,406.0,4060.0,2024-02-29
2024022901023947,MMKJL,29,45,90.0,405.0,36450.0,2024-02-29
2024022901023946,CLI,42,51,10.0,427.0,4270.0,2024-02-29
2024022901023945,MBJC,47,26,10.0,304.5,3045.0,2024-02-29
2024022901023944,MBJC,47,42,80.0,304.1,24328.0,2024-02-29
2024022904011319,SGIC,82,84,50.0,493.0,24650.0,2024-02-29
2024022901023943,ULHC,14,51,290.0,306.3,88827.0,2024-02-29
2024022901023942,ULHC,45,51,10.0,306.4,3064.0,2024-02-29
2024022901023941,MEL,18,70,80.0,207.7,16616.0,2024-02-29
2024022901023940,MEL,25,70,100.0,207.8,20780.0,2024-02-29
2024022901023939,MEL,44,70,50.0,207.9,10395.0,2024-02-29
2024022901023938,MEL,42,70,100.0,208.0,20800.0,2024-02-29
2024022901023937,MEL,45,70,200.0,208.0,41600.0,2024-02-29
2024022901023936,MEL,38,70,500.0,208.0,104000.0,2024-02-29
2024022901023935,MEL,14,70,300.0,208.0,62400.0,2024-02-29
2024022901023934,MEL,8,70,10.0,208.0,2080.0,2024-02-29
2024022901023933,MEL,48,70,100.0,208.0,20800.0,2024-02-29
2024022901023932,MEL,39,70,120.0,208.1,24972.0,2024-02-29
2024022901023931,MEL,45,70,140.0,208.2,29148.0,2024-02-29
2024022901023930,NABIL,43,56,150.0,429.5,64425.0,2024-02-29
2024022901023929,RNLI,41,36,15.0,418.0,6270.0,2024-02-29
2024022903007564,NABBC,34,47,10.0,407.0,4070.0,2024-02-29
2024022904011318,GHL,5,57,380.0,145.8,55404.0,2024-02-29
2024022904011317,GHL,5,8,600.0,145.7,87420.0,2024-02-29
2024022904011316,GHL,5,58,20.0,145.5,2910.0,2024-02-29
2024022901023928,AVYAN,34,28,10.0,589.0,5890.0,2024-02-29
2024022901023927,AVYAN,34,7,36.0,585.0,21060.0,2024-02-29
2024022903007563,GUFL,42,49,100.0,583.0,58300.0,2024-02-29
2024022904011315,SPIL,44,57,20.0,724.9,14498.0,2024-02-29
2024022903007562,USLB,55,8,294.0,1090.0,320460.0,2024-02-29
2024022903007561,USLB,55,8,186.0,1090.0,202740.0,2024-02-29
2024022904011314,JOSHI,8,56,100.0,350.9,35090.0,2024-02-29
2024022901023926,PHCL,62,17,92.0,298.0,27416.0,2024-02-29
2024022901023925,NRM,35,36,81.0,339.0,27459.0,2024-02-29
2024022901023924,NRM,35,49,19.0,338.0,6422.0,2024-02-29
2024022901023923,HATHY,5,38,34.0,844.0,28696.0,2024-02-29
2024022901023922,HATHY,38,38,16.0,844.2,13507.2,2024-02-29
2024022901023921,KBL,62,10,50.0,140.4,7020.0,2024-02-29
2024022901023920,VLUCL,34,6,100.0,529.0,52900.0,2024-02-29
2024022901023919,MKHL,51,51,70.0,354.0,24780.0,2024-02-29
2024022904011313,NGPL,83,72,500.0,287.0,143500.0,2024-02-29
2024022904011312,NGPL,83,72,1411.0,287.0,404957.0,2024-02-29
2024022901023918,MKHC,39,83,40.0,282.0,11280.0,2024-02-29
2024022903007560,NFS,48,58,20.0,337.0,6740.0,2024-02-29
2024022901023917,SHIVM,3,3,146.0,468.0,68328.0,2024-02-29
2024022901023916,SHIVM,8,3,150.0,468.0,70200.0,2024-02-29
2024022901023915,SHIVM,19,3,35.0,468.0,16380.0,2024-02-29
2024022901023914,SHIVM,81,3,369.0,468.1,172728.9,2024-02-29
2024022904011311,MHNL,44,52,100.0,237.0,23700.0,2024-02-29
2024022903007559,EDBL,45,16,250.0,339.0,84750.0,2024-02-29
2024022901023913,CKHL,58,45,10.0,652.0,6520.0,2024-02-29
2024022901023912,CKHL,58,49,10.0,652.0,6520.0,2024-02-29
2024022901023911,CKHL,58,8,10.0,652.0,6520.0,2024-02-29
2024022901023910,CKHL,58,49,10.0,652.0,6520.0,2024-02-29
2024022901023909,CKHL,58,38,10.0,651.0,6510.0,2024-02-29
2024022901023908,CKHL,58,21,10.0,651.0,6510.0,2024-02-29
2024022901023907,CKHL,58,49,10.0,650.7,6507.0,2024-02-29
2024022901023906,CKHL,58,1,10.0,650.0,6500.0,2024-02-29
2024022901023905,CKHL,58,58,10.0,650.0,6500.0,2024-02-29
2024022901023904,CKHL,58,58,10.0,650.0,6500.0,2024-02-29
2024022901023903,CKHL,58,38,10.0,650.0,6500.0,2024-02-29
2024022901023902,CKHL,58,52,10.0,650.0,6500.0,2024-02-29
2024022901023901,CKHL,58,29,10.0,650.0,6500.0,2024-02-29
2024022901023900,CKHL,58,39,10.0,650.0,6500.0,2024-02-29
2024022901023899,CKHL,58,52,10.0,650.0,6500.0,2024-02-29
2024022901023898,CKHL,58,58,10.0,650.0,6500.0,2024-02-29
2024022901023897,CKHL,58,22,10.0,650.0,6500.0,2024-02-29
2024022901023896,CKHL,58,58,10.0,650.0,6500.0,2024-02-29
2024022901023895,CKHL,58,42,1000.0,649.0,649000.0,2024-02-29
2024022901023894,CKHL,58,50,10.0,649.0,6490.0,2024-02-29
2024022901023893,CKHL,58,54,10.0,648.9,6489.0,2024-02-29
2024022901023892,CKHL,58,32,150.0,648.7,97305.0,2024-02-29
2024022901023891,CKHL,58,3,10.0,648.7,6487.0,2024-02-29
2024022901023890,CKHL,58,51,10.0,648.0,6480.0,2024-02-29
2024022901023889,CKHL,58,47,10.0,648.0,6480.0,2024-02-29
2024022901023888,CKHL,58,56,10.0,645.0,6450.0,2024-02-29
2024022901023887,CKHL,58,58,50.0,645.0,32250.0,2024-02-29
2024022901023886,CKHL,58,57,10.0,645.0,6450.0,2024-02-29
2024022901023885,CKHL,58,47,10.0,645.0,6450.0,2024-02-29
2024022901023884,CKHL,58,35,10.0,645.0,6450.0,2024-02-29
2024022901023883,CKHL,58,57,10.0,640.5,6405.0,2024-02-29
2024022901023882,CKHL,58,42,300.0,640.0,192000.0,2024-02-29
2024022901023881,CKHL,58,29,10.0,640.0,6400.0,2024-02-29
2024022901023880,CKHL,58,34,50.0,640.0,32000.0,2024-02-29
2024022901023879,CKHL,58,17,10.0,640.0,6400.0,2024-02-29
2024022901023878,CKHL,58,4,10.0,640.0,6400.0,2024-02-29
2024022901023877,CKHL,58,49,136.0,640.0,87040.0,2024-02-29
2024022901023876,SNLI,57,55,40.0,584.0,23360.0,2024-02-29
2024022904011310,JOSHI,8,56,60.0,350.9,21054.0,2024-02-29
2024022904011309,JOSHI,8,32,40.0,350.9,14036.0,2024-02-29
2024022901023875,NRM,61,38,460.0,335.2,154192.0,2024-02-29
2024022901023874,NRM,57,38,20.0,335.3,6706.0,2024-02-29
2024022901023873,NRM,57,38,20.0,335.3,6706.0,2024-02-29
2024022901023872,NRM,58,38,50.0,335.6,16780.0,2024-02-29
2024022901023871,NRM,57,38,30.0,335.6,10068.0,2024-02-29
2024022901023870,NRM,7,38,200.0,335.6,67120.0,2024-02-29
2024022901023869,NRM,22,38,120.0,337.0,40440.0,2024-02-29
2024022901023868,NRM,33,38,400.0,337.0,134800.0,2024-02-29
2024022901023867,NRM,19,38,50.0,337.0,16850.0,2024-02-29
2024022901023866,NRM,57,38,10.0,337.0,3370.0,2024-02-29
2024022905004996,CHDC,6,58,10.0,958.0,9580.0,2024-02-29
2024022905004995,CHDC,6,6,20.0,957.8,19156.0,2024-02-29
2024022905004994,CHDC,6,6,20.0,957.7,19154.0,2024-02-29
2024022905004993,CHDC,6,26,10.0,956.7,9567.0,2024-02-29
2024022905004992,CHDC,6,47,10.0,956.5,9565.0,2024-02-29
2024022905004991,CHDC,6,58,10.0,956.0,9560.0,2024-02-29
2024022905004990,CHDC,6,21,10.0,956.0,9560.0,2024-02-29
2024022905004989,CHDC,6,34,40.0,955.0,38200.0,2024-02-29
2024022905004988,CHDC,6,6,50.0,954.8,47740.0,2024-02-29
2024022905004987,CHDC,6,53,10.0,954.0,9540.0,2024-02-29
2024022905004986,CHDC,6,16,10.0,950.0,9500.0,2024-02-29
2024022901023865,EHPL,18,28,220.0,426.1,93742.0,2024-02-29
2024022904011308,UPCL,11,22,500.0,207.0,103500.0,2024-02-29
2024022904011307,CHCL,59,46,500.0,456.0,228000.0,2024-02-29
2024022903007558,MPFL,56,39,20.0,340.0,6800.0,2024-02-29
2024022905004985,HRL,80,33,55.0,604.9,33269.5,2024-02-29
2024022905004984,HRL,49,33,645.0,605.0,390225.0,2024-02-29
2024022901023864,ILI,42,33,325.0,512.0,166400.0,2024-02-29
2024022901023863,ILI,42,33,135.0,512.0,69120.0,2024-02-29
2024022901023862,ILI,4,33,40.0,512.1,20484.0,2024-02-29
2024022901023861,MANDU,57,4,50.0,663.0,33150.0,2024-02-29
2024022904011306,SHPC,43,49,311.0,335.0,104185.0,2024-02-29
2024022904011305,SHPC,38,49,10.0,335.0,3350.0,2024-02-29
2024022904011304,SHPC,16,49,200.0,335.0,67000.0,2024-02-29
2024022904011303,SHPC,45,49,500.0,335.0,167500.0,2024-02-29
2024022904011302,SHPC,6,49,1979.0,335.0,662965.0,2024-02-29
2024022903007557,KRBL,34,29,60.0,354.8,21288.0,2024-02-29
2024022903007556,KRBL,34,17,190.0,354.8,67412.0,2024-02-29
2024022901023860,UNLB,67,45,10.0,1210.2,12102.0,2024-02-29
2024022904011301,API,45,38,170.0,176.9,30073.0,2024-02-29
2024022904011300,UNHPL,49,58,400.0,241.1,96440.0,2024-02-29
2024022903007555,ILBS,26,55,312.0,675.0,210600.0,2024-02-29
2024022905004983,NRN,10,19,20.0,521.1,10422.0,2024-02-29
2024022901023859,RNLI,58,36,35.0,418.0,14630.0,2024-02-29
2024022903007554,SWMF,81,50,49.0,658.2,32251.8,2024-02-29
2024022905004982,HRL,49,1,90.0,605.0,54450.0,2024-02-29
2024022905004981,HRL,49,65,50.0,605.0,30250.0,2024-02-29
2024022905004980,HRL,42,65,50.0,607.0,30350.0,2024-02-29
2024022901023858,SNLI,41,56,10.0,584.0,5840.0,2024-02-29
2024022903007553,ALICL,34,50,10.0,555.0,5550.0,2024-02-29
2024022903007552,ALICL,34,26,10.0,555.0,5550.0,2024-02-29
2024022904011299,SGIC,82,41,90.0,493.0,44370.0,2024-02-29
2024022904011298,SGIC,82,58,60.0,493.0,29580.0,2024-02-29
2024022904011297,UPPER,43,45,79.0,197.0,15563.0,2024-02-29
2024022904011296,UPPER,38,45,471.0,197.0,92787.0,2024-02-29
2024022904011295,UPPER,45,45,50.0,198.0,9900.0,2024-02-29
2024022901023857,CLI,45,51,10.0,427.0,4270.0,2024-02-29
2024022905004979,NIFRA,51,58,200.0,201.7,40340.0,2024-02-29
2024022903007551,NFS,13,58,100.0,337.0,33700.0,2024-02-29
2024022903007550,NFS,17,58,500.0,337.0,168500.0,2024-02-29
2024022903007549,NFS,1,58,20.0,337.0,6740.0,2024-02-29
2024022903007548,NFS,13,58,110.0,337.0,37070.0,2024-02-29
2024022903007547,NFS,55,58,200.0,337.0,67400.0,2024-02-29
2024022903007546,NFS,48,58,50.0,337.0,16850.0,2024-02-29
2024022903007545,NFS,42,58,34.0,337.0,11458.0,2024-02-29
2024022903007544,NFS,43,58,100.0,337.1,33710.0,2024-02-29
2024022903007543,NFS,86,58,284.0,338.0,95992.0,2024-02-29
2024022901023856,MHL,22,59,365.0,369.0,134685.0,2024-02-29
2024022905004978,HRL,42,42,10.0,607.0,6070.0,2024-02-29
2024022901023855,PHCL,42,42,290.0,298.0,86420.0,2024-02-29
2024022901023854,PHCL,22,42,50.0,298.5,14925.0,2024-02-29
2024022901023853,PHCL,51,42,10.0,298.6,2986.0,2024-02-29
2024022905004977,HRL,42,42,150.0,607.0,91050.0,2024-02-29
2024022905004976,HRL,42,35,20.0,606.7,12134.0,2024-02-29
2024022905004975,HRL,42,35,20.0,606.1,12122.0,2024-02-29
2024022905004974,HRL,42,63,20.0,606.0,12120.0,2024-02-29
2024022905004973,HRL,42,25,30.0,606.0,18180.0,2024-02-29
2024022901023852,ULHC,38,62,10.0,309.0,3090.0,2024-02-29
2024022904011294,UMHL,13,62,100.0,248.0,24800.0,2024-02-29
2024022901023851,BNHC,28,32,150.0,460.0,69000.0,2024-02-29
2024022901023850,SHLB,57,16,10.0,890.0,8900.0,2024-02-29
2024022901023849,SHLB,57,6,10.0,890.0,8900.0,2024-02-29
2024022901023848,SHLB,57,41,10.0,878.0,8780.0,2024-02-29
2024022901023847,SHLB,57,42,10.0,878.0,8780.0,2024-02-29
2024022901023846,SHLB,57,47,10.0,877.0,8770.0,2024-02-29
2024022901023845,SHLB,57,34,34.0,873.5,29699.0,2024-02-29
2024022901023844,SHLB,57,58,10.0,858.8,8588.0,2024-02-29
2024022901023843,SHLB,57,33,45.0,855.0,38475.0,2024-02-29
2024022901023842,SHLB,57,41,20.0,846.0,16920.0,2024-02-29
2024022901023841,SHLB,57,58,99.0,830.0,82170.0,2024-02-29
2024022901023840,SHLB,57,17,106.0,825.0,87450.0,2024-02-29
2024022901023839,BGWT,65,58,183.0,578.0,105774.0,2024-02-29
2024022901023838,BGWT,65,41,10.0,578.0,5780.0,2024-02-29
2024022901023837,BGWT,65,6,10.0,578.0,5780.0,2024-02-29
2024022901023836,BGWT,65,58,10.0,578.0,5780.0,2024-02-29
2024022901023835,BGWT,65,49,10.0,575.0,5750.0,2024-02-29
2024022901023834,BGWT,65,53,10.0,575.0,5750.0,2024-02-29
2024022901023833,BGWT,65,42,10.0,575.0,5750.0,2024-02-29
2024022901023832,BGWT,65,34,10.0,574.0,5740.0,2024-02-29
2024022901023831,BGWT,65,49,10.0,574.0,5740.0,2024-02-29
2024022901023830,BGWT,65,21,100.0,572.0,57200.0,2024-02-29
2024022901023829,BGWT,65,58,10.0,570.0,5700.0,2024-02-29
2024022901023828,BGWT,65,56,37.0,570.0,21090.0,2024-02-29
2024022901023827,BGWT,65,58,10.0,570.0,5700.0,2024-02-29
2024022901023826,BGWT,65,38,10.0,570.0,5700.0,2024-02-29
2024022901023825,BGWT,65,19,10.0,570.0,5700.0,2024-02-29
2024022901023824,BGWT,65,49,100.0,569.9,56990.0,2024-02-29
2024022901023823,BGWT,65,40,10.0,565.0,5650.0,2024-02-29
2024022901023822,BGWT,65,57,450.0,563.0,253350.0,2024-02-29
2024022901023821,GCIL,33,36,10.0,476.9,4769.0,2024-02-29
2024022901023820,ILI,4,48,10.0,512.1,5121.0,2024-02-29
2024022904011293,NIL,16,4,10.0,788.0,7880.0,2024-02-29
2024022904011292,NIL,6,4,25.0,788.0,19700.0,2024-02-29
2024022904011291,NIL,21,4,13.0,788.0,10244.0,2024-02-29
2024022901023819,USHL,49,45,20.0,459.0,9180.0,2024-02-29
2024022901023818,HATHY,16,49,10.0,845.0,8450.0,2024-02-29
2024022901023817,HATHY,25,49,190.0,845.0,160550.0,2024-02-29
2024022901023816,HATHY,56,49,29.0,846.0,24534.0,2024-02-29
2024022901023815,MHCL,19,18,30.0,495.2,14856.0,2024-02-29
2024022901023814,RAWA,58,58,10.0,444.0,4440.0,2024-02-29
2024022904011290,PPCL,58,58,150.0,253.3,37995.0,2024-02-29
2024022903007542,GUFL,58,43,190.0,583.9,110941.0,2024-02-29
2024022903007541,MFIL,17,86,10.0,499.0,4990.0,2024-02-29
2024022904011289,NGPL,38,72,12.0,287.0,3444.0,2024-02-29
2024022901023813,SBI,38,34,433.0,283.0,122539.0,2024-02-29
2024022901023812,SONA,29,62,100.0,441.0,44100.0,2024-02-29
2024022901023811,SONA,33,62,30.0,441.0,13230.0,2024-02-29
2024022901023810,SONA,41,62,500.0,441.0,220500.0,2024-02-29
2024022901023809,SONA,14,62,150.0,441.0,66150.0,2024-02-29
2024022901023808,SONA,48,62,200.0,441.0,88200.0,2024-02-29
2024022901023807,SONA,55,62,620.0,441.0,273420.0,2024-02-29
2024022901023806,RFPL,58,62,500.0,325.0,162500.0,2024-02-29
2024022901023805,HDL,6,41,10.0,1490.9,14909.0,2024-02-29
2024022901023804,MEL,39,32,80.0,208.1,16648.0,2024-02-29
2024022901023803,MEL,44,32,40.0,208.2,8328.0,2024-02-29
2024022901023802,MEL,58,32,80.0,208.2,16656.0,2024-02-29
2024022901023801,DOLTI,57,26,10.0,365.0,3650.0,2024-02-29
2024022901023800,KBL,21,57,154.0,140.1,21575.4,2024-02-29
2024022901023799,KBL,7,57,846.0,140.1,118524.6,2024-02-29
2024022901023798,PPL,87,57,200.0,311.4,62280.0,2024-02-29
2024022901023797,PPL,57,57,33.0,311.4,10276.2,2024-02-29
2024022904011288,UPCL,57,54,50.0,206.0,10300.0,2024-02-29
2024022904011287,UPCL,57,34,85.0,206.0,17510.0,2024-02-29
2024022901023796,SNLI,14,36,20.0,584.5,11690.0,2024-02-29
2024022905004972,CIT,4,46,10.0,2076.5,20765.0,2024-02-29
2024022903007540,CFCL,26,56,150.0,324.2,48630.0,2024-02-29
2024022903007539,SJLIC,41,4,82.0,457.0,37474.0,2024-02-29
2024022901023795,DOLTI,40,26,30.0,365.0,10950.0,2024-02-29
2024022903007538,SHINE,40,41,294.0,359.5,105693.0,2024-02-29
2024022905004971,HRL,49,21,215.0,605.0,130075.0,2024-02-29
2024022901023794,ILI,49,42,30.0,512.5,15375.0,2024-02-29
2024022901023793,IHL,34,21,10.0,329.0,3290.0,2024-02-29
2024022903007537,NICLBSL,34,6,10.0,534.9,5349.0,2024-02-29
2024022904011286,GHL,59,58,25.0,145.5,3637.5,2024-02-29
2024022901023792,DOLTI,40,26,50.0,365.0,18250.0,2024-02-29
2024022901023791,DOLTI,44,26,200.0,365.0,73000.0,2024-02-29
2024022901023790,DOLTI,44,26,479.0,365.3,174978.7,2024-02-29
2024022904011285,SPDL,49,14,279.0,243.0,67797.0,2024-02-29
2024022904011284,SPDL,38,14,210.0,243.0,51030.0,2024-02-29
2024022904011283,SPDL,22,14,100.0,243.5,24350.0,2024-02-29
2024022904011282,SPDL,33,14,11.0,244.0,2684.0,2024-02-29
2024022901023789,MMKJL,57,58,10.0,397.0,3970.0,2024-02-29
2024022904011281,CHL,34,42,750.0,285.0,213750.0,2024-02-29
2024022904011280,CHL,49,42,100.0,285.0,28500.0,2024-02-29
2024022904011279,CHL,32,42,100.0,285.0,28500.0,2024-02-29
2024022904011278,CHL,42,42,400.0,285.0,114000.0,2024-02-29
2024022904011277,CHL,1,42,226.0,285.0,64410.0,2024-02-29
2024022904011276,CHL,13,42,20.0,285.3,5706.0,2024-02-29
2024022901023788,SHIVM,57,13,150.0,469.0,70350.0,2024-02-29
2024022901023787,NICA,39,52,382.0,410.1,156658.2,2024-02-29
2024022901023786,NICA,16,52,500.0,410.1,205050.0,2024-02-29
2024022901023785,NICA,88,52,1250.0,410.2,512750.0,2024-02-29
2024022901023784,NICA,44,52,193.0,410.4,79207.2,2024-02-29
2024022901023783,NICA,45,52,50.0,410.5,20525.0,2024-02-29
2024022901023782,NICA,58,52,450.0,412.0,185400.0,2024-02-29
2024022903007536,HLI,56,37,500.0,376.0,188000.0,2024-02-29
2024022903007535,HLI,56,44,350.0,376.0,131600.0,2024-02-29
2024022901023781,SCB,13,5,200.0,505.1,101020.0,2024-02-29
2024022901023780,ULHC,5,62,10.0,309.0,3090.0,2024-02-29
2024022904011275,RURU,5,34,10.0,716.0,7160.0,2024-02-29
2024022904011274,NGPL,49,72,200.0,287.0,57400.0,2024-02-29
2024022901023779,SONA,49,16,295.0,442.0,130390.0,2024-02-29
2024022901023778,SONA,49,34,305.0,442.0,134810.0,2024-02-29
2024022903007534,MPFL,32,45,200.0,337.8,67560.0,2024-02-29
2024022903007533,PMLI,7,21,10.0,493.0,4930.0,2024-02-29
2024022903007532,PMLI,7,43,50.0,493.0,24650.0,2024-02-29
2024022903007531,SLBBL,59,57,13.0,562.0,7306.0,2024-02-29
2024022903007530,ICFC,41,26,31.0,470.0,14570.0,2024-02-29
2024022903007529,ICFC,14,26,70.0,470.0,32900.0,2024-02-29
2024022903007528,ICFC,58,26,115.0,470.0,54050.0,2024-02-29
2024022903007527,ICFC,38,26,25.0,470.0,11750.0,2024-02-29
2024022903007526,ICFC,6,26,500.0,470.0,235000.0,2024-02-29
2024022903007525,ICFC,40,26,200.0,470.0,94000.0,2024-02-29
2024022903007524,ICFC,62,26,30.0,470.0,14100.0,2024-02-29
2024022903007523,ICFC,1,26,500.0,470.4,235200.0,2024-02-29
2024022903007522,ICFC,48,26,75.0,470.4,35280.0,2024-02-29
2024022903007521,ICFC,34,26,20.0,470.4,9408.0,2024-02-29
2024022903007520,ICFC,54,26,100.0,470.6,47060.0,2024-02-29
2024022901023777,SNLI,14,58,10.0,584.5,5845.0,2024-02-29
2024022904011273,PRIN,45,61,70.0,761.0,53270.0,2024-02-29
2024022901023776,SMJC,29,37,11.0,362.7,3989.7,2024-02-29
2024022901023775,SMJC,19,37,100.0,363.0,36300.0,2024-02-29
2024022901023774,SMJC,33,37,30.0,364.0,10920.0,2024-02-29
2024022901023773,SMJC,49,37,100.0,364.0,36400.0,2024-02-29
2024022901023772,SMJC,19,37,20.0,364.0,7280.0,2024-02-29
2024022901023771,SMJC,14,37,100.0,364.6,36460.0,2024-02-29
2024022901023770,SMJC,88,37,1000.0,364.6,364600.0,2024-02-29
2024022901023769,SMJC,17,37,200.0,364.6,72920.0,2024-02-29
2024022901023768,SMJC,49,37,50.0,365.0,18250.0,2024-02-29
2024022901023767,SMJC,34,37,50.0,365.0,18250.0,2024-02-29
2024022901023766,SMJC,59,37,500.0,365.0,182500.0,2024-02-29
2024022901023765,SMJC,71,37,500.0,365.0,182500.0,2024-02-29
2024022901023764,SMJC,29,37,200.0,365.0,73000.0,2024-02-29
2024022901023763,SMJC,59,37,1000.0,365.0,365000.0,2024-02-29
2024022901023762,SMJC,49,37,350.0,365.0,127750.0,2024-02-29
2024022901023761,SMJC,71,37,50.0,365.5,18275.0,2024-02-29
2024022901023760,SMJC,46,37,400.0,366.0,146400.0,2024-02-29
2024022901023759,SMJC,64,37,100.0,366.0,36600.0,2024-02-29
2024022901023758,SMJC,10,37,500.0,366.0,183000.0,2024-02-29
2024022901023757,SMJC,19,37,200.0,366.0,73200.0,2024-02-29
2024022901023756,SMJC,32,37,100.0,366.0,36600.0,2024-02-29
2024022901023755,SMJC,61,37,200.0,366.0,73200.0,2024-02-29
2024022901023754,SMJC,41,37,50.0,366.0,18300.0,2024-02-29
2024022901023753,SMJC,6,37,200.0,366.1,73220.0,2024-02-29
2024022901023752,SMJC,64,37,159.0,366.1,58209.9,2024-02-29
2024022901023751,SMJC,42,37,100.0,366.2,36620.0,2024-02-29
2024022901023750,SMJC,34,37,50.0,366.3,18315.0,2024-02-29
2024022901023749,SMJC,49,37,35.0,366.3,12820.5,2024-02-29
2024022901023748,SMJC,36,37,445.0,366.5,163092.5,2024-02-29
2024022905004970,NRIC,6,54,120.0,733.0,87960.0,2024-02-29
2024022905004969,NRIC,6,54,80.0,733.0,58640.0,2024-02-29
2024022901023747,RHGCL,26,21,200.0,282.0,56400.0,2024-02-29
2024022904011272,CGH,69,34,50.0,800.0,40000.0,2024-02-29
2024022904011271,CGH,69,44,80.0,800.0,64000.0,2024-02-29
2024022901023746,MCHL,52,42,75.0,319.1,23932.5,2024-02-29
2024022901023745,MCHL,7,42,25.0,319.2,7980.0,2024-02-29
2024022901023744,AVYAN,11,7,12.0,585.0,7020.0,2024-02-29
2024022904011270,HDHPC,78,1,91.0,135.0,12285.0,2024-02-29
2024022904011269,HDHPC,52,1,49.0,135.0,6615.0,2024-02-29
2024022904011268,HDHPC,11,1,50.0,135.2,6760.0,2024-02-29
2024022904011267,HDHPC,57,1,100.0,135.3,13530.0,2024-02-29
2024022901023743,BNHC,28,36,152.0,460.0,69920.0,2024-02-29
2024022901023742,ILI,42,57,40.0,512.0,20480.0,2024-02-29
2024022904011266,NICL,56,39,50.0,808.0,40400.0,2024-02-29
2024022903007519,USLB,34,55,15.0,1100.0,16500.0,2024-02-29
2024022903007518,USLB,34,59,10.0,1100.0,11000.0,2024-02-29
2024022903007517,USLB,34,28,10.0,1100.0,11000.0,2024-02-29
2024022903007516,USLB,34,57,19.0,1099.9,20898.1,2024-02-29
2024022903007515,USLB,34,44,26.0,1093.0,28418.0,2024-02-29
2024022903007514,USLB,34,42,20.0,1092.0,21840.0,2024-02-29
2024022901023741,MKCL,39,4,10.0,939.0,9390.0,2024-02-29
2024022901023740,SONA,55,45,380.0,441.0,167580.0,2024-02-29
2024022901023739,SONA,57,45,200.0,441.0,88200.0,2024-02-29
2024022901023738,SONA,67,45,300.0,441.2,132360.0,2024-02-29
2024022901023737,SONA,16,45,180.0,441.2,79416.0,2024-02-29
2024022901023736,SONA,4,45,140.0,441.9,61866.0,2024-02-29
2024022904011265,HEI,10,58,10.0,548.0,5480.0,2024-02-29
2024022904011264,HEI,10,11,730.0,548.0,400040.0,2024-02-29
2024022904011263,HEI,10,44,101.0,547.0,55247.0,2024-02-29
2024022904011262,BARUN,10,50,10.0,246.5,2465.0,2024-02-29
2024022903007513,NFS,86,72,716.0,338.0,242008.0,2024-02-29
2024022903007512,NFS,14,72,584.0,338.0,197392.0,2024-02-29
2024022901023735,PRVU,35,35,110.0,141.3,15543.0,2024-02-29
2024022901023734,ILI,42,38,20.0,512.0,10240.0,2024-02-29
2024022903007511,FMDBL,62,55,100.0,580.0,58000.0,2024-02-29
2024022901023733,UNLB,67,6,10.0,1210.2,12102.0,2024-02-29
2024022901023732,MEL,58,52,10.0,208.2,2082.0,2024-02-29
2024022901023731,ILI,52,42,60.0,512.5,30750.0,2024-02-29
2024022901023730,MEL,58,33,10.0,208.2,2082.0,2024-02-29
2024022905004968,HRL,44,21,50.0,605.0,30250.0,2024-02-29
2024022904011261,HPPL,49,44,708.0,267.0,189036.0,2024-02-29
2024022904011260,HPPL,3,44,292.0,267.0,77964.0,2024-02-29
2024022904011259,HPPL,39,44,200.0,267.1,53420.0,2024-02-29
2024022904011258,KKHC,34,38,100.0,238.0,23800.0,2024-02-29
2024022901023729,NRM,34,49,100.0,338.0,33800.0,2024-02-29
2024022904011257,NGPL,71,72,10.0,287.0,2870.0,2024-02-29
2024022901023728,SPC,64,72,50.0,586.9,29345.0,2024-02-29
2024022901023727,SPHL,56,88,90.0,451.1,40599.0,2024-02-29
2024022901023726,SPHL,84,88,200.0,452.0,90400.0,2024-02-29
2024022901023725,SPHL,26,88,50.0,452.0,22600.0,2024-02-29
2024022901023724,SPHL,56,88,40.0,452.2,18088.0,2024-02-29
2024022901023723,SPHL,57,88,70.0,452.3,31661.0,2024-02-29
2024022901023722,SPHL,56,88,50.0,452.4,22620.0,2024-02-29
2024022901023721,CKHL,58,49,65.0,640.0,41600.0,2024-02-29
2024022901023720,CKHL,58,8,10.0,640.0,6400.0,2024-02-29
2024022901023719,CKHL,58,58,320.0,637.0,203840.0,2024-02-29
2024022901023718,CKHL,58,26,40.0,636.4,25456.0,2024-02-29
2024022901023717,CKHL,58,35,10.0,635.0,6350.0,2024-02-29
2024022901023716,CKHL,58,28,10.0,635.0,6350.0,2024-02-29
2024022901023715,CKHL,58,86,10.0,635.0,6350.0,2024-02-29
2024022901023714,CKHL,58,4,10.0,633.6,6336.0,2024-02-29
2024022901023713,CKHL,58,52,105.0,633.0,66465.0,2024-02-29
2024022901023712,CKHL,58,11,190.0,633.0,120270.0,2024-02-29
2024022901023711,CKHL,58,58,10.0,630.0,6300.0,2024-02-29
2024022901023710,CKHL,58,35,10.0,630.0,6300.0,2024-02-29
2024022901023709,CKHL,58,58,30.0,630.0,18900.0,2024-02-29
2024022901023708,CKHL,58,41,10.0,630.0,6300.0,2024-02-29
2024022901023707,CKHL,58,18,10.0,630.0,6300.0,2024-02-29
2024022901023706,CKHL,58,36,10.0,630.0,6300.0,2024-02-29
2024022901023705,CKHL,58,49,10.0,630.0,6300.0,2024-02-29
2024022901023704,CKHL,58,54,140.0,630.0,88200.0,2024-02-29
2024022904011256,UNHPL,58,46,10.0,243.0,2430.0,2024-02-29
2024022904011255,JOSHI,58,32,10.0,350.9,3509.0,2024-02-29
2024022901023703,CKHL,58,58,45.0,621.0,27945.0,2024-02-29
2024022901023702,CLI,42,25,30.0,426.9,12807.0,2024-02-29
2024022901023701,CLI,42,45,60.0,426.9,25614.0,2024-02-29
2024022901023700,CLI,42,21,10.0,426.8,4268.0,2024-02-29
2024022901023699,SONA,6,34,300.0,442.0,132600.0,2024-02-29
2024022904011254,UNHPL,49,28,191.0,241.1,46050.1,2024-02-29
2024022904011253,NGPL,1,72,50.0,287.0,14350.0,2024-02-29
2024022903007510,JBBL,36,35,100.0,284.0,28400.0,2024-02-29
2024022903007509,ALBSL,36,29,18.0,640.0,11520.0,2024-02-29
2024022903007508,ALBSL,36,50,10.0,640.0,6400.0,2024-02-29
2024022903007507,ALBSL,36,51,10.0,640.0,6400.0,2024-02-29
2024022903007506,ALBSL,36,42,10.0,640.0,6400.0,2024-02-29
2024022903007505,ALBSL,36,14,86.0,639.0,54954.0,2024-02-29
2024022901023698,MMKJL,95,45,10.0,405.0,4050.0,2024-02-29
2024022901023697,MMKJL,95,17,50.0,405.0,20250.0,2024-02-29
2024022901023696,MMKJL,95,34,10.0,405.0,4050.0,2024-02-29
2024022901023695,MMKJL,95,7,10.0,405.0,4050.0,2024-02-29
2024022901023694,MMKJL,95,53,10.0,404.0,4040.0,2024-02-29
2024022901023693,MMKJL,95,57,10.0,404.0,4040.0,2024-02-29
2024022903007504,ALICL,45,57,10.0,554.0,5540.0,2024-02-29
2024022903007503,MPFL,32,43,702.0,337.8,237135.6,2024-02-29
2024022903007502,MPFL,26,43,100.0,337.8,33780.0,2024-02-29
2024022903007501,MPFL,32,43,180.0,337.8,60804.0,2024-02-29
2024022903007500,MPFL,45,43,18.0,337.9,6082.2,2024-02-29
2024022903007499,SJLIC,38,4,18.0,457.0,8226.0,2024-02-29
2024022904011252,CGH,69,3,100.0,799.2,79920.0,2024-02-29
2024022904011251,SHPC,6,49,50.0,335.0,16750.0,2024-02-29
2024022901023692,SONA,34,34,490.0,442.0,216580.0,2024-02-29
2024022901023691,SONA,34,49,10.0,442.0,4420.0,2024-02-29
2024022901023690,SONA,4,34,10.0,441.9,4419.0,2024-02-29
2024022903007498,SIFC,34,4,50.0,349.0,17450.0,2024-02-29
2024022901023689,AVYAN,45,7,100.0,585.0,58500.0,2024-02-29
2024022904011250,MEN,6,10,190.0,582.1,110599.0,2024-02-29
2024022904011249,MEN,43,10,100.0,582.2,58220.0,2024-02-29
2024022904011248,MEN,38,10,10.0,583.0,5830.0,2024-02-29
2024022903007497,SKBBL,34,35,43.0,810.0,34830.0,2024-02-29
2024022901023688,SMHL,69,56,50.0,458.0,22900.0,2024-02-29
2024022901023687,SNLI,38,46,27.0,584.5,15781.5,2024-02-29
2024022901023686,CKHL,58,54,360.0,630.0,226800.0,2024-02-29
2024022901023685,CKHL,58,21,10.0,627.0,6270.0,2024-02-29
2024022901023684,CKHL,58,22,10.0,627.0,6270.0,2024-02-29
2024022901023683,CKHL,58,42,270.0,625.0,168750.0,2024-02-29
2024022901023682,CKHL,58,32,10.0,625.0,6250.0,2024-02-29
2024022901023681,CKHL,58,42,340.0,625.0,212500.0,2024-02-29
2024022901023680,BNHC,28,13,10.0,460.0,4600.0,2024-02-29
2024022903007496,SIFC,58,13,91.0,346.5,31531.5,2024-02-29
2024022903007495,SIFC,43,13,30.0,346.9,10407.0,2024-02-29
2024022903007494,SIFC,52,13,300.0,347.0,104100.0,2024-02-29
2024022903007493,SIFC,49,13,79.0,347.0,27413.0,2024-02-29
2024022905004967,HIDCL,1,6,248.0,167.9,41639.2,2024-02-29
2024022903007492,SFCL,57,64,50.0,296.0,14800.0,2024-02-29
2024022901023679,NYADI,57,25,20.0,271.0,5420.0,2024-02-29
2024022901023678,BNT,43,17,20.0,16645.0,332900.0,2024-02-29
2024022903007491,MPFL,56,39,20.0,340.0,6800.0,2024-02-29
2024022901023677,SIKLES,65,56,300.0,470.0,141000.0,2024-02-29
2024022901023676,MAKAR,33,57,10.0,376.0,3760.0,2024-02-29
2024022904011247,OHL,16,43,115.0,745.0,85675.0,2024-02-29
2024022901023675,SONA,4,38,50.0,441.8,22090.0,2024-02-29
2024022901023674,VLUCL,34,18,50.0,529.0,26450.0,2024-02-29
2024022904011246,CGH,34,44,10.0,800.0,8000.0,2024-02-29
2024022904011245,NGPL,10,72,100.0,287.0,28700.0,2024-02-29
2024022901023673,DOLTI,44,45,21.0,365.3,7671.3,2024-02-29
2024022901023672,DOLTI,71,45,79.0,365.5,28874.5,2024-02-29
2024022904011244,LEC,26,38,50.0,181.0,9050.0,2024-02-29
2024022904011243,LEC,26,58,450.0,181.0,81450.0,2024-02-29
2024022903007490,PMLI,45,14,10.0,489.0,4890.0,2024-02-29
2024022903007489,PMLI,45,14,50.0,490.0,24500.0,2024-02-29
2024022903007488,PMLI,25,14,40.0,490.0,19600.0,2024-02-29
2024022901023671,HATHY,35,80,10.0,853.0,8530.0,2024-02-29
2024022901023670,SMH,69,21,70.0,668.0,46760.0,2024-02-29
2024022905004966,HRL,6,21,20.0,605.0,12100.0,2024-02-29
2024022905004965,HRL,45,21,10.0,605.0,6050.0,2024-02-29
2024022905004964,HRL,22,21,10.0,605.3,6053.0,2024-02-29
2024022905004963,HRL,58,21,100.0,606.0,60600.0,2024-02-29
2024022901023669,MBJC,47,42,10.0,304.1,3041.0,2024-02-29
2024022903007487,GRDBL,88,59,10.0,348.9,3489.0,2024-02-29
2024022903007486,GRDBL,88,16,20.0,348.8,6976.0,2024-02-29
2024022904011242,UNHPL,49,58,210.0,241.1,50631.0,2024-02-29
2024022904011241,UNHPL,49,53,170.0,241.1,40987.0,2024-02-29
2024022904011240,UNHPL,35,53,200.0,241.1,48220.0,2024-02-29
2024022904011239,UNHPL,52,53,30.0,241.5,7245.0,2024-02-29
2024022901023668,NIMB,1,58,850.0,162.6,138210.0,2024-02-29
2024022901023667,NIMB,1,35,150.0,162.5,24375.0,2024-02-29
2024022901023666,HATHY,56,36,11.0,846.0,9306.0,2024-02-29
2024022903007485,NFS,14,41,250.0,338.0,84500.0,2024-02-29
2024022903007484,NFS,70,41,200.0,338.1,67620.0,2024-02-29
2024022901023665,MANDU,57,33,10.0,663.0,6630.0,2024-02-29
2024022901023664,MBJC,66,55,520.0,302.7,157404.0,2024-02-29
2024022904011238,AHPC,18,72,317.0,180.3,57155.1,2024-02-29
2024022904011237,AHPC,18,58,683.0,180.0,122940.0,2024-02-29
2024022901023663,SHIVM,34,13,100.0,469.0,46900.0,2024-02-29
2024022903007483,GBBL,65,38,70.0,356.6,24962.0,2024-02-29
2024022903007482,GBBL,42,38,50.0,357.0,17850.0,2024-02-29
2024022903007481,GBBL,32,38,80.0,357.0,28560.0,2024-02-29
2024022903007480,PROFL,52,58,20.0,302.0,6040.0,2024-02-29
2024022901023662,CKHL,58,42,50.0,625.0,31250.0,2024-02-29
2024022901023661,CKHL,58,52,440.0,624.5,274780.0,2024-02-29
2024022901023660,CKHL,58,56,10.0,624.0,6240.0,2024-02-29
2024022901023659,CKHL,58,46,55.0,623.0,34265.0,2024-02-29
2024022901023658,CKHL,58,22,90.0,623.0,56070.0,2024-02-29
2024022901023657,CKHL,58,57,300.0,622.0,186600.0,2024-02-29
2024022901023656,CKHL,58,1,555.0,622.0,345210.0,2024-02-29
2024022904011236,NICL,14,50,100.0,805.6,80560.0,2024-02-29
2024022901023655,HDL,81,51,117.0,1490.0,174330.0,2024-02-29
2024022901023654,HDL,25,51,25.0,1490.0,37250.0,2024-02-29
2024022901023653,HDL,58,51,10.0,1490.0,14900.0,2024-02-29
2024022901023652,HDL,42,51,48.0,1490.0,71520.0,2024-02-29
2024022901023651,HDL,35,51,50.0,1490.0,74500.0,2024-02-29
2024022901023650,HDL,43,51,10.0,1490.0,14900.0,2024-02-29
2024022901023649,HDL,3,51,20.0,1490.0,29800.0,2024-02-29
2024022901023648,HDL,58,51,75.0,1490.0,111750.0,2024-02-29
2024022901023647,HDL,1,51,10.0,1490.0,14900.0,2024-02-29
2024022901023646,HDL,41,51,10.0,1490.0,14900.0,2024-02-29
2024022901023645,HDL,50,51,10.0,1490.0,14900.0,2024-02-29
2024022901023644,HDL,45,51,15.0,1490.0,22350.0,2024-02-29
2024022904011235,HURJA,39,57,30.0,280.0,8400.0,2024-02-29
2024022904011234,HURJA,45,57,30.0,281.0,8430.0,2024-02-29
2024022901023643,HHL,57,57,10.0,330.0,3300.0,2024-02-29
2024022904011233,DHPL,33,52,55.0,188.0,10340.0,2024-02-29
2024022903007479,ICFC,25,52,30.0,470.6,14118.0,2024-02-29
2024022903007478,ICFC,55,52,20.0,470.6,9412.0,2024-02-29
2024022903007477,ICFC,11,52,10.0,471.0,4710.0,2024-02-29
2024022903007476,ICFC,32,52,50.0,471.0,23550.0,2024-02-29
2024022903007475,ICFC,58,52,488.0,471.0,229848.0,2024-02-29
2024022903007474,ICFC,43,52,100.0,471.1,47110.0,2024-02-29
2024022901023642,SONA,63,19,10.0,442.0,4420.0,2024-02-29
2024022903007473,SJLIC,39,34,500.0,458.0,229000.0,2024-02-29
2024022901023641,HIDCLP,77,34,339.0,100.6,34103.4,2024-02-29
2024022901023640,HIDCLP,14,34,661.0,100.8,66628.8,2024-02-29
2024022904011232,RADHI,65,59,1362.0,242.0,329604.0,2024-02-29
2024022905004962,HRL,58,45,60.0,606.0,36360.0,2024-02-29
2024022901023639,GCIL,10,35,190.0,476.7,90573.0,2024-02-29
2024022904011231,AKJCL,29,21,330.0,213.1,70323.0,2024-02-29
2024022904011230,AKJCL,29,21,930.0,214.0,199020.0,2024-02-29
2024022904011229,AKJCL,47,21,270.0,214.0,57780.0,2024-02-29
2024022905004961,CHDC,21,58,10.0,949.0,9490.0,2024-02-29
2024022901023638,SONA,13,48,10.0,442.0,4420.0,2024-02-29
2024022901023637,CKHL,58,6,10.0,621.0,6210.0,2024-02-29
2024022904011228,NHPC,47,53,500.0,150.0,75000.0,2024-02-29
2024022901023636,NESDO,49,46,10.0,1542.0,15420.0,2024-02-29
2024022901023635,BNHC,28,32,500.0,460.0,230000.0,2024-02-29
2024022901023634,SONA,16,49,20.0,441.2,8824.0,2024-02-29
2024022901023633,SONA,38,49,500.0,441.2,220600.0,2024-02-29
2024022901023632,SONA,66,49,140.0,441.2,61768.0,2024-02-29
2024022901023631,SONA,63,49,100.0,441.2,44120.0,2024-02-29
2024022901023630,SONA,48,49,100.0,441.3,44130.0,2024-02-29
2024022901023629,SONA,37,49,100.0,441.3,44130.0,2024-02-29
2024022901023628,SONA,41,49,10.0,441.3,4413.0,2024-02-29
2024022901023627,SONA,74,49,500.0,441.8,220900.0,2024-02-29
2024022901023626,SONA,43,49,30.0,441.8,13254.0,2024-02-29
2024022905004960,NRN,55,35,500.0,524.0,262000.0,2024-02-29
2024022903007472,GMFIL,57,26,290.0,340.0,98600.0,2024-02-29
2024022903007471,GMFIL,54,26,50.0,340.0,17000.0,2024-02-29
2024022903007470,GMFIL,51,26,10.0,340.0,3400.0,2024-02-29
2024022904011227,RADHI,72,45,262.0,246.9,64687.8,2024-02-29
2024022904011226,RADHI,72,6,268.0,246.0,65928.0,2024-02-29
2024022904011225,RADHI,72,58,13.0,246.0,3198.0,2024-02-29
2024022904011224,RADHI,72,39,50.0,246.0,12300.0,2024-02-29
2024022904011223,RADHI,72,58,15.0,245.0,3675.0,2024-02-29
2024022904011222,RADHI,72,6,30.0,245.0,7350.0,2024-02-29
2024022904011221,RADHI,72,17,148.0,245.0,36260.0,2024-02-29
2024022904011220,RADHI,72,41,14.0,244.0,3416.0,2024-02-29
2024022904011219,AKJCL,17,43,10.0,214.5,2145.0,2024-02-29
2024022901023625,CKHL,58,42,10.0,621.0,6210.0,2024-02-29
2024022904011218,IGI,42,42,480.0,520.1,249648.0,2024-02-29
2024022903007469,NFS,14,50,166.0,338.0,56108.0,2024-02-29
2024022903007468,NFS,13,50,134.0,338.0,45292.0,2024-02-29
2024022905004959,HRL,58,62,40.0,606.0,24240.0,2024-02-29
2024022901023624,MKHL,8,51,30.0,354.0,10620.0,2024-02-29
2024022901023623,MKHL,39,51,50.0,355.0,17750.0,2024-02-29
2024022901023622,MKHL,45,51,100.0,355.1,35510.0,2024-02-29
2024022903007467,LBBL,8,57,100.0,372.1,37210.0,2024-02-29
2024022903007466,SAPDBL,61,57,54.0,247.3,13354.2,2024-02-29
2024022903007465,SAPDBL,4,57,46.0,247.3,11375.8,2024-02-29
2024022904011217,UMRH,57,25,10.0,347.5,3475.0,2024-02-29
2024022901023621,MKHL,47,25,100.0,355.2,35520.0,2024-02-29
2024022901023620,HATHY,25,5,10.0,845.0,8450.0,2024-02-29
2024022901023619,KBL,7,32,154.0,140.1,21575.4,2024-02-29
2024022901023618,KBL,52,32,60.0,140.2,8412.0,2024-02-29
2024022901023617,KBL,49,32,20.0,140.2,2804.0,2024-02-29
2024022901023616,NWCL,62,49,10.0,735.1,7351.0,2024-02-29
2024022901023615,SHIVM,7,13,20.0,469.0,9380.0,2024-02-29
2024022904011216,JOSHI,39,32,150.0,350.9,52635.0,2024-02-29
2024022904011215,JOSHI,39,62,50.0,350.9,17545.0,2024-02-29
2024022904011214,JOSHI,39,21,50.0,350.9,17545.0,2024-02-29
2024022901023614,SHIVM,81,59,131.0,468.1,61321.1,2024-02-29
2024022901023613,SHIVM,17,59,500.0,468.1,234050.0,2024-02-29
2024022901023612,SHIVM,29,59,50.0,468.5,23425.0,2024-02-29
2024022901023611,SHIVM,50,59,50.0,468.5,23425.0,2024-02-29
2024022901023610,SHIVM,40,59,249.0,468.6,116681.4,2024-02-29
2024022901023609,SHIVM,57,59,20.0,468.8,9376.0,2024-02-29
2024022901023608,SMJC,36,62,55.0,366.5,20157.5,2024-02-29
2024022901023607,SMJC,17,62,45.0,367.0,16515.0,2024-02-29
2024022901023606,DORDI,62,57,10.0,453.0,4530.0,2024-02-29
2024022901023605,BEDC,38,42,10.0,336.0,3360.0,2024-02-29
2024022901023604,SPC,28,38,25.0,586.5,14662.5,2024-02-29
2024022901023603,GBIME,22,33,315.0,181.7,57235.5,2024-02-29
2024022901023602,GBIME,32,33,200.0,181.8,36360.0,2024-02-29
2024022901023601,GBIME,54,33,30.0,181.9,5457.0,2024-02-29
2024022901023600,GBIME,42,33,16.0,181.9,2910.4,2024-02-29
2024022901023599,GBIME,38,33,10.0,182.0,1820.0,2024-02-29
2024022901023598,GBIME,35,33,429.0,182.0,78078.0,2024-02-29
2024022904011213,SPDL,33,16,89.0,244.0,21716.0,2024-02-29
2024022904011212,HURJA,39,49,70.0,280.0,19600.0,2024-02-29
2024022904011211,HURJA,72,49,30.0,280.1,8403.0,2024-02-29
2024022904011210,HURJA,72,49,30.0,281.0,8430.0,2024-02-29
2024022901023597,UNLB,67,34,10.0,1210.2,12102.0,2024-02-29
2024022901023596,GCIL,10,14,295.0,476.7,140626.5,2024-02-29
2024022901023595,GCIL,45,14,510.0,476.7,243117.0,2024-02-29
2024022901023594,GCIL,50,14,85.0,476.8,40528.0,2024-02-29
2024022901023593,GCIL,46,14,100.0,476.8,47680.0,2024-02-29
2024022904011209,RIDI,45,35,813.0,186.0,151218.0,2024-02-29
2024022904011208,RIDI,45,52,187.0,186.0,34782.0,2024-02-29
2024022901023592,NRM,35,49,181.0,338.0,61178.0,2024-02-29
2024022901023591,NRM,35,57,319.0,338.0,107822.0,2024-02-29
2024022901023590,SPC,28,62,100.0,586.5,58650.0,2024-02-29
2024022904011207,KKHC,42,38,19.0,238.0,4522.0,2024-02-29
2024022901023589,BGWT,55,38,10.0,561.0,5610.0,2024-02-29
2024022901023588,HDL,11,41,90.0,1490.9,134181.0,2024-02-29
2024022901023587,RNLI,58,57,10.0,418.0,4180.0,2024-02-29
2024022901023586,RNLI,58,59,90.0,418.0,37620.0,2024-02-29
2024022901023585,NICA,58,57,50.0,412.0,20600.0,2024-02-29
2024022904011206,GHL,13,53,205.0,145.1,29745.5,2024-02-29
2024022904011205,GHL,40,53,200.0,145.2,29040.0,2024-02-29
2024022904011204,GHL,45,53,95.0,145.2,13794.0,2024-02-29
2024022903007464,JBBL,36,35,100.0,284.0,28400.0,2024-02-29
2024022903007463,GUFL,42,1,100.0,583.0,58300.0,2024-02-29
2024022904011203,RADHI,65,57,290.0,242.0,70180.0,2024-02-29
2024022901023584,HDL,43,41,10.0,1490.9,14909.0,2024-02-29
2024022904011202,NHPC,43,41,106.0,150.1,15910.6,2024-02-29
2024022901023583,CLI,58,33,10.0,426.1,4261.0,2024-02-29
2024022905004958,HRL,22,48,30.0,605.3,18159.0,2024-02-29
2024022904011201,SJCL,16,40,245.0,271.7,66566.5,2024-02-29
2024022901023582,HDL,32,41,10.0,1490.9,14909.0,2024-02-29
2024022901023581,MKCL,39,57,40.0,935.0,37400.0,2024-02-29
2024022905004957,HRL,55,62,10.0,606.0,6060.0,2024-02-29
2024022905004956,HRL,22,29,50.0,605.2,30260.0,2024-02-29
2024022905004955,HRL,22,29,10.0,605.1,6051.0,2024-02-29
2024022904011200,NGPL,58,72,50.0,287.0,14350.0,2024-02-29
2024022904011199,NGPL,35,72,10.0,287.0,2870.0,2024-02-29
2024022904011198,NGPL,1,72,200.0,287.0,57400.0,2024-02-29
2024022904011197,NGPL,53,72,200.0,287.0,57400.0,2024-02-29
2024022904011196,NGPL,35,72,2000.0,287.0,574000.0,2024-02-29
2024022904011195,NGPL,44,72,20.0,287.0,5740.0,2024-02-29
2024022904011194,NGPL,39,72,200.0,287.0,57400.0,2024-02-29
2024022904011193,NGPL,48,72,50.0,287.0,14350.0,2024-02-29
2024022904011192,NGPL,7,72,50.0,287.2,14360.0,2024-02-29
2024022904011191,NGPL,64,72,50.0,287.2,14360.0,2024-02-29
2024022904011190,NGPL,33,72,243.0,287.2,69789.6,2024-02-29
2024022904011189,NGPL,83,72,144.0,289.0,41616.0,2024-02-29
2024022903007462,KRBL,52,45,58.0,351.0,20358.0,2024-02-29
2024022903007461,KRBL,58,45,142.0,351.2,49870.4,2024-02-29
2024022904011188,SPDL,52,45,98.0,243.0,23814.0,2024-02-29
2024022904011187,SPDL,14,45,100.0,243.0,24300.0,2024-02-29
2024022904011186,SPDL,14,45,100.0,243.0,24300.0,2024-02-29
2024022904011185,SPDL,28,45,1000.0,243.0,243000.0,2024-02-29
2024022904011184,SPDL,52,45,500.0,243.0,121500.0,2024-02-29
2024022904011183,SPDL,45,45,200.0,243.0,48600.0,2024-02-29
2024022904011182,SPDL,35,45,42.0,243.0,10206.0,2024-02-29
2024022903007460,PFL,35,14,50.0,354.0,17700.0,2024-02-29
2024022903007459,PFL,35,41,10.0,354.0,3540.0,2024-02-29
2024022903007458,PFL,35,58,15.0,352.8,5292.0,2024-02-29
2024022904011181,UPPER,38,47,1529.0,197.0,301213.0,2024-02-29
2024022904011180,UPPER,44,47,268.0,197.0,52796.0,2024-02-29
2024022904011179,UPPER,41,47,100.0,197.1,19710.0,2024-02-29
2024022904011178,UPPER,32,47,48.0,197.1,9460.8,2024-02-29
2024022904011177,UPPER,25,47,100.0,197.2,19720.0,2024-02-29
2024022904011176,UPPER,44,47,100.0,197.2,19720.0,2024-02-29
2024022904011175,UPPER,45,47,25.0,197.2,4930.0,2024-02-29
2024022904011174,UPPER,58,47,50.0,197.2,9860.0,2024-02-29
2024022904011173,UPPER,44,47,50.0,197.3,9865.0,2024-02-29
2024022904011172,UPPER,48,47,200.0,198.0,39600.0,2024-02-29
2024022904011171,UPPER,55,47,96.0,198.0,19008.0,2024-02-29
2024022901023580,SHIVM,32,13,100.0,469.0,46900.0,2024-02-29
2024022901023579,SHIVM,6,13,223.0,469.0,104587.0,2024-02-29
2024022903007457,GUFL,42,56,20.0,583.0,11660.0,2024-02-29
2024022903007456,GUFL,42,19,80.0,582.0,46560.0,2024-02-29
2024022904011170,CHL,67,50,10.0,287.9,2879.0,2024-02-29
2024022901023578,MKCL,66,6,60.0,933.1,55986.0,2024-02-29
2024022901023577,MKCL,66,6,50.0,933.4,46670.0,2024-02-29
2024022901023576,MKCL,45,6,50.0,934.0,46700.0,2024-02-29
2024022901023575,MKCL,21,6,50.0,934.0,46700.0,2024-02-29
2024022901023574,MKCL,41,6,180.0,934.5,168210.0,2024-02-29
2024022901023573,MKCL,16,6,20.0,934.7,18694.0,2024-02-29
2024022901023572,MKCL,56,6,50.0,934.8,46740.0,2024-02-29
2024022901023571,MKCL,10,6,40.0,934.8,37392.0,2024-02-29
2024022901023570,SNLI,58,46,12.0,584.5,7014.0,2024-02-29
2024022901023569,MMKJL,53,21,16.0,402.0,6432.0,2024-02-29
2024022901023568,GCIL,16,36,10.0,476.9,4769.0,2024-02-29
2024022901023567,EBL,57,46,10.0,499.1,4991.0,2024-02-29
2024022901023566,SRLI,5,48,100.0,418.0,41800.0,2024-02-29
2024022901023565,SRLI,5,58,30.0,418.0,12540.0,2024-02-29
2024022903007455,SKBBL,47,51,5.0,810.0,4050.0,2024-02-29
2024022903007454,SKBBL,47,49,45.0,810.0,36450.0,2024-02-29
2024022901023564,RHGCL,26,44,38.0,282.0,10716.0,2024-02-29
2024022901023563,MBL,14,44,900.0,176.8,159120.0,2024-02-29
2024022901023562,MBL,42,44,100.0,176.9,17690.0,2024-02-29
2024022903007453,MLBL,39,58,58.0,315.2,18281.6,2024-02-29
2024022903007452,MLBL,39,36,90.0,315.2,28368.0,2024-02-29
2024022903007451,MLBL,39,35,52.0,315.0,16380.0,2024-02-29
2024022903007450,GUFL,6,14,50.0,581.0,29050.0,2024-02-29
2024022904011169,GLH,58,45,1850.0,204.1,377585.0,2024-02-29
2024022904011168,GLH,59,45,100.0,204.2,20420.0,2024-02-29
2024022904011167,GLH,41,45,50.0,204.3,10215.0,2024-02-29
2024022901023561,NMB,29,45,50.0,177.2,8860.0,2024-02-29
2024022901023560,PHCL,44,17,120.0,299.0,35880.0,2024-02-29
2024022904011166,SALICO,57,34,450.0,640.3,288135.0,2024-02-29
2024022904011165,SALICO,58,34,50.0,640.4,32020.0,2024-02-29
2024022903007449,EDBL,38,16,100.0,339.0,33900.0,2024-02-29
2024022901023559,GBIME,35,28,100.0,182.0,18200.0,2024-02-29
2024022901023558,SPL,42,42,79.0,632.0,49928.0,2024-02-29
2024022904011164,JOSHI,58,21,10.0,350.9,3509.0,2024-02-29
2024022904011163,RIDI,35,58,290.0,185.0,53650.0,2024-02-29
2024022904011162,RIDI,4,58,10.0,185.2,1852.0,2024-02-29
2024022901023557,NRM,57,57,200.0,338.0,67600.0,2024-02-29
2024022904011161,BARUN,25,17,50.0,243.2,12160.0,2024-02-29
2024022903007448,NADEP,17,33,10.0,506.1,5061.0,2024-02-29
2024022905004954,ENL,74,33,45.0,740.0,33300.0,2024-02-29
2024022905004953,ENL,77,33,10.0,740.0,7400.0,2024-02-29
2024022905004952,ENL,49,33,10.0,744.0,7440.0,2024-02-29
2024022905004951,CIT,32,38,10.0,2077.0,20770.0,2024-02-29
2024022901023556,ULBSL,49,34,10.0,1096.4,10964.0,2024-02-29
2024022903007447,SAPDBL,17,35,50.0,250.0,12500.0,2024-02-29
2024022903007446,SAPDBL,17,40,50.0,250.0,12500.0,2024-02-29
2024022903007445,SAPDBL,17,43,400.0,248.0,99200.0,2024-02-29
2024022901023555,JBLB,34,18,10.0,1235.0,12350.0,2024-02-29
2024022903007444,ALICL,34,26,15.0,555.0,8325.0,2024-02-29
2024022903007443,FMDBL,62,55,189.0,580.0,109620.0,2024-02-29
2024022903007442,FMDBL,62,44,11.0,580.0,6380.0,2024-02-29
2024022904011160,MHNL,44,13,400.0,235.0,94000.0,2024-02-29
2024022903007441,SFCL,7,50,220.0,295.1,64922.0,2024-02-29
2024022903007440,SFCL,45,50,280.0,295.2,82656.0,2024-02-29
2024022904011159,UAIL,45,53,20.0,515.2,10304.0,2024-02-29
2024022901023554,MAKAR,46,1,50.0,372.0,18600.0,2024-02-29
2024022903007439,SIFC,57,42,236.0,348.0,82128.0,2024-02-29
2024022904011158,SPIL,25,56,10.0,716.0,7160.0,2024-02-29
2024022903007438,SKBBL,41,41,31.0,810.0,25110.0,2024-02-29
2024022904011157,SGIC,16,58,40.0,493.0,19720.0,2024-02-29
2024022904011156,SGIC,16,61,60.0,492.0,29520.0,2024-02-29
2024022901023553,PHCL,44,48,860.0,299.0,257140.0,2024-02-29
2024022901023552,PHCL,56,48,50.0,299.1,14955.0,2024-02-29
2024022901023551,PHCL,35,48,90.0,299.2,26928.0,2024-02-29
2024022901023550,HHL,5,36,10.0,331.0,3310.0,2024-02-29
2024022901023549,LSL,44,14,127.0,158.1,20078.7,2024-02-29
2024022901023548,LSL,52,14,73.0,158.2,11548.6,2024-02-29
2024022901023547,HDL,45,22,85.0,1490.0,126650.0,2024-02-29
2024022901023546,HDL,39,22,80.0,1490.0,119200.0,2024-02-29
2024022901023545,HDL,5,22,50.0,1490.0,74500.0,2024-02-29
2024022901023544,HDL,37,22,40.0,1490.0,59600.0,2024-02-29
2024022901023543,SNLI,41,22,10.0,584.0,5840.0,2024-02-29
2024022903007437,SFCL,45,29,120.0,295.2,35424.0,2024-02-29
2024022903007436,SFCL,57,29,50.0,295.9,14795.0,2024-02-29
2024022904011155,BARUN,59,45,330.0,243.1,80223.0,2024-02-29
2024022904011154,SPDL,17,16,11.0,244.0,2684.0,2024-02-29
2024022904011153,LEC,34,58,100.0,181.0,18100.0,2024-02-29
2024022903007435,ILBS,26,34,50.0,675.0,33750.0,2024-02-29
2024022901023542,EBL,34,34,20.0,499.5,9990.0,2024-02-29
2024022901023541,BHDC,57,64,146.0,455.0,66430.0,2024-02-29
2024022901023540,BHDC,49,64,25.0,455.2,11380.0,2024-02-29
2024022901023539,BHDC,46,64,20.0,455.7,9114.0,2024-02-29
2024022901023538,BHDC,51,64,30.0,456.0,13680.0,2024-02-29
2024022901023537,BHDC,44,64,19.0,457.8,8698.2,2024-02-29
2024022901023536,BNHC,28,6,200.0,460.0,92000.0,2024-02-29
2024022903007434,DDBL,58,41,10.0,734.0,7340.0,2024-02-29
2024022901023535,ILI,42,57,43.0,512.0,22016.0,2024-02-29
2024022901023534,ILI,25,57,90.0,512.1,46089.0,2024-02-29
2024022901023533,ILI,34,57,50.0,512.4,25620.0,2024-02-29
2024022901023532,ILI,52,57,30.0,512.4,15372.0,2024-02-29
2024022901023531,PCBL,45,25,92.0,189.1,17397.2,2024-02-29
2024022901023530,PCBL,7,25,100.0,189.1,18910.0,2024-02-29
2024022901023529,PCBL,39,25,308.0,189.5,58366.0,2024-02-29
2024022903007433,NLIC,45,43,38.0,593.0,22534.0,2024-02-29
2024022901023528,SMHL,42,52,10.0,452.0,4520.0,2024-02-29
2024022904011152,SSHL,41,25,287.0,160.0,45920.0,2024-02-29
2024022904011151,SSHL,41,58,1000.0,160.0,160000.0,2024-02-29
2024022904011150,SSHL,41,32,10.0,160.0,1600.0,2024-02-29
2024022904011149,SSHL,41,41,203.0,159.5,32378.5,2024-02-29
2024022901023527,SONA,43,4,10.0,441.8,4418.0,2024-02-29
2024022901023526,NABIL,13,48,39.0,429.1,16734.9,2024-02-29
2024022901023525,NABIL,45,48,161.0,429.1,69085.1,2024-02-29
2024022901023524,KBSH,34,48,40.0,931.0,37240.0,2024-02-29
2024022901023523,KBSH,77,48,10.0,940.0,9400.0,2024-02-29
2024022901023522,CKHL,58,10,100.0,621.0,62100.0,2024-02-29
2024022901023521,ULBSL,58,59,50.0,1062.0,53100.0,2024-02-29
2024022904011148,NIL,21,22,39.0,788.0,30732.0,2024-02-29
2024022903007432,MNBBL,45,38,100.0,345.5,34550.0,2024-02-29
2024022904011147,AKPL,35,58,50.0,177.0,8850.0,2024-02-29
2024022903007431,SINDU,34,52,20.0,315.0,6300.0,2024-02-29
2024022903007430,NABBC,51,47,10.0,407.0,4070.0,2024-02-29
2024022903007429,NABBC,51,38,110.0,401.0,44110.0,2024-02-29
2024022903007428,VLBS,51,42,100.0,588.0,58800.0,2024-02-29
2024022905004950,HIDCL,1,29,252.0,167.9,42310.8,2024-02-29
2024022901023520,NICA,44,33,90.0,410.4,36936.0,2024-02-29
2024022905004949,NRIC,6,33,1820.0,733.0,1334060.0,2024-02-29
2024022905004948,NRIC,19,33,30.0,733.1,21993.0,2024-02-29
2024022905004947,NRIC,8,33,100.0,733.1,73310.0,2024-02-29
2024022905004946,NRIC,6,33,50.0,734.0,36700.0,2024-02-29
2024022905004945,NRIC,14,56,50.0,734.0,36700.0,2024-02-29
2024022905004944,NRIC,55,56,10.0,734.1,7341.0,2024-02-29
2024022901023519,TAMOR,4,58,10.0,375.0,3750.0,2024-02-29
2024022903007427,ICFC,80,14,30.0,471.6,14148.0,2024-02-29
2024022901023518,BGWT,55,39,73.0,561.0,40953.0,2024-02-29
2024022901023517,BGWT,28,39,100.0,561.0,56100.0,2024-02-29
2024022901023516,BGWT,14,39,100.0,562.0,56200.0,2024-02-29
2024022901023515,BGWT,1,39,20.0,562.0,11240.0,2024-02-29
2024022901023514,NABIL,59,56,50.0,429.5,21475.0,2024-02-29
2024022903007426,USLB,55,8,14.0,1090.0,15260.0,2024-02-29
2024022903007425,USLB,55,8,20.0,1090.0,21800.0,2024-02-29
2024022903007424,USLB,55,8,16.0,1090.1,17441.6,2024-02-29
2024022903007423,USLB,55,8,30.0,1090.3,32709.0,2024-02-29
2024022903007422,USLB,55,8,20.0,1091.0,21820.0,2024-02-29
2024022903007421,USLB,34,57,31.0,1099.9,34096.9,2024-02-29
2024022903007420,USLB,34,62,80.0,1099.9,87992.0,2024-02-29
2024022903007419,USLB,34,8,100.0,1098.0,109800.0,2024-02-29
2024022903007418,USLB,34,18,20.0,1096.0,21920.0,2024-02-29
2024022903007417,USLB,34,49,14.0,1095.0,15330.0,2024-02-29
2024022903007416,USLB,34,49,115.0,1095.0,125925.0,2024-02-29
2024022903007415,USLB,34,8,80.0,1095.0,87600.0,2024-02-29
2024022903007414,USLB,34,7,100.0,1094.0,109400.0,2024-02-29
2024022903007413,USLB,34,8,100.0,1094.0,109400.0,2024-02-29
2024022903007412,USLB,34,57,50.0,1093.8,54690.0,2024-02-29
2024022903007411,USLB,34,41,10.0,1093.0,10930.0,2024-02-29
2024022905004943,HIDCL,38,29,100.0,167.9,16790.0,2024-02-29
2024022904011146,CGH,69,38,20.0,799.2,15984.0,2024-02-29
2024022904011145,CGH,54,38,60.0,799.3,47958.0,2024-02-29
2024022905004942,HRL,10,50,7.0,605.0,4235.0,2024-02-29
2024022905004941,HRL,29,50,1000.0,605.0,605000.0,2024-02-29
2024022905004940,HRL,59,50,428.0,605.0,258940.0,2024-02-29
2024022905004939,HRL,57,50,25.0,605.1,15127.5,2024-02-29
2024022905004938,HRL,86,50,40.0,606.1,24244.0,2024-02-29
2024022904011144,AKJCL,42,43,45.0,214.5,9652.5,2024-02-29
2024022901023513,MCHL,58,43,10.0,320.5,3205.0,2024-02-29
2024022901023512,SNLI,19,58,10.0,584.0,5840.0,2024-02-29
2024022901023511,BNT,58,46,10.0,16400.0,164000.0,2024-02-29
2024022903007410,HLI,56,44,664.0,376.0,249664.0,2024-02-29
2024022901023510,NABIL,41,56,50.0,429.5,21475.0,2024-02-29
2024022904011143,CHL,67,51,30.0,287.9,8637.0,2024-02-29
2024022904011142,NHDL,32,58,10.0,428.0,4280.0,2024-02-29
2024022904011141,NHDL,32,26,100.0,427.0,42700.0,2024-02-29
2024022904011140,NHDL,32,26,20.0,427.0,8540.0,2024-02-29
2024022904011139,MEN,47,71,10.0,586.0,5860.0,2024-02-29
2024022901023509,HDL,37,19,60.0,1490.0,89400.0,2024-02-29
2024022904011138,SPDL,35,38,158.0,243.0,38394.0,2024-02-29
2024022904011137,SPDL,36,38,142.0,243.0,34506.0,2024-02-29
2024022904011136,SPDL,74,38,200.0,243.1,48620.0,2024-02-29
2024022904011135,CHL,1,66,1274.0,285.0,363090.0,2024-02-29
2024022904011134,CHL,35,66,13.0,285.0,3705.0,2024-02-29
2024022904011133,CHL,8,66,1000.0,285.1,285100.0,2024-02-29
2024022904011132,CHL,14,66,95.0,285.1,27084.5,2024-02-29
2024022904011131,CHL,14,66,500.0,285.2,142600.0,2024-02-29
2024022904011130,CHL,25,66,93.0,285.2,26523.6,2024-02-29
2024022904011129,CHL,51,66,30.0,285.3,8559.0,2024-02-29
2024022904011128,CHL,57,66,250.0,286.2,71550.0,2024-02-29
2024022901023508,PRVU,55,42,10.0,141.2,1412.0,2024-02-29
2024022905004937,HRL,86,58,10.0,606.0,6060.0,2024-02-29
2024022903007409,GFCL,53,62,10.0,429.4,4294.0,2024-02-29
2024022904011127,API,36,86,100.0,176.6,17660.0,2024-02-29
2024022904011126,NHPC,47,36,100.0,150.0,15000.0,2024-02-29
2024022904011125,MEN,42,58,50.0,583.0,29150.0,2024-02-29
2024022905004936,HRL,82,58,370.0,606.0,224220.0,2024-02-29
2024022905004935,HRL,42,58,130.0,607.0,78910.0,2024-02-29
2024022901023507,RFPL,58,46,2060.0,325.0,669500.0,2024-02-29
2024022901023506,RFPL,62,46,440.0,325.0,143000.0,2024-02-29
2024022904011124,AKJCL,47,4,30.0,214.0,6420.0,2024-02-29
2024022903007408,KSBBL,39,26,150.0,335.0,50250.0,2024-02-29
2024022905004934,HRL,42,49,200.0,607.0,121400.0,2024-02-29
2024022904011123,IGI,42,39,300.0,520.1,156030.0,2024-02-29
2024022904011122,SGIC,84,61,140.0,492.0,68880.0,2024-02-29
2024022903007407,KMCDB,62,49,10.0,636.0,6360.0,2024-02-29
2024022903007406,KMCDB,62,62,20.0,628.2,12564.0,2024-02-29
2024022903007405,KMCDB,62,38,10.0,628.1,6281.0,2024-02-29
2024022901023505,HDL,37,19,100.0,1490.0,149000.0,2024-02-29
2024022901023504,ULHC,47,38,156.0,306.1,47751.6,2024-02-29
2024022901023503,ULHC,45,38,229.0,306.2,70119.8,2024-02-29
2024022901023502,ULHC,21,38,100.0,306.2,30620.0,2024-02-29
2024022901023501,ULHC,52,38,15.0,307.0,4605.0,2024-02-29
2024022901023500,ILI,52,38,10.0,512.4,5124.0,2024-02-29
2024022903007404,SADBL,50,50,300.0,288.3,86490.0,2024-02-29
2024022905004933,HRL,42,34,10.0,607.0,6070.0,2024-02-29
2024022905004932,HRL,42,53,10.0,607.0,6070.0,2024-02-29
2024022905004931,HRL,42,49,20.0,607.0,12140.0,2024-02-29
2024022905004930,HRL,42,34,10.0,606.8,6068.0,2024-02-29
2024022905004929,HRL,42,46,10.0,606.5,6065.0,2024-02-29
2024022905004928,HRL,42,58,110.0,606.1,66671.0,2024-02-29
2024022904011121,GHL,13,6,150.0,145.1,21765.0,2024-02-29
2024022903007403,JBBL,36,35,100.0,284.0,28400.0,2024-02-29
2024022903007402,ALBSL,36,14,114.0,639.0,72846.0,2024-02-29
2024022903007401,ALBSL,36,49,10.0,639.0,6390.0,2024-02-29
2024022903007400,ALBSL,36,42,14.0,638.0,8932.0,2024-02-29
2024022903007399,ALBSL,36,57,142.0,635.0,90170.0,2024-02-29
2024022903007398,ALBSL,36,58,10.0,635.0,6350.0,2024-02-29
2024022903007397,ALBSL,36,4,50.0,634.7,31735.0,2024-02-29
2024022903007396,ALBSL,36,44,100.0,634.0,63400.0,2024-02-29
2024022903007395,ALBSL,36,58,10.0,634.0,6340.0,2024-02-29
2024022903007394,ALBSL,36,13,10.0,633.0,6330.0,2024-02-29
2024022903007393,ALBSL,36,53,40.0,633.0,25320.0,2024-02-29
2024022905004927,HIDCL,1,29,50.0,167.9,8395.0,2024-02-29
2024022903007392,PFL,34,58,71.0,352.8,25048.8,2024-02-29
2024022901023499,MBJC,66,58,10.0,302.7,3027.0,2024-02-29
2024022904011120,NIL,21,25,100.0,788.0,78800.0,2024-02-29
2024022905004926,NTC,17,80,15.0,836.0,12540.0,2024-02-29
2024022901023498,NMB,58,32,128.0,177.0,22656.0,2024-02-29
2024022901023497,HIDCLP,14,44,120.0,100.8,12096.0,2024-02-29
2024022901023496,TSHL,4,18,30.0,475.7,14271.0,2024-02-29
2024022901023495,TSHL,53,18,30.0,476.6,14298.0,2024-02-29
2024022901023494,TSHL,54,18,100.0,477.0,47700.0,2024-02-29
2024022901023493,TSHL,54,18,30.0,477.0,14310.0,2024-02-29
2024022901023492,TSHL,29,18,50.0,477.0,23850.0,2024-02-29
2024022901023491,TSHL,62,18,30.0,477.9,14337.0,2024-02-29
2024022901023490,TSHL,62,18,100.0,479.1,47910.0,2024-02-29
2024022901023489,TSHL,62,18,30.0,480.1,14403.0,2024-02-29
2024022901023488,TSHL,62,18,20.0,482.1,9642.0,2024-02-29
2024022901023487,TSHL,62,18,30.0,484.1,14523.0,2024-02-29
2024022901023486,TSHL,62,18,30.0,485.1,14553.0,2024-02-29
2024022901023485,TSHL,58,18,10.0,487.0,4870.0,2024-02-29
2024022901023484,TSHL,62,18,10.0,487.0,4870.0,2024-02-29
2024022901023483,RFPL,62,59,1000.0,325.0,325000.0,2024-02-29
2024022904011119,UNHPL,14,48,100.0,242.0,24200.0,2024-02-29
2024022904011118,UNHPL,14,29,100.0,242.0,24200.0,2024-02-29
2024022901023482,ILI,34,42,80.0,512.5,41000.0,2024-02-29
2024022901023481,IHL,34,21,100.0,329.0,32900.0,2024-02-29
2024022901023480,SPC,28,38,60.0,586.5,35190.0,2024-02-29
2024022905004925,HRL,82,34,10.0,606.0,6060.0,2024-02-29
2024022901023479,MHCL,34,65,100.0,495.3,49530.0,2024-02-29
2024022901023478,BPW,11,58,10.0,1300.0,13000.0,2024-02-29
2024022901023477,MHCL,55,65,300.0,495.3,148590.0,2024-02-29
2024022904011117,GHL,13,41,450.0,145.1,65295.0,2024-02-29
2024022904011116,GHL,55,41,50.0,145.2,7260.0,2024-02-29
2024022904011115,NHPC,47,5,100.0,150.0,15000.0,2024-02-29
2024022901023476,DOLTI,45,49,200.0,366.0,73200.0,2024-02-29
2024022901023475,GBIME,35,13,54.0,182.0,9828.0,2024-02-29
2024022901023474,GBIME,35,44,417.0,182.0,75894.0,2024-02-29
2024022904011114,RIDI,45,52,100.0,186.0,18600.0,2024-02-29
2024022901023473,MBJC,47,42,10.0,304.1,3041.0,2024-02-29
2024022904011113,API,57,88,45.0,175.6,7902.0,2024-02-29
2024022904011112,API,58,88,750.0,175.7,131775.0,2024-02-29
2024022904011111,API,22,88,100.0,175.7,17570.0,2024-02-29
2024022904011110,API,57,88,60.0,175.7,10542.0,2024-02-29
2024022904011109,API,19,88,100.0,175.7,17570.0,2024-02-29
2024022904011108,API,45,88,820.0,175.7,144074.0,2024-02-29
2024022904011107,API,34,88,500.0,175.8,87900.0,2024-02-29
2024022904011106,API,38,88,175.0,175.9,30782.5,2024-02-29
2024022904011105,API,58,88,50.0,175.9,8795.0,2024-02-29
2024022904011104,API,6,88,2000.0,176.0,352000.0,2024-02-29
2024022904011103,API,25,88,100.0,176.0,17600.0,2024-02-29
2024022903007391,GUFL,6,28,102.0,581.0,59262.0,2024-02-29
2024022903007390,GUFL,56,28,50.0,581.0,29050.0,2024-02-29
2024022903007389,GUFL,3,28,10.0,581.0,5810.0,2024-02-29
2024022903007388,GUFL,58,28,20.0,581.0,11620.0,2024-02-29
2024022903007387,GUFL,14,28,247.0,581.0,143507.0,2024-02-29
2024022903007386,GUFL,45,28,50.0,582.0,29100.0,2024-02-29
2024022903007385,GUFL,48,28,21.0,582.0,12222.0,2024-02-29
2024022903007384,KRBL,34,17,10.0,354.8,3548.0,2024-02-29
2024022903007383,NLIC,45,42,21.0,593.0,12453.0,2024-02-29
2024022901023472,ADBL,17,6,20.0,226.0,4520.0,2024-02-29
2024022901023471,ADBL,58,6,10.0,226.0,2260.0,2024-02-29
2024022904011102,NGPL,83,84,1856.0,289.0,536384.0,2024-02-29
2024022905004924,NIFRA,58,72,124.0,201.1,24936.4,2024-02-29
2024022905004923,NIFRA,58,72,100.0,201.4,20140.0,2024-02-29
2024022905004922,NIFRA,51,72,100.0,201.4,20140.0,2024-02-29
2024022905004921,NIFRA,28,72,81.0,201.5,16321.5,2024-02-29
2024022905004920,NIFRA,52,72,49.0,201.5,9873.5,2024-02-29
2024022905004919,NIFRA,82,72,2000.0,201.5,403000.0,2024-02-29
2024022905004918,NIFRA,7,72,2466.0,201.5,496899.0,2024-02-29
2024022905004917,NIFRA,49,72,50.0,201.6,10080.0,2024-02-29
2024022905004916,NIFRA,52,72,30.0,201.6,6048.0,2024-02-29
2024022905004915,HRL,82,8,100.0,606.0,60600.0,2024-02-29
2024022901023470,MEHL,45,3,100.0,279.9,27990.0,2024-02-29
2024022903007382,JBBL,71,38,155.0,283.0,43865.0,2024-02-29
2024022903007381,JBBL,25,38,45.0,283.0,12735.0,2024-02-29
2024022904011101,CHCL,42,13,10.0,455.1,4551.0,2024-02-29
2024022904011100,CHCL,58,13,60.0,455.2,27312.0,2024-02-29
2024022904011099,CHCL,44,13,38.0,455.3,17301.4,2024-02-29
2024022901023469,NIMB,16,50,609.0,162.2,98779.8,2024-02-29
2024022901023468,MEL,58,42,400.0,208.2,83280.0,2024-02-29
2024022901023467,VLUCL,34,11,70.0,524.0,36680.0,2024-02-29
2024022904011098,AKPL,1,58,455.0,177.0,80535.0,2024-02-29
2024022904011097,AKPL,1,49,545.0,177.0,96465.0,2024-02-29
2024022904011096,SHEL,58,56,116.0,209.9,24348.4,2024-02-29
2024022904011095,SHEL,58,8,10.0,208.0,2080.0,2024-02-29
2024022904011094,SHEL,58,38,10.0,206.8,2068.0,2024-02-29
2024022905004914,HRL,82,41,20.0,606.0,12120.0,2024-02-29
2024022901023466,SONA,43,59,60.0,441.8,26508.0,2024-02-29
2024022901023465,SONA,74,59,220.0,441.8,97196.0,2024-02-29
2024022901023464,SONA,19,59,370.0,442.0,163540.0,2024-02-29
2024022901023463,SGHC,77,13,115.0,308.0,35420.0,2024-02-29
2024022901023462,SGHC,77,55,10.0,308.0,3080.0,2024-02-29
2024022901023461,SGHC,77,5,275.0,307.5,84562.5,2024-02-29
2024022901023460,SGHC,77,86,500.0,307.2,153600.0,2024-02-29
2024022901023459,SGHC,77,38,100.0,307.0,30700.0,2024-02-29
2024022901023458,SHLB,47,17,10.0,825.2,8252.0,2024-02-29
2024022901023457,SHLB,47,17,20.0,826.0,16520.0,2024-02-29
2024022901023456,SHLB,43,17,10.0,826.3,8263.0,2024-02-29
2024022901023455,SHLB,58,17,40.0,827.0,33080.0,2024-02-29
2024022904011093,HURJA,38,7,85.0,283.9,24131.5,2024-02-29
2024022904011092,HURJA,38,38,15.0,283.9,4258.5,2024-02-29
2024022904011091,HURJA,38,57,100.0,283.0,28300.0,2024-02-29
2024022904011090,KPCL,50,85,10.0,401.0,4010.0,2024-02-29
2024022904011089,KPCL,50,35,20.0,400.0,8000.0,2024-02-29
2024022901023454,SMJC,51,60,200.0,369.0,73800.0,2024-02-29
2024022904011088,NLG,44,51,160.0,732.2,117152.0,2024-02-29
2024022904011087,NLG,28,51,20.0,735.0,14700.0,2024-02-29
2024022904011086,NLG,22,51,20.0,735.0,14700.0,2024-02-29
2024022904011085,NLG,75,51,200.0,739.0,147800.0,2024-02-29
2024022904011084,NLG,44,51,100.0,739.0,73900.0,2024-02-29
2024022901023453,MCHL,22,43,30.0,320.5,9615.0,2024-02-29
2024022904011083,NICL,7,41,400.0,805.3,322120.0,2024-02-29
2024022904011082,NICL,7,41,50.0,805.4,40270.0,2024-02-29
2024022904011081,NICL,35,41,200.0,805.5,161100.0,2024-02-29
2024022904011080,NICL,4,41,900.0,807.0,726300.0,2024-02-29
2024022904011079,NICL,32,41,100.0,807.0,80700.0,2024-02-29
2024022904011078,NICL,82,41,1000.0,807.0,807000.0,2024-02-29
2024022904011077,NICL,7,41,20.0,807.0,16140.0,2024-02-29
2024022904011076,NICL,50,41,11.0,807.0,8877.0,2024-02-29
2024022901023452,GCIL,33,58,10.0,477.0,4770.0,2024-02-29
2024022901023451,RHGCL,26,21,10.0,282.0,2820.0,2024-02-29
2024022901023450,RHGCL,26,43,190.0,281.9,53561.0,2024-02-29
2024022901023449,UNL,1,35,10.0,39607.0,396070.0,2024-02-29
2024022901023448,UNL,58,35,10.0,39610.9,396109.0,2024-02-29
2024022901023447,UNL,58,35,10.0,39620.9,396209.0,2024-02-29
2024022901023446,PCBL,45,44,185.0,190.0,35150.0,2024-02-29
2024022901023445,PCBL,45,17,200.0,190.0,38000.0,2024-02-29
2024022901023444,PCBL,45,42,115.0,190.0,21850.0,2024-02-29
2024022901023443,SONA,19,19,130.0,442.0,57460.0,2024-02-29
2024022901023442,SONA,25,19,70.0,442.0,30940.0,2024-02-29
2024022905004913,NTC,17,13,50.0,836.0,41800.0,2024-02-29
2024022901023441,SMHL,28,56,10.0,458.0,4580.0,2024-02-29
2024022904011075,SHPC,6,50,971.0,335.0,325285.0,2024-02-29
2024022904011074,SHPC,41,50,29.0,335.1,9717.9,2024-02-29
2024022904011073,MHNL,44,42,450.0,235.0,105750.0,2024-02-29
2024022904011072,MHNL,45,42,50.0,235.1,11755.0,2024-02-29
2024022904011071,PMHPL,14,34,55.0,242.0,13310.0,2024-02-29
2024022903007380,RLFL,56,46,500.0,344.0,172000.0,2024-02-29
2024022901023440,NABIL,58,56,20.0,429.5,8590.0,2024-02-29
2024022901023439,NABIL,17,56,419.0,429.5,179960.5,2024-02-29
2024022901023438,NABIL,5,56,100.0,429.6,42960.0,2024-02-29
2024022904011070,NLG,45,16,180.0,740.0,133200.0,2024-02-29
2024022901023437,BGWT,21,57,50.0,563.0,28150.0,2024-02-29
2024022903007379,MLBSL,42,41,65.0,1560.0,101400.0,2024-02-29
2024022901023436,RHGCL,50,57,85.0,281.0,23885.0,2024-02-29
2024022904011069,SGIC,84,57,40.0,492.0,19680.0,2024-02-29
2024022904011068,NGPL,33,33,757.0,287.2,217410.4,2024-02-29
2024022904011067,NGPL,56,33,250.0,287.3,71825.0,2024-02-29
2024022904011066,NGPL,58,33,200.0,287.8,57560.0,2024-02-29
2024022904011065,NGPL,11,33,41.0,288.0,11808.0,2024-02-29
2024022904011064,NGPL,82,33,752.0,288.0,216576.0,2024-02-29
2024022903007378,GRDBL,48,59,10.0,348.9,3489.0,2024-02-29
2024022903007377,HLI,45,44,254.0,376.0,95504.0,2024-02-29
2024022901023435,RFPL,62,14,500.0,325.0,162500.0,2024-02-29
2024022903007376,HLI,45,14,246.0,376.0,92496.0,2024-02-29
2024022903007375,HLI,38,14,20.0,376.0,7520.0,2024-02-29
2024022903007374,HLI,41,14,25.0,376.0,9400.0,2024-02-29
2024022903007373,HLI,36,14,20.0,376.0,7520.0,2024-02-29
2024022903007372,HLI,49,14,39.0,376.0,14664.0,2024-02-29
2024022904011063,BARUN,32,17,200.0,243.2,48640.0,2024-02-29
2024022901023434,HATHY,35,26,112.0,854.9,95748.8,2024-02-29
2024022901023433,HATHY,35,49,500.0,854.0,427000.0,2024-02-29
2024022901023432,HATHY,35,48,70.0,854.0,59780.0,2024-02-29
2024022901023431,HATHY,35,29,20.0,854.0,17080.0,2024-02-29
2024022901023430,HATHY,35,13,10.0,854.0,8540.0,2024-02-29
2024022901023429,HATHY,35,13,100.0,853.0,85300.0,2024-02-29
2024022901023428,HATHY,35,32,40.0,853.0,34120.0,2024-02-29
2024022901023427,HATHY,35,41,22.0,850.0,18700.0,2024-02-29
2024022901023426,HATHY,35,45,118.0,850.0,100300.0,2024-02-29
2024022901023425,SONA,25,54,10.0,442.0,4420.0,2024-02-29
2024022901023424,MKCL,90,54,10.0,934.9,9349.0,2024-02-29
2024022901023423,SMHL,69,56,10.0,458.0,4580.0,2024-02-29
2024022904011062,BPCL,45,61,100.0,300.2,30020.0,2024-02-29
2024022903007371,FMDBL,62,44,11.0,580.0,6380.0,2024-02-29
2024022901023422,SONA,25,38,100.0,442.0,44200.0,2024-02-29
2024022901023421,MKHC,28,83,200.0,282.2,56440.0,2024-02-29
2024022903007370,HLI,49,50,61.0,376.0,22936.0,2024-02-29
2024022903007369,HLI,40,50,150.0,376.0,56400.0,2024-02-29
2024022903007368,HLI,58,50,453.0,376.0,170328.0,2024-02-29
2024022901023420,DORDI,14,6,235.0,446.9,105021.5,2024-02-29
2024022901023419,DORDI,49,6,10.0,447.0,4470.0,2024-02-29
2024022901023418,DORDI,77,6,100.0,447.0,44700.0,2024-02-29
2024022901023417,DORDI,49,6,55.0,447.0,24585.0,2024-02-29
2024022901023416,DORDI,77,6,120.0,449.9,53988.0,2024-02-29
2024022901023415,DORDI,35,6,10.0,450.0,4500.0,2024-02-29
2024022901023414,SPC,32,58,25.0,586.5,14662.5,2024-02-29
2024022905004912,HRL,57,3,75.0,605.1,45382.5,2024-02-29
2024022905004911,HRL,59,56,72.0,605.0,43560.0,2024-02-29
2024022905004910,HRL,54,56,30.0,605.1,18153.0,2024-02-29
2024022905004909,HRL,34,56,100.0,605.1,60510.0,2024-02-29
2024022905004908,HRL,58,56,80.0,605.2,48416.0,2024-02-29
2024022905004907,HRL,57,56,50.0,606.0,30300.0,2024-02-29
2024022905004906,HRL,28,56,668.0,606.0,404808.0,2024-02-29
2024022901023413,NICA,44,33,1200.0,410.4,492480.0,2024-02-29
2024022904011061,LEC,55,49,15.0,180.5,2707.5,2024-02-29
2024022904011060,LEC,19,49,85.0,180.5,15342.5,2024-02-29
2024022901023412,HDL,37,44,52.0,1490.0,77480.0,2024-02-29
2024022904011059,HPPL,3,44,13.0,267.0,3471.0,2024-02-29
2024022904011058,HPPL,19,44,250.0,267.0,66750.0,2024-02-29
2024022904011057,HPPL,54,44,100.0,267.2,26720.0,2024-02-29
2024022904011056,HPPL,34,44,10.0,267.6,2676.0,2024-02-29
2024022904011055,HPPL,19,44,50.0,268.0,13400.0,2024-02-29
2024022904011054,HPPL,39,44,57.0,268.0,15276.0,2024-02-29
2024022901023411,AHL,18,42,10.0,421.0,4210.0,2024-02-29
2024022905004905,HRL,28,55,20.0,606.0,12120.0,2024-02-29
2024022904011053,GLH,22,36,200.0,205.0,41000.0,2024-02-29
2024022903007367,SFCL,45,21,100.0,295.2,29520.0,2024-02-29
2024022905004904,HIDCL,26,45,10.0,167.7,1677.0,2024-02-29
2024022901023410,JALPA,58,45,11.0,1001.0,11011.0,2024-02-29
2024022901023409,JALPA,52,45,50.0,1001.0,50050.0,2024-02-29
2024022901023408,JALPA,52,45,39.0,1001.0,39039.0,2024-02-29
2024022903007366,SAPDBL,61,14,250.0,247.9,61975.0,2024-02-29
2024022901023407,EHPL,18,62,100.0,426.1,42610.0,2024-02-29
2024022903007365,NFS,13,42,366.0,338.0,123708.0,2024-02-29
2024022903007364,NFS,1,42,20.0,338.0,6760.0,2024-02-29
2024022903007363,NFS,42,42,250.0,338.1,84525.0,2024-02-29
2024022903007362,NFS,33,42,100.0,338.2,33820.0,2024-02-29
2024022903007361,NFS,1,42,300.0,338.4,101520.0,2024-02-29
2024022903007360,NFS,34,42,93.0,338.4,31471.2,2024-02-29
2024022901023406,AVYAN,53,7,20.0,585.0,11700.0,2024-02-29
2024022901023405,HATHY,5,36,100.0,845.0,84500.0,2024-02-29
2024022901023404,HATHY,25,36,19.0,845.0,16055.0,2024-02-29
2024022901023403,HATHY,58,36,59.0,845.0,49855.0,2024-02-29
2024022901023402,HATHY,7,36,18.0,845.0,15210.0,2024-02-29
2024022901023401,HATHY,5,36,100.0,845.1,84510.0,2024-02-29
2024022903007359,BFC,36,1,20.0,315.0,6300.0,2024-02-29
2024022903007358,BFC,36,47,80.0,315.0,25200.0,2024-02-29
2024022904011052,RBCL,34,32,10.0,13949.0,139490.0,2024-02-29
2024022903007357,GUFL,58,56,50.0,583.0,29150.0,2024-02-29
2024022904011051,RIDI,47,52,13.0,186.0,2418.0,2024-02-29
2024022903007356,FMDBL,57,44,168.0,580.0,97440.0,2024-02-29
2024022903007355,FMDBL,57,39,20.0,580.0,11600.0,2024-02-29
2024022903007354,FMDBL,57,48,470.0,580.0,272600.0,2024-02-29
2024022903007353,FMDBL,57,57,352.0,579.0,203808.0,2024-02-29
2024022903007352,FMDBL,57,55,500.0,575.0,287500.0,2024-02-29
2024022903007351,FMDBL,57,6,80.0,574.0,45920.0,2024-02-29
2024022903007350,FMDBL,57,6,410.0,573.9,235299.0,2024-02-29
2024022904011050,BPCL,6,48,144.0,300.0,43200.0,2024-02-29
2024022904011049,BPCL,45,48,156.0,300.2,46831.2,2024-02-29
2024022901023400,NRM,57,57,11.0,338.0,3718.0,2024-02-29
2024022901023399,ULBSL,49,59,91.0,1070.0,97370.0,2024-02-29
2024022901023398,GBIME,55,44,183.0,182.0,33306.0,2024-02-29
2024022901023397,GBIME,55,85,142.0,182.0,25844.0,2024-02-29
2024022901023396,SONA,25,13,300.0,442.0,132600.0,2024-02-29
2024022904011048,CHL,57,51,50.0,286.2,14310.0,2024-02-29
2024022901023395,VLUCL,65,34,80.0,529.0,42320.0,2024-02-29
2024022901023394,VLUCL,65,35,10.0,529.0,5290.0,2024-02-29
2024022901023393,VLUCL,65,58,10.0,529.0,5290.0,2024-02-29
2024022901023392,VLUCL,65,54,10.0,529.0,5290.0,2024-02-29
2024022901023391,VLUCL,65,58,20.0,528.9,10578.0,2024-02-29
2024022901023390,VLUCL,65,34,210.0,528.0,110880.0,2024-02-29
2024022901023389,VLUCL,65,58,10.0,528.0,5280.0,2024-02-29
2024022901023388,VLUCL,65,39,10.0,527.0,5270.0,2024-02-29
2024022901023387,VLUCL,65,34,130.0,526.5,68445.0,2024-02-29
2024022901023386,VLUCL,65,32,10.0,525.0,5250.0,2024-02-29
2024022904011047,UMHL,34,14,12.0,247.0,2964.0,2024-02-29
2024022903007349,FOWAD,34,85,53.0,1009.0,53477.0,2024-02-29
2024022903007348,FOWAD,34,85,53.0,1009.0,53477.0,2024-02-29
2024022903007347,FOWAD,34,85,27.0,1009.0,27243.0,2024-02-29
2024022901023385,NRM,34,57,100.0,338.0,33800.0,2024-02-29
2024022904011046,UPCL,52,34,260.0,206.0,53560.0,2024-02-29
2024022901023384,SONA,25,52,10.0,442.0,4420.0,2024-02-29
2024022901023383,SONA,25,58,10.0,442.0,4420.0,2024-02-29
2024022904011045,AHPC,42,58,252.0,180.0,45360.0,2024-02-29
2024022903007346,GUFL,48,56,100.0,583.0,58300.0,2024-02-29
2024022904011044,PPCL,33,21,20.0,254.0,5080.0,2024-02-29
2024022901023382,CZBIL,33,35,597.0,161.0,96117.0,2024-02-29
2024022901023381,CZBIL,33,29,103.0,160.9,16572.7,2024-02-29
2024022903007345,MDB,42,57,10.0,389.0,3890.0,2024-02-29
2024022904011043,HDHPC,52,71,51.0,135.0,6885.0,2024-02-29
2024022904011042,HDHPC,57,71,100.0,135.0,13500.0,2024-02-29
2024022904011041,HDHPC,29,71,500.0,135.0,67500.0,2024-02-29
2024022904011040,HDHPC,57,71,220.0,135.0,29700.0,2024-02-29
2024022904011039,HDHPC,40,71,1000.0,135.0,135000.0,2024-02-29
2024022904011038,HDHPC,29,71,352.0,135.0,47520.0,2024-02-29
2024022904011037,HDHPC,26,71,1000.0,135.1,135100.0,2024-02-29
2024022904011036,HDHPC,25,71,100.0,135.1,13510.0,2024-02-29
2024022904011035,HDHPC,4,71,1000.0,135.1,135100.0,2024-02-29
2024022904011034,HDHPC,54,71,50.0,135.1,6755.0,2024-02-29
2024022904011033,HDHPC,51,71,200.0,135.1,27020.0,2024-02-29
2024022901023380,NABIL,17,32,294.0,429.5,126273.0,2024-02-29
2024022901023379,NABIL,57,32,10.0,429.5,4295.0,2024-02-29
2024022901023378,NABIL,59,32,196.0,429.5,84182.0,2024-02-29
2024022905004903,NRIC,49,33,10.0,735.0,7350.0,2024-02-29
2024022903007344,GUFL,48,22,60.0,582.0,34920.0,2024-02-29
2024022901023377,ADBL,42,14,15.0,226.0,3390.0,2024-02-29
2024022901023376,SHIVM,6,14,14.0,469.0,6566.0,2024-02-29
2024022901023375,SHIVM,71,14,20.0,470.0,9400.0,2024-02-29
2024022901023374,SHIVM,16,14,40.0,470.0,18800.0,2024-02-29
2024022901023373,SHIVM,8,14,10.0,470.0,4700.0,2024-02-29
2024022901023372,SHIVM,35,14,101.0,470.0,47470.0,2024-02-29
2024022903007343,NLIC,45,21,141.0,593.0,83613.0,2024-02-29
2024022903007342,CFCL,26,45,100.0,324.2,32420.0,2024-02-29
2024022903007341,LBBL,45,52,10.0,372.6,3726.0,2024-02-29
2024022903007340,LBBL,45,32,24.0,372.5,8940.0,2024-02-29
2024022901023371,SNLI,19,45,10.0,584.0,5840.0,2024-02-29
2024022904011032,UMHL,41,47,200.0,246.2,49240.0,2024-02-29
2024022904011031,UMHL,4,47,300.0,246.2,73860.0,2024-02-29
2024022904011030,UMHL,62,47,500.0,246.3,123150.0,2024-02-29
2024022903007339,NFS,34,13,407.0,338.4,137728.8,2024-02-29
2024022903007338,NFS,42,13,38.0,338.5,12863.0,2024-02-29
2024022903007337,NFS,58,13,20.0,338.9,6778.0,2024-02-29
2024022903007336,NFS,28,13,135.0,339.0,45765.0,2024-02-29
2024022904011029,IGI,42,50,59.0,520.1,30685.9,2024-02-29
2024022904011028,IGI,43,50,30.0,520.1,15603.0,2024-02-29
2024022904011027,IGI,25,50,110.0,521.0,57310.0,2024-02-29
2024022904011026,IGI,42,50,500.0,521.1,260550.0,2024-02-29
