transaction,symbol,buyer,seller,quantity,rate,amount,date
2024040701031456,HBL,1,26,10.0,184.0,1840.0,2024-04-07
2024040701031455,HHL,65,39,10.0,384.0,3840.0,2024-04-07
2024040703019070,JBBL,56,58,10.0,297.0,2970.0,2024-04-07
2024040701031454,USHEC,11,58,90.0,371.0,33390.0,2024-04-07
2024040704008893,UNHPL,58,41,420.0,232.0,97440.0,2024-04-07
2024040703019069,GILB,57,58,300.0,980.3,294090.0,2024-04-07
2024040701031453,ILI,38,58,220.0,549.0,120780.0,2024-04-07
2024040701031452,SMHL,48,58,10.0,445.0,4450.0,2024-04-07
2024040701031451,SMHL,48,38,10.0,444.0,4440.0,2024-04-07
2024040701031450,NIMB,17,14,10.0,156.5,1565.0,2024-04-07
2024040703019068,GUFL,71,45,20.0,884.0,17680.0,2024-04-07
2024040703019067,SFCL,71,14,10.0,336.0,3360.0,2024-04-07
2024040701031449,MEHL,14,17,20.0,312.0,6240.0,2024-04-07
2024040703019066,VLBS,28,22,20.0,770.0,15400.0,2024-04-07
2024040703019065,VLBS,28,11,100.0,770.0,77000.0,2024-04-07
2024040703019064,VLBS,28,49,128.0,769.9,98547.2,2024-04-07
2024040703019063,VLBS,28,71,30.0,769.9,23097.0,2024-04-07
2024040703019062,VLBS,28,14,200.0,768.0,153600.0,2024-04-07
2024040703019061,VLBS,28,19,22.0,761.0,16742.0,2024-04-07
2024040701031448,NRM,53,54,20.0,379.0,7580.0,2024-04-07
2024040703019060,GLBSL,62,32,66.0,2173.6,143457.6,2024-04-07
2024040703019059,NADEP,16,22,10.0,705.0,7050.0,2024-04-07
2024040701031447,GCIL,53,65,10.0,516.0,5160.0,2024-04-07
2024040703019058,GMFBS,21,47,12.0,1156.5,13878.0,2024-04-07
2024040703019057,SJLIC,72,8,250.0,499.8,124950.0,2024-04-07
2024040703019056,FMDBL,39,39,137.0,640.9,87803.3,2024-04-07
2024040703019055,FMDBL,39,62,50.0,640.9,32045.0,2024-04-07
2024040703019054,FMDBL,39,38,63.0,640.0,40320.0,2024-04-07
2024040703019053,FMDBL,39,29,50.0,640.0,32000.0,2024-04-07
2024040703019052,FMDBL,39,58,20.0,640.0,12800.0,2024-04-07
2024040703019051,FMDBL,39,1,107.0,640.0,68480.0,2024-04-07
2024040703019050,FMDBL,39,44,268.0,640.0,171520.0,2024-04-07
2024040703019049,FMDBL,39,39,200.0,639.0,127800.0,2024-04-07
2024040703019048,FMDBL,39,59,105.0,639.0,67095.0,2024-04-07
2024040703019047,RSDC,13,49,10.0,628.2,6282.0,2024-04-07
2024040701031446,TAMOR,49,56,335.0,385.0,128975.0,2024-04-07
2024040701031445,TAMOR,49,22,10.0,385.0,3850.0,2024-04-07
2024040701031444,TAMOR,49,49,10.0,385.0,3850.0,2024-04-07
2024040701031443,TAMOR,49,14,10.0,385.0,3850.0,2024-04-07
2024040701031442,TAMOR,49,57,10.0,385.0,3850.0,2024-04-07
2024040701031441,TAMOR,49,36,10.0,385.0,3850.0,2024-04-07
2024040701031440,TAMOR,49,55,15.0,384.0,5760.0,2024-04-07
2024040701031439,RFPL,29,43,10.0,383.0,3830.0,2024-04-07
2024040701031438,PPL,69,38,20.0,579.0,11580.0,2024-04-07
2024040701031437,PPL,69,25,20.0,579.0,11580.0,2024-04-07
2024040701031436,PPL,69,52,10.0,579.0,5790.0,2024-04-07
2024040705004802,CHDC,69,72,10.0,890.0,8900.0,2024-04-07
2024040701031435,PPL,21,34,480.0,579.0,277920.0,2024-04-07
2024040701031434,PPL,21,74,500.0,578.0,289000.0,2024-04-07
2024040701031433,PPL,21,69,1000.0,561.0,561000.0,2024-04-07
2024040701031432,PPL,21,16,500.0,561.0,280500.0,2024-04-07
2024040701031431,PPL,21,17,30.0,561.0,16830.0,2024-04-07
2024040701031430,PPL,21,38,482.0,561.0,270402.0,2024-04-07
2024040701031429,CLI,19,35,43.0,465.0,19995.0,2024-04-07
2024040701031428,CLI,66,35,400.0,465.0,186000.0,2024-04-07
2024040701031427,CLI,50,35,57.0,465.0,26505.0,2024-04-07
2024040701031426,PPL,35,38,11.0,561.0,6171.0,2024-04-07
2024040703019046,GUFL,35,45,10.0,884.0,8840.0,2024-04-07
2024040703019045,MDB,20,45,10.0,429.9,4299.0,2024-04-07
2024040701031425,BEDC,55,41,80.0,364.9,29192.0,2024-04-07
2024040701031424,BEDC,55,55,10.0,364.9,3649.0,2024-04-07
2024040701031423,BEDC,55,58,110.0,364.8,40128.0,2024-04-07
2024040701031422,TSHL,5,57,55.0,519.0,28545.0,2024-04-07
2024040704008892,JOSHI,5,22,10.0,333.0,3330.0,2024-04-07
2024040701031421,MKCL,67,26,40.0,943.0,37720.0,2024-04-07
2024040703019044,GUFL,22,45,10.0,884.0,8840.0,2024-04-07
2024040703019043,GUFL,41,42,30.0,883.0,26490.0,2024-04-07
2024040701031420,DOLTI,28,42,1000.0,475.0,475000.0,2024-04-07
2024040703019042,SADBL,17,85,30.0,302.0,9060.0,2024-04-07
2024040703019041,SWBBL,44,48,10.0,772.0,7720.0,2024-04-07
2024040701031419,SPC,26,47,36.0,540.0,19440.0,2024-04-07
2024040703019040,GUFL,41,45,120.0,883.0,105960.0,2024-04-07
2024040703019039,MDB,69,45,10.0,427.3,4273.0,2024-04-07
2024040701031418,MHCL,44,45,10.0,420.5,4205.0,2024-04-07
2024040701031417,USHEC,60,42,40.0,373.0,14920.0,2024-04-07
2024040701031416,RNLI,49,7,11.0,442.0,4862.0,2024-04-07
2024040703019038,JBBL,6,34,486.0,295.2,143467.2,2024-04-07
2024040701031415,GCIL,43,65,11.0,516.0,5676.0,2024-04-07
2024040701031414,SNLI,13,6,29.0,602.1,17460.9,2024-04-07
2024040701031413,SNLI,14,6,36.0,602.1,21675.6,2024-04-07
2024040701031412,SNLI,56,6,35.0,603.0,21105.0,2024-04-07
2024040701031411,RFPL,29,4,329.0,380.0,125020.0,2024-04-07
2024040701031410,RFPL,50,4,671.0,380.3,255181.3,2024-04-07
2024040701031409,SAHAS,3,61,10.0,520.0,5200.0,2024-04-07
2024040701031408,PPL,21,10,190.0,545.1,103569.0,2024-04-07
2024040701031407,NRM,1,54,100.0,379.0,37900.0,2024-04-07
2024040701031406,AVYAN,95,42,10.0,698.0,6980.0,2024-04-07
2024040701031405,PCBL,56,17,10.0,190.0,1900.0,2024-04-07
2024040701031404,IHL,50,21,10.0,383.0,3830.0,2024-04-07
2024040704008891,CHL,48,45,10.0,300.0,3000.0,2024-04-07
2024040704008890,UPPER,58,3,150.0,170.9,25635.0,2024-04-07
2024040703019037,BFC,58,17,100.0,360.0,36000.0,2024-04-07
2024040703019036,BFC,48,17,55.0,360.0,19800.0,2024-04-07
2024040703019035,WNLB,71,48,10.0,1679.0,16790.0,2024-04-07
2024040703019034,KSBBL,14,60,13.0,357.9,4652.7,2024-04-07
2024040704008889,PPCL,14,57,10.0,248.0,2480.0,2024-04-07
2024040703019033,MFIL,44,14,141.0,520.0,73320.0,2024-04-07
2024040703019032,MFIL,53,14,339.0,520.0,176280.0,2024-04-07
2024040703019031,MFIL,57,14,10.0,520.2,5202.0,2024-04-07
2024040703019030,MFIL,50,14,10.0,520.3,5203.0,2024-04-07
2024040703019029,ILBS,62,57,30.0,964.0,28920.0,2024-04-07
2024040701031403,TSHL,62,57,50.0,519.0,25950.0,2024-04-07
2024040703019028,MLBBL,16,36,10.0,1020.7,10207.0,2024-04-07
2024040703019027,MLBBL,16,62,10.0,1015.0,10150.0,2024-04-07
2024040701031402,NRM,21,34,440.0,377.0,165880.0,2024-04-07
2024040701031401,NRM,57,34,230.0,377.0,86710.0,2024-04-07
2024040701031400,NRM,4,34,20.0,377.0,7540.0,2024-04-07
2024040701031399,SAMAJ,34,14,10.0,1989.0,19890.0,2024-04-07
2024040703019026,CFCL,33,62,90.0,363.0,32670.0,2024-04-07
2024040703019025,CFCL,33,7,10.0,363.0,3630.0,2024-04-07
2024040703019024,ICFC,57,37,14.0,518.2,7254.8,2024-04-07
2024040701031398,RNLI,49,38,11.0,442.0,4862.0,2024-04-07
2024040701031397,RNLI,49,58,209.0,442.0,92378.0,2024-04-07
2024040701031396,RNLI,49,48,11.0,442.0,4862.0,2024-04-07
2024040701031395,RNLI,49,45,11.0,442.0,4862.0,2024-04-07
2024040701031394,RNLI,49,42,10.0,442.0,4420.0,2024-04-07
2024040701031393,RNLI,49,45,11.0,442.0,4862.0,2024-04-07
2024040701031392,RNLI,49,36,11.0,442.0,4862.0,2024-04-07
2024040701031391,RNLI,49,41,11.0,442.0,4862.0,2024-04-07
2024040701031390,MKCL,29,26,10.0,943.0,9430.0,2024-04-07
2024040701031389,ULHC,8,35,10.0,340.5,3405.0,2024-04-07
2024040703019023,HLI,38,21,10.0,401.0,4010.0,2024-04-07
2024040704008888,API,35,21,361.0,174.1,62850.1,2024-04-07
2024040704008887,API,38,21,29.0,174.1,5048.9,2024-04-07
2024040703019022,GUFL,41,69,90.0,883.0,79470.0,2024-04-07
2024040704008886,API,22,21,100.0,174.2,17420.0,2024-04-07
2024040704008885,API,35,21,10.0,174.2,1742.0,2024-04-07
2024040701031388,PPL,69,38,55.0,561.0,30855.0,2024-04-07
2024040701031387,RHGCL,69,38,200.0,320.0,64000.0,2024-04-07
2024040701031386,JALPA,19,54,10.0,1260.0,12600.0,2024-04-07
2024040705004801,NTC,57,35,70.0,840.0,58800.0,2024-04-07
2024040705004800,NTC,17,35,30.0,841.0,25230.0,2024-04-07
2024040705004799,HRL,21,5,195.0,596.0,116220.0,2024-04-07
2024040705004798,HRL,55,5,105.0,596.0,62580.0,2024-04-07
2024040705004797,HRL,59,5,10.0,596.5,5965.0,2024-04-07
2024040705004796,HRL,11,5,190.0,596.5,113335.0,2024-04-07
2024040701031385,SBI,5,35,21.0,285.9,6003.9,2024-04-07
2024040704008884,SALICO,22,50,10.0,669.0,6690.0,2024-04-07
2024040703019021,MLBL,51,58,92.0,333.0,30636.0,2024-04-07
2024040703019020,MLBL,51,13,50.0,332.5,16625.0,2024-04-07
2024040703019019,MLBL,51,32,58.0,332.5,19285.0,2024-04-07
2024040704008883,IGI,60,88,108.0,536.5,57942.0,2024-04-07
2024040701031384,CYCL,45,57,10.0,1525.0,15250.0,2024-04-07
2024040701031383,PPL,25,38,10.0,561.0,5610.0,2024-04-07
2024040701031382,PPL,25,38,42.0,561.0,23562.0,2024-04-07
2024040701031381,PPL,25,22,10.0,560.0,5600.0,2024-04-07
2024040701031380,PPL,25,41,10.0,560.0,5600.0,2024-04-07
2024040701031379,PPL,25,29,30.0,559.4,16782.0,2024-04-07
2024040701031378,PPL,25,11,23.0,559.4,12866.2,2024-04-07
2024040701031377,PPL,25,29,30.0,559.4,16782.0,2024-04-07
2024040701031376,PPL,25,52,10.0,559.4,5594.0,2024-04-07
2024040701031375,PPL,25,57,10.0,559.0,5590.0,2024-04-07
2024040701031374,PPL,25,19,25.0,559.0,13975.0,2024-04-07
2024040701031373,PPL,25,34,100.0,559.0,55900.0,2024-04-07
2024040701031372,PPL,25,88,500.0,559.0,279500.0,2024-04-07
2024040701031371,PPL,25,58,10.0,559.0,5590.0,2024-04-07
2024040701031370,PPL,25,35,10.0,558.9,5589.0,2024-04-07
2024040701031369,PPL,25,18,10.0,558.9,5589.0,2024-04-07
2024040701031368,PPL,25,52,10.0,558.9,5589.0,2024-04-07
2024040701031367,PPL,25,14,10.0,558.9,5589.0,2024-04-07
2024040701031366,PPL,25,45,50.0,558.9,27945.0,2024-04-07
2024040701031365,PPL,25,8,10.0,558.9,5589.0,2024-04-07
2024040701031364,PPL,25,45,100.0,558.0,55800.0,2024-04-07
2024040701031363,SMJC,25,19,10.0,377.9,3779.0,2024-04-07
2024040703019018,PMLI,7,39,20.0,525.0,10500.0,2024-04-07
2024040703019017,PROFL,51,7,40.0,326.0,13040.0,2024-04-07
2024040701031362,PPL,6,11,10.0,558.0,5580.0,2024-04-07
2024040701031361,PPL,6,48,10.0,558.0,5580.0,2024-04-07
2024040701031360,IHL,43,21,10.0,383.0,3830.0,2024-04-07
2024040704008882,UPPER,59,3,227.0,170.9,38794.3,2024-04-07
2024040703019016,SJLIC,6,8,20.0,499.8,9996.0,2024-04-07
2024040701031359,SRLI,3,35,100.0,459.0,45900.0,2024-04-07
2024040703019015,ALBSL,54,65,80.0,751.1,60088.0,2024-04-07
2024040704008881,NICL,57,14,10.0,851.9,8519.0,2024-04-07
2024040703019014,SAPDBL,57,21,10.0,307.0,3070.0,2024-04-07
2024040705004795,CMF1,57,58,1000.0,9.0,9000.0,2024-04-07
2024040701031358,SARBTM,41,28,10.0,881.0,8810.0,2024-04-07
2024040704008880,RIDI,49,41,13.0,175.2,2277.6,2024-04-07
2024040705004794,CIT,25,41,10.0,2108.0,21080.0,2024-04-07
2024040705004793,NRIC,49,50,32.0,723.0,23136.0,2024-04-07
2024040705004792,NRIC,49,50,68.0,723.0,49164.0,2024-04-07
2024040704008879,KPCL,48,22,10.0,409.0,4090.0,2024-04-07
2024040703019013,FMDBL,58,51,470.0,638.9,300283.0,2024-04-07
2024040703019012,FMDBL,58,28,300.0,638.8,191640.0,2024-04-07
2024040703019011,FMDBL,58,28,190.0,638.8,121372.0,2024-04-07
2024040703019010,FMDBL,58,17,40.0,637.0,25480.0,2024-04-07
2024040701031357,MEL,58,10,40.0,221.9,8876.0,2024-04-07
2024040701031356,MEL,58,49,10.0,221.6,2216.0,2024-04-07
2024040701031355,PPL,58,59,10.0,558.0,5580.0,2024-04-07
2024040701031354,PPL,58,74,200.0,558.0,111600.0,2024-04-07
2024040701031353,PPL,58,34,400.0,557.9,223160.0,2024-04-07
2024040701031352,PPL,58,29,10.0,557.9,5579.0,2024-04-07
2024040701031351,PPL,58,29,10.0,557.9,5579.0,2024-04-07
2024040701031350,PPL,58,74,370.0,557.5,206275.0,2024-04-07
2024040701031349,CYCL,62,57,20.0,1525.0,30500.0,2024-04-07
2024040703019009,MLBBL,42,62,10.0,1015.0,10150.0,2024-04-07
2024040703019008,CBBL,16,74,10.0,847.0,8470.0,2024-04-07
2024040701031348,DORDI,53,33,10.0,435.0,4350.0,2024-04-07
2024040701031347,DORDI,53,50,40.0,435.0,17400.0,2024-04-07
2024040705004791,HIDCL,53,42,10.0,167.5,1675.0,2024-04-07
2024040701031346,SPC,16,47,10.0,540.0,5400.0,2024-04-07
2024040703019007,BFC,48,47,75.0,360.0,27000.0,2024-04-07
2024040701031345,AVYAN,34,42,10.0,698.0,6980.0,2024-04-07
2024040701031344,SHLB,13,63,10.0,1127.1,11271.0,2024-04-07
2024040701031343,SHLB,45,63,10.0,1128.0,11280.0,2024-04-07
2024040704008878,JOSHI,63,22,179.0,333.0,59607.0,2024-04-07
2024040704008877,JOSHI,63,57,42.0,333.0,13986.0,2024-04-07
2024040704008876,JOSHI,63,34,49.0,333.0,16317.0,2024-04-07
2024040704008875,JOSHI,63,81,230.0,332.0,76360.0,2024-04-07
2024040704008874,SHL,33,3,100.0,449.0,44900.0,2024-04-07
2024040701031342,TSHL,39,57,10.0,519.0,5190.0,2024-04-07
2024040701031341,TSHL,39,41,10.0,515.0,5150.0,2024-04-07
2024040703019006,GRDBL,46,86,12.0,374.0,4488.0,2024-04-07
2024040701031340,AVYAN,29,42,10.0,698.0,6980.0,2024-04-07
2024040703019005,HLBSL,21,58,10.0,731.0,7310.0,2024-04-07
2024040701031339,HATHY,47,35,59.0,885.1,52220.9,2024-04-07
2024040703019004,GILB,35,38,30.0,987.0,29610.0,2024-04-07
2024040704008873,UPCL,22,55,10.0,203.0,2030.0,2024-04-07
2024040701031338,MKHC,5,68,10.0,332.0,3320.0,2024-04-07
2024040701031337,TAMOR,28,64,10.0,379.0,3790.0,2024-04-07
2024040701031336,TAMOR,29,64,490.0,379.1,185759.0,2024-04-07
2024040701031335,EBL,44,41,155.0,500.0,77500.0,2024-04-07
2024040701031334,EBL,44,52,10.0,500.0,5000.0,2024-04-07
2024040701031333,EBL,44,29,335.0,496.0,166160.0,2024-04-07
2024040701031332,MKHL,26,38,10.0,433.0,4330.0,2024-04-07
2024040703019003,ALICL,44,58,210.0,569.0,119490.0,2024-04-07
2024040703019002,ALICL,44,48,200.0,568.8,113760.0,2024-04-07
2024040703019001,ALICL,44,87,200.0,568.5,113700.0,2024-04-07
2024040703019000,ALICL,44,28,390.0,568.4,221676.0,2024-04-07
2024040703018999,FOWAD,38,51,162.0,1140.0,184680.0,2024-04-07
2024040703018998,FOWAD,38,51,18.0,1140.0,20520.0,2024-04-07
2024040701031331,BEDC,25,58,60.0,364.8,21888.0,2024-04-07
2024040703018997,NICLBSL,45,1,100.0,622.0,62200.0,2024-04-07
2024040704008872,SPDL,45,81,10.0,236.0,2360.0,2024-04-07
2024040704008871,UPPER,59,3,500.0,170.9,85450.0,2024-04-07
2024040701031330,SRLI,4,35,10.0,459.0,4590.0,2024-04-07
2024040703018996,GUFL,32,45,330.0,884.0,291720.0,2024-04-07
2024040703018995,GUFL,32,5,80.0,884.0,70720.0,2024-04-07
2024040703018994,GUFL,32,58,90.0,884.0,79560.0,2024-04-07
2024040703018993,SABSL,1,57,112.0,855.8,95849.6,2024-04-07
2024040703018992,SABSL,1,36,40.0,855.8,34232.0,2024-04-07
2024040703018991,SABSL,1,37,50.0,855.7,42785.0,2024-04-07
2024040703018990,SHINE,1,1,210.0,377.0,79170.0,2024-04-07
2024040703018989,SHINE,35,1,50.0,377.5,18875.0,2024-04-07
2024040701031329,NWCL,13,45,10.0,745.0,7450.0,2024-04-07
2024040701031328,NWCL,13,58,10.0,745.0,7450.0,2024-04-07
2024040701031327,NWCL,13,35,10.0,745.0,7450.0,2024-04-07
2024040701031326,NWCL,13,35,10.0,745.0,7450.0,2024-04-07
2024040701031325,NWCL,13,58,10.0,745.0,7450.0,2024-04-07
2024040701031324,NWCL,13,42,10.0,745.0,7450.0,2024-04-07
2024040701031323,NWCL,13,42,10.0,744.6,7446.0,2024-04-07
2024040701031322,NWCL,13,41,10.0,744.6,7446.0,2024-04-07
2024040701031321,NWCL,13,29,10.0,744.5,7445.0,2024-04-07
2024040701031320,NWCL,13,8,10.0,744.0,7440.0,2024-04-07
2024040701031319,NWCL,13,28,10.0,744.0,7440.0,2024-04-07
2024040701031318,NWCL,13,42,10.0,743.0,7430.0,2024-04-07
2024040701031317,NWCL,13,7,20.0,742.0,14840.0,2024-04-07
2024040701031316,NWCL,13,36,30.0,742.0,22260.0,2024-04-07
2024040701031315,NWCL,13,36,115.0,741.9,85318.5,2024-04-07
2024040701031314,NWCL,13,8,10.0,741.0,7410.0,2024-04-07
2024040701031313,VLUCL,50,26,10.0,509.0,5090.0,2024-04-07
2024040705004790,NIFRA,21,48,223.0,203.4,45358.2,2024-04-07
2024040701031312,MKHL,58,58,280.0,430.0,120400.0,2024-04-07
2024040704008870,CHL,56,45,11.0,300.0,3300.0,2024-04-07
2024040701031311,BHPL,14,43,80.0,486.8,38944.0,2024-04-07
2024040701031310,BHPL,14,21,20.0,486.5,9730.0,2024-04-07
2024040701031309,PPL,28,74,385.0,557.5,214637.5,2024-04-07
2024040701031308,PPL,28,33,100.0,557.0,55700.0,2024-04-07
2024040701031307,PPL,28,58,10.0,557.0,5570.0,2024-04-07
2024040701031306,PPL,28,51,10.0,557.0,5570.0,2024-04-07
2024040701031305,PPL,28,76,10.0,557.0,5570.0,2024-04-07
2024040701031304,PPL,28,49,10.0,557.0,5570.0,2024-04-07
2024040701031303,PPL,28,58,10.0,557.0,5570.0,2024-04-07
2024040701031302,PPL,28,8,230.0,556.9,128087.0,2024-04-07
2024040701031301,PPL,28,42,10.0,556.9,5569.0,2024-04-07
2024040701031300,PPL,28,72,30.0,556.9,16707.0,2024-04-07
2024040701031299,PPL,28,11,10.0,556.8,5568.0,2024-04-07
2024040701031298,PPL,28,41,200.0,556.7,111340.0,2024-04-07
2024040701031297,PPL,28,83,50.0,556.6,27830.0,2024-04-07
2024040701031296,PPL,28,13,10.0,556.6,5566.0,2024-04-07
2024040701031295,PPL,28,71,70.0,556.5,38955.0,2024-04-07
2024040701031294,PPL,28,19,10.0,556.5,5565.0,2024-04-07
2024040701031293,PPL,28,51,100.0,556.4,55640.0,2024-04-07
2024040701031292,PPL,28,29,745.0,556.4,414518.0,2024-04-07
2024040701031291,DOLTI,28,28,500.0,476.0,238000.0,2024-04-07
2024040701031290,DOLTI,28,58,500.0,459.0,229500.0,2024-04-07
2024040701031289,DOLTI,28,71,1000.0,458.8,458800.0,2024-04-07
2024040701031288,DOLTI,28,36,1100.0,456.9,502590.0,2024-04-07
2024040701031287,DOLTI,28,46,500.0,455.0,227500.0,2024-04-07
2024040701031286,DOLTI,28,58,10.0,455.0,4550.0,2024-04-07
2024040701031285,DOLTI,28,3,1500.0,455.0,682500.0,2024-04-07
2024040701031284,DOLTI,28,6,250.0,455.0,113750.0,2024-04-07
2024040701031283,DOLTI,28,69,50.0,454.9,22745.0,2024-04-07
2024040701031282,DOLTI,28,35,10.0,454.9,4549.0,2024-04-07
2024040701031281,DOLTI,28,17,20.0,454.0,9080.0,2024-04-07
2024040701031280,DOLTI,28,28,1000.0,454.0,454000.0,2024-04-07
2024040701031279,DOLTI,28,42,10.0,454.0,4540.0,2024-04-07
2024040701031278,DOLTI,28,19,10.0,453.9,4539.0,2024-04-07
2024040701031277,DOLTI,28,49,10.0,453.9,4539.0,2024-04-07
2024040701031276,DOLTI,28,38,100.0,453.9,45390.0,2024-04-07
2024040701031275,DOLTI,28,70,10.0,453.9,4539.0,2024-04-07
2024040701031274,DOLTI,28,47,10.0,453.0,4530.0,2024-04-07
2024040701031273,DOLTI,28,41,100.0,453.0,45300.0,2024-04-07
2024040701031272,DOLTI,28,16,500.0,453.0,226500.0,2024-04-07
2024040701031271,DOLTI,28,6,50.0,453.0,22650.0,2024-04-07
2024040701031270,DOLTI,28,6,50.0,453.0,22650.0,2024-04-07
2024040701031269,DOLTI,28,28,299.0,453.0,135447.0,2024-04-07
2024040701031268,DOLTI,28,6,20.0,453.0,9060.0,2024-04-07
2024040701031267,DOLTI,28,55,125.0,452.8,56600.0,2024-04-07
2024040701031266,DOLTI,28,45,10.0,452.4,4524.0,2024-04-07
2024040701031265,DOLTI,28,11,85.0,452.4,38454.0,2024-04-07
2024040701031264,DOLTI,28,52,10.0,452.2,4522.0,2024-04-07
2024040701031263,DOLTI,28,6,300.0,452.2,135660.0,2024-04-07
2024040701031262,DOLTI,28,49,10.0,452.2,4522.0,2024-04-07
2024040701031261,DOLTI,28,53,272.0,452.0,122944.0,2024-04-07
2024040701031260,DOLTI,28,6,30.0,452.0,13560.0,2024-04-07
2024040701031259,DOLTI,28,35,10.0,452.0,4520.0,2024-04-07
2024040701031258,DOLTI,28,26,10.0,451.3,4513.0,2024-04-07
2024040701031257,DOLTI,28,49,10.0,451.0,4510.0,2024-04-07
2024040701031256,DOLTI,28,6,50.0,451.0,22550.0,2024-04-07
2024040701031255,DOLTI,28,29,500.0,450.9,225450.0,2024-04-07
2024040701031254,DOLTI,28,18,200.0,450.9,90180.0,2024-04-07
2024040701031253,DOLTI,28,38,10.0,450.2,4502.0,2024-04-07
2024040701031252,DOLTI,28,57,10.0,450.1,4501.0,2024-04-07
2024040701031251,DOLTI,28,56,100.0,450.0,45000.0,2024-04-07
2024040701031250,DOLTI,28,1,10.0,450.0,4500.0,2024-04-07
2024040701031249,DOLTI,28,37,10.0,450.0,4500.0,2024-04-07
2024040701031248,DOLTI,28,42,186.0,450.0,83700.0,2024-04-07
2024040701031247,DOLTI,28,58,10.0,448.0,4480.0,2024-04-07
2024040701031246,DOLTI,28,29,50.0,448.0,22400.0,2024-04-07
2024040701031245,RNLI,62,57,10.0,442.0,4420.0,2024-04-07
2024040701031244,NYADI,84,32,10.0,320.0,3200.0,2024-04-07
2024040704008869,IGI,84,88,4000.0,536.5,2146000.0,2024-04-07
2024040705004789,HRL,11,47,100.0,596.5,59650.0,2024-04-07
2024040703018988,FOWAD,38,74,95.0,1140.0,108300.0,2024-04-07
2024040703018987,SJLIC,33,8,10.0,499.8,4998.0,2024-04-07
2024040701031243,IHL,21,21,10.0,383.0,3830.0,2024-04-07
2024040701031242,MKCL,29,26,10.0,943.0,9430.0,2024-04-07
2024040704008868,SPDL,42,81,300.0,236.0,70800.0,2024-04-07
2024040703018986,PMLI,42,39,253.0,525.0,132825.0,2024-04-07
2024040703018985,PMLI,42,51,110.0,525.0,57750.0,2024-04-07
2024040703018984,PMLI,42,47,27.0,525.0,14175.0,2024-04-07
2024040703018983,PMLI,42,49,10.0,524.9,5249.0,2024-04-07
2024040701031241,SHIVM,6,14,50.0,520.0,26000.0,2024-04-07
2024040703018982,NICLBSL,32,41,30.0,621.9,18657.0,2024-04-07
2024040703018981,MERO,35,21,147.0,649.0,95403.0,2024-04-07
2024040704008867,PPCL,13,57,10.0,248.0,2480.0,2024-04-07
2024040701031240,SONA,45,25,10.0,475.0,4750.0,2024-04-07
2024040703018980,PMLI,38,41,20.0,522.0,10440.0,2024-04-07
2024040701031239,ILI,56,45,10.0,549.8,5498.0,2024-04-07
2024040701031238,PPL,62,29,255.0,556.4,141882.0,2024-04-07
2024040701031237,PPL,62,72,10.0,556.4,5564.0,2024-04-07
2024040701031236,PPL,62,25,500.0,556.0,278000.0,2024-04-07
2024040701031235,PPL,62,39,30.0,556.0,16680.0,2024-04-07
2024040701031234,PPL,62,41,60.0,556.0,33360.0,2024-04-07
2024040701031233,PPL,62,59,10.0,556.0,5560.0,2024-04-07
2024040701031232,PPL,62,16,10.0,556.0,5560.0,2024-04-07
2024040701031231,PPL,62,55,60.0,556.0,33360.0,2024-04-07
2024040701031230,PPL,62,58,17.0,556.0,9452.0,2024-04-07
2024040701031229,PPL,62,49,10.0,556.0,5560.0,2024-04-07
2024040701031228,PPL,62,74,100.0,556.0,55600.0,2024-04-07
2024040701031227,PPL,62,42,75.0,556.0,41700.0,2024-04-07
2024040701031226,PPL,62,52,197.0,556.0,109532.0,2024-04-07
2024040701031225,PPL,62,57,10.0,555.9,5559.0,2024-04-07
2024040701031224,PPL,62,69,16.0,555.9,8894.4,2024-04-07
2024040701031223,PPL,62,34,10.0,555.0,5550.0,2024-04-07
2024040701031222,PPL,62,58,10.0,555.0,5550.0,2024-04-07
2024040701031221,PPL,62,16,90.0,555.0,49950.0,2024-04-07
2024040701031220,PPL,62,58,100.0,555.0,55500.0,2024-04-07
2024040701031219,PPL,62,19,10.0,555.0,5550.0,2024-04-07
2024040701031218,PPL,62,49,160.0,555.0,88800.0,2024-04-07
2024040701031217,PPL,62,43,10.0,555.0,5550.0,2024-04-07
2024040701031216,PPL,62,51,10.0,555.0,5550.0,2024-04-07
2024040701031215,PPL,62,8,10.0,555.0,5550.0,2024-04-07
2024040701031214,PPL,62,17,50.0,554.3,27715.0,2024-04-07
2024040701031213,PPL,62,47,10.0,554.1,5541.0,2024-04-07
2024040701031212,PPL,62,46,10.0,553.9,5539.0,2024-04-07
2024040701031211,PPL,62,83,10.0,553.0,5530.0,2024-04-07
2024040701031210,PPL,62,25,150.0,553.0,82950.0,2024-04-07
2024040703018979,GLBSL,62,32,24.0,2173.6,52166.4,2024-04-07
2024040703018978,GLBSL,62,57,30.0,2172.0,65160.0,2024-04-07
2024040703018977,GLBSL,62,74,100.0,2160.0,216000.0,2024-04-07
2024040703018976,GLBSL,62,17,50.0,2022.0,101100.0,2024-04-07
2024040703018975,GLBSL,62,16,31.0,1985.0,61535.0,2024-04-07
2024040703018974,GLBSL,62,29,100.0,1985.0,198500.0,2024-04-07
2024040703018973,GLBSL,62,17,20.0,1984.9,39698.0,2024-04-07
2024040703018972,GLBSL,62,33,200.0,1984.0,396800.0,2024-04-07
2024040703018971,GLBSL,62,35,15.0,1984.0,29760.0,2024-04-07
2024040701031209,BEDC,16,4,10.0,362.0,3620.0,2024-04-07
2024040701031208,BEDC,16,59,10.0,362.0,3620.0,2024-04-07
2024040701031207,BEDC,16,36,10.0,362.0,3620.0,2024-04-07
2024040701031206,BEDC,16,45,20.0,362.0,7240.0,2024-04-07
2024040703018970,BFC,48,38,100.0,360.0,36000.0,2024-04-07
2024040704008866,SSHL,38,28,258.0,160.8,41486.4,2024-04-07
2024040704008865,SSHL,38,58,242.0,160.7,38889.4,2024-04-07
2024040704008864,SSHL,38,4,1000.0,160.6,160600.0,2024-04-07
2024040704008863,SSHL,38,6,500.0,160.5,80250.0,2024-04-07
2024040701031205,RHGCL,52,53,150.0,315.0,47250.0,2024-04-07
2024040705004788,HRL,11,94,10.0,596.5,5965.0,2024-04-07
2024040701031204,NBL,84,84,19808.0,214.0,4238912.0,2024-04-07
2024040701031203,NBL,84,51,192.0,213.9,41068.8,2024-04-07
2024040701031202,DORDI,36,34,10.0,429.0,4290.0,2024-04-07
2024040703018969,MPFL,39,49,86.0,385.9,33187.4,2024-04-07
2024040703018968,HLI,55,17,73.0,404.0,29492.0,2024-04-07
2024040705004787,CHDC,35,5,200.0,886.2,177240.0,2024-04-07
2024040701031201,NBL,57,64,187.0,213.5,39924.5,2024-04-07
2024040701031200,NBL,48,64,13.0,213.7,2778.1,2024-04-07
2024040703018967,BFC,58,7,10.0,360.0,3600.0,2024-04-07
2024040705004786,HRL,11,45,30.0,596.5,17895.0,2024-04-07
2024040703018966,GLBSL,45,35,85.0,1984.0,168640.0,2024-04-07
2024040703018965,GLBSL,45,58,121.0,1984.0,240064.0,2024-04-07
2024040703018964,GLBSL,45,28,59.0,1984.0,117056.0,2024-04-07
2024040703018963,GLBSL,45,58,13.0,1984.0,25792.0,2024-04-07
2024040703018962,GLBSL,45,19,10.0,1984.0,19840.0,2024-04-07
2024040703018961,GLBSL,45,55,50.0,1983.8,99190.0,2024-04-07
2024040703018960,GLBSL,45,4,13.0,1983.0,25779.0,2024-04-07
2024040703018959,GLBSL,45,14,29.0,1983.0,57507.0,2024-04-07
2024040703018958,GLBSL,45,43,10.0,1980.1,19801.0,2024-04-07
2024040703018957,GLBSL,45,8,10.0,1947.0,19470.0,2024-04-07
2024040703018956,GLBSL,45,33,200.0,1945.2,389040.0,2024-04-07
2024040701031199,HHL,45,39,10.0,384.0,3840.0,2024-04-07
2024040701031198,AVYAN,45,42,10.0,698.0,6980.0,2024-04-07
2024040701031197,BNHC,32,39,334.0,505.0,168670.0,2024-04-07
2024040701031196,BNHC,32,7,200.0,496.0,99200.0,2024-04-07
2024040701031195,BNHC,32,44,50.0,490.0,24500.0,2024-04-07
2024040701031194,BNHC,32,38,20.0,489.0,9780.0,2024-04-07
2024040701031193,BNHC,32,16,100.0,488.5,48850.0,2024-04-07
2024040701031192,BNHC,32,58,20.0,486.5,9730.0,2024-04-07
2024040701031191,BNHC,32,61,276.0,484.8,133804.8,2024-04-07
2024040701031190,NYADI,65,32,490.0,320.0,156800.0,2024-04-07
2024040701031189,NYADI,65,38,10.0,316.5,3165.0,2024-04-07
2024040701031188,NYADI,65,50,500.0,316.0,158000.0,2024-04-07
2024040703018955,WNLB,35,48,60.0,1679.0,100740.0,2024-04-07
2024040703018954,WNLB,35,71,40.0,1675.0,67000.0,2024-04-07
2024040703018953,GFCL,25,35,350.0,482.0,168700.0,2024-04-07
2024040703018952,GFCL,18,35,42.0,482.8,20277.6,2024-04-07
2024040701031187,UHEWA,32,13,20.0,364.0,7280.0,2024-04-07
2024040701031186,UHEWA,32,4,780.0,360.0,280800.0,2024-04-07
2024040701031185,SBL,50,48,39.0,223.0,8697.0,2024-04-07
2024040701031184,SBL,50,40,40.0,222.9,8916.0,2024-04-07
2024040701031183,SBL,50,49,50.0,222.0,11100.0,2024-04-07
2024040701031182,SBL,50,1,21.0,222.0,4662.0,2024-04-07
2024040701031181,KBL,93,32,10.0,137.0,1370.0,2024-04-07
2024040705004785,NTC,17,28,50.0,841.0,42050.0,2024-04-07
2024040705004784,NTC,17,35,34.0,841.0,28594.0,2024-04-07
2024040701031180,MANDU,65,57,10.0,690.0,6900.0,2024-04-07
2024040703018951,SHINE,1,57,100.0,377.0,37700.0,2024-04-07
2024040704008862,JOSHI,34,81,582.0,330.0,192060.0,2024-04-07
2024040704008861,JOSHI,56,81,418.0,330.0,137940.0,2024-04-07
2024040701031179,ULHC,58,35,10.0,340.5,3405.0,2024-04-07
2024040701031178,SHIVM,58,14,30.0,520.0,15600.0,2024-04-07
2024040703018950,SAPDBL,51,56,330.0,306.1,101013.0,2024-04-07
2024040703018949,SAPDBL,34,56,10.0,306.6,3066.0,2024-04-07
2024040703018948,SAPDBL,22,56,40.0,306.6,12264.0,2024-04-07
2024040701031177,SHIVM,42,18,300.0,519.0,155700.0,2024-04-07
2024040704008860,IGI,38,88,500.0,536.5,268250.0,2024-04-07
2024040701031176,SRLI,38,35,268.0,459.0,123012.0,2024-04-07
2024040701031175,SRLI,38,17,40.0,458.0,18320.0,2024-04-07
2024040701031174,SRLI,38,46,100.0,457.0,45700.0,2024-04-07
2024040701031173,SRLI,38,11,50.0,456.9,22845.0,2024-04-07
2024040701031172,SRLI,38,32,42.0,456.9,19189.8,2024-04-07
2024040704008859,RBCL,13,38,10.0,13150.5,131505.0,2024-04-07
2024040703018947,SJLIC,38,8,30.0,499.8,14994.0,2024-04-07
2024040703018946,SJLIC,76,8,70.0,499.8,34986.0,2024-04-07
2024040704008858,GHL,21,8,500.0,152.0,76000.0,2024-04-07
2024040703018945,SFCL,10,21,35.0,334.6,11711.0,2024-04-07
2024040703018944,SFCL,42,21,250.0,334.6,83650.0,2024-04-07
2024040703018943,SFCL,41,21,20.0,334.9,6698.0,2024-04-07
2024040703018942,SFCL,38,21,100.0,335.0,33500.0,2024-04-07
2024040703018941,SFCL,38,21,35.0,335.0,11725.0,2024-04-07
2024040703018940,SFCL,32,21,150.0,335.0,50250.0,2024-04-07
2024040703018939,SFCL,35,21,150.0,335.0,50250.0,2024-04-07
2024040701031171,SONA,21,65,735.0,477.0,350595.0,2024-04-07
2024040701031170,SONA,21,35,500.0,477.0,238500.0,2024-04-07
2024040701031169,SONA,21,50,200.0,477.0,95400.0,2024-04-07
2024040701031168,SONA,21,51,185.0,477.0,88245.0,2024-04-07
2024040701031167,SONA,21,67,300.0,476.9,143070.0,2024-04-07
2024040701031166,SONA,21,50,80.0,476.0,38080.0,2024-04-07
2024040701031165,USHEC,29,42,10.0,373.0,3730.0,2024-04-07
2024040701031164,MEL,29,10,51.0,221.9,11316.9,2024-04-07
2024040701031163,MEL,29,58,10.0,221.8,2218.0,2024-04-07
2024040701031162,MEL,29,47,10.0,221.7,2217.0,2024-04-07
2024040701031161,MEL,29,54,29.0,221.6,6426.4,2024-04-07
2024040704008857,PMHPL,26,42,20.0,237.0,4740.0,2024-04-07
2024040703018938,ILBS,44,57,25.0,964.0,24100.0,2024-04-07
2024040703018937,ILBS,44,53,25.0,963.0,24075.0,2024-04-07
2024040703018936,CFCL,44,42,20.0,362.0,7240.0,2024-04-07
2024040701031160,AHL,6,65,30.0,440.0,13200.0,2024-04-07
2024040701031159,MAKAR,4,22,315.0,394.9,124393.5,2024-04-07
2024040701031158,MAKAR,4,57,10.0,393.0,3930.0,2024-04-07
2024040701031157,MAKAR,4,32,10.0,392.8,3928.0,2024-04-07
2024040701031156,MAKAR,4,58,10.0,392.7,3927.0,2024-04-07
2024040701031155,MAKAR,4,3,10.0,392.7,3927.0,2024-04-07
2024040701031154,MAKAR,4,45,200.0,392.7,78540.0,2024-04-07
2024040701031153,MAKAR,4,56,10.0,392.7,3927.0,2024-04-07
2024040701031152,MAKAR,4,32,10.0,392.7,3927.0,2024-04-07
2024040701031151,MAKAR,4,1,10.0,392.0,3920.0,2024-04-07
2024040701031150,MAKAR,4,16,370.0,392.0,145040.0,2024-04-07
2024040701031149,MAKAR,4,22,10.0,392.0,3920.0,2024-04-07
2024040701031148,MAKAR,4,49,10.0,390.0,3900.0,2024-04-07
2024040701031147,MAKAR,4,48,10.0,390.0,3900.0,2024-04-07
2024040701031146,MAKAR,4,35,15.0,390.0,5850.0,2024-04-07
2024040703018935,CORBL,1,45,10.0,438.9,4389.0,2024-04-07
2024040703018934,GILB,57,35,170.0,980.3,166651.0,2024-04-07
2024040701031145,DLBS,51,32,50.0,1255.0,62750.0,2024-04-07
2024040701031144,DLBS,10,32,100.0,1255.0,125500.0,2024-04-07
2024040701031143,DLBS,51,32,50.0,1255.0,62750.0,2024-04-07
2024040704008856,RADHI,34,32,223.0,238.1,53096.3,2024-04-07
2024040703018933,SWMF,81,32,12.0,780.0,9360.0,2024-04-07
2024040701031142,TVCL,32,64,10.0,480.0,4800.0,2024-04-07
2024040703018932,FMDBL,14,17,10.0,637.0,6370.0,2024-04-07
2024040703018931,NICLBSL,39,56,15.0,621.5,9322.5,2024-04-07
2024040701031141,SARBTM,56,28,10.0,881.0,8810.0,2024-04-07
2024040703018930,KSBBL,38,60,50.0,357.9,17895.0,2024-04-07
2024040701031140,LSL,38,49,10.0,153.0,1530.0,2024-04-07
2024040701031139,TVCL,94,64,20.0,480.0,9600.0,2024-04-07
2024040703018929,ILBS,49,62,500.0,963.0,481500.0,2024-04-07
2024040704008855,RHPL,82,83,315.0,280.0,88200.0,2024-04-07
2024040704008854,BPCL,55,21,20.0,297.8,5956.0,2024-04-07
2024040703018928,PROFL,51,49,50.0,326.0,16300.0,2024-04-07
2024040703018927,PROFL,51,65,110.0,326.0,35860.0,2024-04-07
2024040705004783,NRIC,6,28,80.0,725.0,58000.0,2024-04-07
2024040705004782,NRIC,6,35,20.0,725.0,14500.0,2024-04-07
2024040705004781,NRIC,6,57,25.0,725.0,18125.0,2024-04-07
2024040705004780,NRIC,6,21,100.0,725.0,72500.0,2024-04-07
2024040705004779,NRIC,6,33,500.0,724.3,362150.0,2024-04-07
2024040705004778,NRIC,6,35,14.0,724.2,10138.8,2024-04-07
2024040705004777,NRIC,6,41,64.0,724.2,46348.8,2024-04-07
2024040705004776,NRIC,6,49,64.0,724.2,46348.8,2024-04-07
2024040705004775,NRIC,6,57,51.0,724.0,36924.0,2024-04-07
2024040705004774,NRIC,6,49,40.0,724.0,28960.0,2024-04-07
2024040705004773,NRIC,6,57,12.0,724.0,8688.0,2024-04-07
2024040705004772,NRIC,6,6,30.0,723.9,21717.0,2024-04-07
2024040701031138,NMB,45,38,94.0,175.9,16534.6,2024-04-07
2024040701031137,AHL,22,65,70.0,440.0,30800.0,2024-04-07
2024040701031136,KBL,13,32,10.0,137.0,1370.0,2024-04-07
2024040701031135,SONA,58,50,50.0,476.0,23800.0,2024-04-07
2024040701031134,SONA,49,50,10.0,476.0,4760.0,2024-04-07
2024040701031133,SONA,46,50,60.0,476.0,28560.0,2024-04-07
2024040701031132,NICA,50,35,40.0,397.0,15880.0,2024-04-07
2024040701031131,ULBSL,50,28,16.0,1400.0,22400.0,2024-04-07
2024040701031130,PHCL,39,58,10.0,310.0,3100.0,2024-04-07
2024040704008853,UNHPL,58,41,10.0,232.0,2320.0,2024-04-07
2024040701031129,HATHY,84,10,188.0,888.0,166944.0,2024-04-07
2024040701031128,HATHY,84,45,22.0,888.0,19536.0,2024-04-07
2024040701031127,HATHY,84,45,40.0,888.0,35520.0,2024-04-07
2024040701031126,SNLI,49,58,10.0,604.0,6040.0,2024-04-07
2024040703018926,MPFL,34,49,10.0,385.9,3859.0,2024-04-07
2024040703018925,MERO,45,21,30.0,649.0,19470.0,2024-04-07
2024040704008852,UPPER,55,10,50.0,170.8,8540.0,2024-04-07
2024040703018924,SIFC,26,34,10.0,382.0,3820.0,2024-04-07
2024040703018923,ILBS,45,44,30.0,951.0,28530.0,2024-04-07
2024040703018922,ILBS,41,44,10.0,952.0,9520.0,2024-04-07
2024040703018921,ILBS,39,44,10.0,962.0,9620.0,2024-04-07
2024040703018920,MLBBL,42,45,40.0,1015.0,40600.0,2024-04-07
2024040703018919,MLBBL,59,45,60.0,1015.0,60900.0,2024-04-07
2024040704008851,NICL,32,47,12.0,850.0,10200.0,2024-04-07
2024040704008850,SGIC,57,38,50.0,532.0,26600.0,2024-04-07
2024040703018918,SKBBL,65,62,100.0,835.0,83500.0,2024-04-07
2024040701031125,PPL,58,25,50.0,553.0,27650.0,2024-04-07
2024040701031124,PPL,58,19,10.0,553.0,5530.0,2024-04-07
2024040701031123,PPL,58,11,10.0,552.8,5528.0,2024-04-07
2024040701031122,PPL,58,58,15.0,552.0,8280.0,2024-04-07
2024040701031121,PPL,58,35,10.0,551.0,5510.0,2024-04-07
2024040701031120,PPL,58,35,10.0,550.3,5503.0,2024-04-07
2024040701031119,PPL,58,45,10.0,550.0,5500.0,2024-04-07
2024040701031118,PPL,58,28,10.0,550.0,5500.0,2024-04-07
2024040701031117,PPL,58,29,250.0,550.0,137500.0,2024-04-07
2024040701031116,PPL,58,38,10.0,550.0,5500.0,2024-04-07
2024040701031115,PPL,58,21,45.0,550.0,24750.0,2024-04-07
2024040701031114,PPL,58,11,20.0,550.0,11000.0,2024-04-07
2024040701031113,PPL,58,13,10.0,550.0,5500.0,2024-04-07
2024040701031112,PPL,58,49,10.0,550.0,5500.0,2024-04-07
2024040701031111,PPL,58,58,10.0,550.0,5500.0,2024-04-07
2024040701031110,PPL,58,34,10.0,550.0,5500.0,2024-04-07
2024040701031109,PPL,58,26,10.0,550.0,5500.0,2024-04-07
2024040701031108,PPL,58,39,10.0,550.0,5500.0,2024-04-07
2024040701031107,PPL,58,51,10.0,550.0,5500.0,2024-04-07
2024040701031106,PPL,58,34,10.0,550.0,5500.0,2024-04-07
2024040701031105,PPL,58,44,10.0,550.0,5500.0,2024-04-07
2024040701031104,PPL,58,21,10.0,550.0,5500.0,2024-04-07
2024040701031103,PPL,58,17,300.0,550.0,165000.0,2024-04-07
2024040701031102,PPL,58,41,10.0,550.0,5500.0,2024-04-07
2024040701031101,PPL,58,42,10.0,550.0,5500.0,2024-04-07
2024040701031100,PPL,58,77,10.0,550.0,5500.0,2024-04-07
2024040701031099,PPL,58,56,110.0,550.0,60500.0,2024-04-07
2024040701031098,PPL,58,45,10.0,550.0,5500.0,2024-04-07
2024040701031097,PRVU,34,58,100.0,139.0,13900.0,2024-04-07
2024040701031096,BHDC,49,41,10.0,470.2,4702.0,2024-04-07
2024040704008849,DHPL,49,49,100.0,195.0,19500.0,2024-04-07
2024040703018917,ALBSL,49,35,10.0,759.0,7590.0,2024-04-07
2024040703018916,ALBSL,49,41,10.0,757.0,7570.0,2024-04-07
2024040703018915,ALBSL,49,58,10.0,755.1,7551.0,2024-04-07
2024040703018914,ALBSL,49,7,10.0,755.0,7550.0,2024-04-07
2024040703018913,ALBSL,49,34,10.0,752.0,7520.0,2024-04-07
2024040705004771,BBC,5,8,15.0,3785.0,56775.0,2024-04-07
2024040703018912,EDBL,55,49,20.0,356.0,7120.0,2024-04-07
2024040703018911,EDBL,55,56,53.0,356.0,18868.0,2024-04-07
2024040704008848,HEI,66,22,19.0,580.0,11020.0,2024-04-07
2024040704008847,HEI,66,59,28.0,580.0,16240.0,2024-04-07
2024040704008846,HEI,66,32,200.0,580.0,116000.0,2024-04-07
2024040704008845,HEI,66,58,35.0,580.0,20300.0,2024-04-07
2024040703018910,MERO,45,88,100.0,649.0,64900.0,2024-04-07
2024040701031095,TAMOR,44,50,10.0,383.0,3830.0,2024-04-07
2024040701031094,TAMOR,44,48,250.0,383.0,95750.0,2024-04-07
2024040701031093,TAMOR,44,44,90.0,383.0,34470.0,2024-04-07
2024040705004770,HRL,11,42,20.0,596.5,11930.0,2024-04-07
2024040701031092,MKLB,44,16,120.0,1008.9,121068.0,2024-04-07
2024040701031091,MKLB,44,32,40.0,1008.7,40348.0,2024-04-07
2024040701031090,MKLB,44,38,30.0,1008.5,30255.0,2024-04-07
2024040701031089,MKLB,44,21,10.0,1007.0,10070.0,2024-04-07
2024040701031088,HDL,3,52,20.0,1495.0,29900.0,2024-04-07
2024040704008844,SJCL,82,6,10.0,279.0,2790.0,2024-04-07
2024040701031087,BHL,45,45,10.0,346.0,3460.0,2024-04-07
2024040701031086,BHL,45,1,10.0,344.0,3440.0,2024-04-07
2024040703018909,MFIL,45,25,10.0,522.0,5220.0,2024-04-07
2024040703018908,SKBBL,65,17,100.0,835.0,83500.0,2024-04-07
2024040703018907,SJLIC,48,49,100.0,500.0,50000.0,2024-04-07
2024040704008843,SPDL,5,81,200.0,235.0,47000.0,2024-04-07
2024040704008842,SPDL,42,81,100.0,235.2,23520.0,2024-04-07
2024040704008841,SPDL,49,81,200.0,235.4,47080.0,2024-04-07
2024040704008840,PPCL,14,57,40.0,248.0,9920.0,2024-04-07
2024040703018906,GFCL,18,55,50.0,482.8,24140.0,2024-04-07
2024040703018905,FMDBL,62,28,10.0,638.8,6388.0,2024-04-07
2024040704008839,HDHPC,38,34,29.0,135.0,3915.0,2024-04-07
2024040701031085,NRM,4,38,100.0,377.0,37700.0,2024-04-07
2024040704008838,AKPL,47,49,399.0,174.0,69426.0,2024-04-07
2024040704008837,AKPL,47,33,49.0,174.0,8526.0,2024-04-07
2024040703018904,SJLIC,76,58,130.0,499.8,64974.0,2024-04-07
2024040703018903,SJLIC,54,58,13.0,499.8,6497.4,2024-04-07
2024040704008836,GHL,21,38,360.0,152.0,54720.0,2024-04-07
2024040704008835,GHL,21,58,150.0,152.0,22800.0,2024-04-07
2024040704008834,GHL,21,38,1000.0,152.0,152000.0,2024-04-07
2024040704008833,GHL,21,58,225.0,152.0,34200.0,2024-04-07
2024040704008832,GHL,21,41,300.0,152.0,45600.0,2024-04-07
2024040704008831,GHL,21,59,1000.0,152.0,152000.0,2024-04-07
2024040704008830,GHL,21,52,100.0,152.0,15200.0,2024-04-07
2024040704008829,GHL,21,58,1100.0,152.0,167200.0,2024-04-07
2024040704008828,GHL,21,35,30.0,152.0,4560.0,2024-04-07
2024040704008827,GHL,21,19,580.0,152.0,88160.0,2024-04-07
2024040704008826,GHL,21,55,500.0,152.0,76000.0,2024-04-07
2024040704008825,GHL,21,49,180.0,151.9,27342.0,2024-04-07
2024040703018902,GUFL,41,19,30.0,883.0,26490.0,2024-04-07
2024040701031084,SRLI,8,29,10.0,446.3,4463.0,2024-04-07
2024040701031083,CLI,50,22,11.0,465.0,5115.0,2024-04-07
2024040701031082,UNLB,88,48,15.0,1677.9,25168.5,2024-04-07
2024040701031081,UNLB,88,38,10.0,1677.9,16779.0,2024-04-07
2024040701031080,UNLB,88,50,10.0,1675.0,16750.0,2024-04-07
2024040701031079,UNLB,88,57,10.0,1670.8,16708.0,2024-04-07
2024040701031078,UNLB,88,38,10.0,1670.8,16708.0,2024-04-07
2024040701031077,UNLB,88,22,40.0,1670.0,66800.0,2024-04-07
2024040701031076,UNLB,88,32,10.0,1668.7,16687.0,2024-04-07
2024040701031075,UNLB,88,74,64.0,1667.7,106732.8,2024-04-07
2024040701031074,UNLB,88,34,10.0,1667.0,16670.0,2024-04-07
2024040701031073,UNLB,88,17,20.0,1667.0,33340.0,2024-04-07
2024040703018901,SDLBSL,5,7,10.0,766.2,7662.0,2024-04-07
2024040701031072,TPC,88,26,10.0,529.0,5290.0,2024-04-07
2024040701031071,TPC,88,51,10.0,525.0,5250.0,2024-04-07
2024040705004769,CIT,41,7,10.0,2109.0,21090.0,2024-04-07
2024040705004768,CIT,17,7,20.0,2109.0,42180.0,2024-04-07
2024040705004767,CIT,26,7,22.0,2109.0,46398.0,2024-04-07
2024040703018900,NADEP,42,22,34.0,705.0,23970.0,2024-04-07
2024040701031070,RFPL,50,42,10.0,380.3,3803.0,2024-04-07
2024040704008824,SICL,38,59,30.0,695.0,20850.0,2024-04-07
2024040704008823,BARUN,25,75,10.0,238.0,2380.0,2024-04-07
2024040704008822,BARUN,34,75,700.0,238.0,166600.0,2024-04-07
2024040704008821,BARUN,16,75,100.0,238.0,23800.0,2024-04-07
2024040704008820,BARUN,25,75,100.0,238.0,23800.0,2024-04-07
2024040704008819,BARUN,25,75,90.0,238.0,21420.0,2024-04-07
2024040701031069,MEHL,41,17,151.0,312.0,47112.0,2024-04-07
2024040701031068,MEHL,41,48,10.0,312.0,3120.0,2024-04-07
2024040701031067,MEHL,41,42,10.0,311.0,3110.0,2024-04-07
2024040701031066,MEHL,41,74,129.0,310.0,39990.0,2024-04-07
2024040704008818,CGH,56,36,55.0,820.0,45100.0,2024-04-07
2024040704008817,CGH,56,34,115.0,819.0,94185.0,2024-04-07
2024040704008816,CGH,56,52,30.0,818.9,24567.0,2024-04-07
2024040705004766,NRN,56,42,450.0,525.0,236250.0,2024-04-07
2024040705004765,NRN,56,21,10.0,525.0,5250.0,2024-04-07
2024040705004764,NRN,56,42,10.0,525.0,5250.0,2024-04-07
2024040705004763,NRN,56,57,10.0,525.0,5250.0,2024-04-07
2024040705004762,NRN,56,41,10.0,525.0,5250.0,2024-04-07
2024040705004761,NRN,56,49,10.0,525.0,5250.0,2024-04-07
2024040703018899,LBBL,49,25,30.0,381.6,11448.0,2024-04-07
2024040704008815,KPCL,25,25,74.0,401.6,29718.4,2024-04-07
2024040704008814,KPCL,59,25,120.0,401.7,48204.0,2024-04-07
2024040704008813,KPCL,50,25,100.0,403.2,40320.0,2024-04-07
2024040704008812,KPCL,21,25,100.0,403.3,40330.0,2024-04-07
2024040704008811,KPCL,6,25,31.0,403.4,12505.4,2024-04-07
2024040701031065,HATHY,52,47,10.0,885.0,8850.0,2024-04-07
2024040703018898,SIFC,88,58,90.0,381.2,34308.0,2024-04-07
2024040703018897,SIFC,53,58,100.0,381.3,38130.0,2024-04-07
2024040701031064,NBL,58,84,100.0,214.0,21400.0,2024-04-07
2024040704008810,PPCL,45,33,50.0,246.4,12320.0,2024-04-07
2024040701031063,TAMOR,29,52,10.0,379.1,3791.0,2024-04-07
2024040701031062,MKCL,29,26,10.0,943.0,9430.0,2024-04-07
2024040704008809,RURU,34,95,100.0,637.5,63750.0,2024-04-07
2024040704008808,RURU,34,95,100.0,638.0,63800.0,2024-04-07
2024040704008807,RURU,49,95,50.0,638.0,31900.0,2024-04-07
2024040704008806,RURU,33,95,50.0,638.0,31900.0,2024-04-07
2024040704008805,RURU,42,95,100.0,638.1,63810.0,2024-04-07
2024040704008804,RURU,34,95,60.0,640.0,38400.0,2024-04-07
2024040701031061,ULHC,58,13,50.0,337.0,16850.0,2024-04-07
2024040704008803,SHEL,21,48,190.0,188.0,35720.0,2024-04-07
2024040704008802,SHEL,29,48,40.0,188.1,7524.0,2024-04-07
2024040704008801,LEC,11,82,300.0,182.2,54660.0,2024-04-07
2024040703018896,NMBMF,34,64,10.0,619.6,6196.0,2024-04-07
2024040703018895,BFC,58,42,137.0,360.0,49320.0,2024-04-07
2024040703018894,BFC,17,42,13.0,360.0,4680.0,2024-04-07
2024040703018893,GUFL,41,45,145.0,883.0,128035.0,2024-04-07
2024040703018892,GUFL,57,45,20.0,883.2,17664.0,2024-04-07
2024040704008800,API,35,36,500.0,174.2,87100.0,2024-04-07
2024040704008799,API,35,38,320.0,174.2,55744.0,2024-04-07
2024040701031060,ILI,38,35,10.0,549.0,5490.0,2024-04-07
2024040704008798,AKPL,17,33,751.0,174.0,130674.0,2024-04-07
2024040704008797,AKPL,17,21,55.0,174.0,9570.0,2024-04-07
2024040704008796,AKPL,17,25,10.0,174.0,1740.0,2024-04-07
2024040704008795,AKPL,17,8,134.0,174.0,23316.0,2024-04-07
2024040703018891,GUFL,41,41,100.0,883.0,88300.0,2024-04-07
2024040701031059,SRLI,38,32,58.0,456.9,26500.2,2024-04-07
2024040701031058,SRLI,38,17,10.0,455.0,4550.0,2024-04-07
2024040701031057,SRLI,38,13,20.0,455.0,9100.0,2024-04-07
2024040701031056,SRLI,38,29,10.0,454.1,4541.0,2024-04-07
2024040701031055,SRLI,38,45,10.0,454.0,4540.0,2024-04-07
2024040701031054,SRLI,38,81,100.0,454.0,45400.0,2024-04-07
2024040701031053,SRLI,38,10,40.0,454.0,18160.0,2024-04-07
2024040701031052,SRLI,38,45,11.0,454.0,4994.0,2024-04-07
2024040701031051,SRLI,38,42,10.0,453.9,4539.0,2024-04-07
2024040701031050,SRLI,38,36,10.0,453.9,4539.0,2024-04-07
2024040701031049,SRLI,38,32,10.0,453.9,4539.0,2024-04-07
2024040701031048,SRLI,38,62,20.0,453.9,9078.0,2024-04-07
2024040701031047,SRLI,38,32,100.0,453.0,45300.0,2024-04-07
2024040701031046,SRLI,38,35,10.0,453.0,4530.0,2024-04-07
2024040701031045,SRLI,38,22,10.0,452.8,4528.0,2024-04-07
2024040701031044,SRLI,38,70,71.0,452.0,32092.0,2024-04-07
2024040701031043,ILI,38,58,10.0,549.0,5490.0,2024-04-07
2024040703018890,SJLIC,33,49,100.0,500.0,50000.0,2024-04-07
2024040703018889,PROFL,58,65,50.0,326.0,16300.0,2024-04-07
2024040705004760,HRL,11,19,100.0,596.5,59650.0,2024-04-07
2024040701031042,CITY,6,55,10.0,599.0,5990.0,2024-04-07
2024040704008794,SJCL,82,26,200.0,279.0,55800.0,2024-04-07
2024040704008793,CHCL,49,29,65.0,453.0,29445.0,2024-04-07
2024040704008792,CHCL,32,29,10.0,453.0,4530.0,2024-04-07
2024040703018888,WNLB,1,7,50.0,1445.0,72250.0,2024-04-07
2024040703018887,KMCDB,46,44,90.0,771.0,69390.0,2024-04-07
2024040703018886,KMCDB,5,44,10.0,772.0,7720.0,2024-04-07
2024040703018885,KMCDB,45,44,100.0,775.0,77500.0,2024-04-07
2024040701031041,MKLB,44,43,11.0,1000.0,11000.0,2024-04-07
2024040703018884,FOWAD,38,59,10.0,1140.0,11400.0,2024-04-07
2024040701031040,CITY,6,20,10.0,599.0,5990.0,2024-04-07
2024040701031039,SHIVM,50,25,1000.0,519.9,519900.0,2024-04-07
2024040704008791,NGPL,17,48,17.0,299.9,5098.3,2024-04-07
2024040703018883,MLBSL,53,60,50.0,1779.6,88980.0,2024-04-07
2024040703018882,WNLB,1,37,147.0,1445.0,212415.0,2024-04-07
2024040703018881,WNLB,58,37,20.0,1450.0,29000.0,2024-04-07
2024040703018880,WNLB,41,37,33.0,1452.0,47916.0,2024-04-07
2024040701031038,CKHL,39,57,600.0,534.0,320400.0,2024-04-07
2024040703018879,ICFC,49,41,19.0,518.9,9859.1,2024-04-07
2024040701031037,GCIL,35,58,59.0,513.1,30272.9,2024-04-07
2024040701031036,GCIL,13,58,39.0,514.0,20046.0,2024-04-07
2024040701031035,GCIL,41,58,120.0,514.5,61740.0,2024-04-07
2024040701031034,GCIL,5,58,56.0,515.0,28840.0,2024-04-07
2024040701031033,GCIL,1,58,25.0,515.0,12875.0,2024-04-07
2024040701031032,GCIL,34,58,201.0,516.0,103716.0,2024-04-07
2024040701031031,MKHL,58,58,10.0,430.0,4300.0,2024-04-07
2024040704008790,UPPER,59,26,40.0,170.0,6800.0,2024-04-07
2024040701031030,USHEC,44,42,20.0,373.0,7460.0,2024-04-07
2024040701031029,USHEC,44,58,50.0,372.9,18645.0,2024-04-07
2024040701031028,USHEC,44,29,10.0,372.3,3723.0,2024-04-07
2024040701031027,USHEC,44,58,10.0,372.0,3720.0,2024-04-07
2024040701031026,USHEC,44,41,10.0,372.0,3720.0,2024-04-07
2024040701031025,USHEC,44,38,10.0,372.0,3720.0,2024-04-07
2024040701031024,USHEC,44,62,90.0,371.0,33390.0,2024-04-07
2024040703018878,GUFL,41,43,100.0,883.0,88300.0,2024-04-07
2024040704008789,HURJA,51,29,100.0,293.0,29300.0,2024-04-07
2024040703018877,MPFL,44,49,135.0,385.0,51975.0,2024-04-07
2024040703018876,MPFL,44,16,260.0,385.0,100100.0,2024-04-07
2024040701031023,NMB,29,38,100.0,175.9,17590.0,2024-04-07
2024040701031022,SARBTM,56,42,100.0,880.1,88010.0,2024-04-07
2024040704008788,JOSHI,45,81,10.0,332.0,3320.0,2024-04-07
2024040701031021,BNHC,32,61,714.0,484.8,346147.2,2024-04-07
2024040701031020,BNHC,32,57,73.0,484.8,35390.4,2024-04-07
2024040701031019,BNHC,32,44,400.0,484.8,193920.0,2024-04-07
2024040701031018,BNHC,32,49,10.0,483.0,4830.0,2024-04-07
2024040701031017,BNHC,32,21,458.0,482.0,220756.0,2024-04-07
2024040701031016,BNHC,32,25,305.0,481.0,146705.0,2024-04-07
2024040701031015,BNHC,32,42,40.0,480.0,19200.0,2024-04-07
2024040703018875,ICFC,17,41,50.0,518.9,25945.0,2024-04-07
2024040703018874,RLFL,41,19,18.0,378.0,6804.0,2024-04-07
2024040703018873,RLFL,41,19,182.0,378.0,68796.0,2024-04-07
2024040701031014,ILI,77,41,10.0,547.0,5470.0,2024-04-07
2024040701031013,SONA,46,53,10.0,476.0,4760.0,2024-04-07
2024040701031012,SMJC,36,19,80.0,377.9,30232.0,2024-04-07
2024040701031011,SMJC,36,7,80.0,377.0,30160.0,2024-04-07
2024040701031010,SMJC,36,74,100.0,376.0,37600.0,2024-04-07
2024040701031009,HDL,28,54,93.0,1494.0,138942.0,2024-04-07
2024040701031008,KBSH,21,43,10.0,1030.0,10300.0,2024-04-07
2024040703018872,SADBL,17,34,343.0,302.0,103586.0,2024-04-07
2024040703018871,SADBL,17,34,500.0,302.0,151000.0,2024-04-07
2024040703018870,SADBL,42,34,157.0,302.0,47414.0,2024-04-07
2024040703018869,SABSL,52,37,35.0,855.7,29949.5,2024-04-07
2024040704008787,SSHL,20,22,25.0,160.2,4005.0,2024-04-07
2024040701031007,GCIL,34,26,89.0,516.0,45924.0,2024-04-07
2024040704008786,RIDI,22,88,50.0,175.5,8775.0,2024-04-07
2024040704008785,RIDI,42,88,160.0,175.5,28080.0,2024-04-07
2024040703018868,GUFL,41,44,10.0,883.0,8830.0,2024-04-07
2024040701031006,PCBL,42,17,1407.0,190.0,267330.0,2024-04-07
2024040701031005,PCBL,42,35,10.0,190.0,1900.0,2024-04-07
2024040701031004,PCBL,42,7,10.0,190.0,1900.0,2024-04-07
2024040701031003,PCBL,42,45,73.0,190.0,13870.0,2024-04-07
2024040703018867,SHINE,42,42,20.0,377.9,7558.0,2024-04-07
2024040703018866,NLICL,49,74,30.0,561.0,16830.0,2024-04-07
2024040701031002,MANDU,65,6,10.0,690.0,6900.0,2024-04-07
2024040703018865,PROFL,69,65,40.0,326.0,13040.0,2024-04-07
2024040703018864,PROFL,41,65,100.0,326.0,32600.0,2024-04-07
2024040701031001,BHDC,17,13,200.0,469.0,93800.0,2024-04-07
2024040701031000,SBD87,49,45,50.0,990.0,49500.0,2024-04-07
2024040703018863,WNLB,35,71,93.0,1673.0,155589.0,2024-04-07
2024040703018862,KRBL,36,17,50.0,406.0,20300.0,2024-04-07
2024040704008784,NGPL,57,67,80.0,300.0,24000.0,2024-04-07
2024040704008783,NGPL,57,4,20.0,300.0,6000.0,2024-04-07
2024040704008782,NGPL,57,7,400.0,300.0,120000.0,2024-04-07
2024040704008781,NGPL,57,32,500.0,299.9,149950.0,2024-04-07
2024040703018861,ACLBSL,14,7,15.0,781.0,11715.0,2024-04-07
2024040701030999,SARBTM,11,28,10.0,881.0,8810.0,2024-04-07
2024040704008780,CHL,56,41,30.0,299.9,8997.0,2024-04-07
2024040703018860,MPFL,52,39,30.0,383.0,11490.0,2024-04-07
2024040701030998,MAKAR,42,49,10.0,388.0,3880.0,2024-04-07
2024040701030997,AVYAN,52,21,200.0,690.0,138000.0,2024-04-07
2024040701030996,AVYAN,35,21,36.0,691.9,24908.4,2024-04-07
2024040701030995,AVYAN,61,21,33.0,693.0,22869.0,2024-04-07
2024040701030994,AVYAN,45,21,24.0,694.0,16656.0,2024-04-07
2024040701030993,AVYAN,21,21,113.0,694.0,78422.0,2024-04-07
2024040701030992,PPL,21,58,10.0,545.1,5451.0,2024-04-07
2024040704008779,API,58,38,10.0,174.2,1742.0,2024-04-07
2024040704008778,GHL,1,51,100.0,151.6,15160.0,2024-04-07
2024040703018859,MNBBL,42,32,12.0,342.9,4114.8,2024-04-07
2024040701030991,RFPL,1,43,225.0,383.0,86175.0,2024-04-07
2024040703018858,JBBL,45,34,62.0,295.2,18302.4,2024-04-07
2024040701030990,SHIVM,42,32,25.0,519.0,12975.0,2024-04-07
2024040701030989,SHIVM,36,32,500.0,519.0,259500.0,2024-04-07
2024040701030988,SHIVM,49,32,200.0,519.0,103800.0,2024-04-07
2024040701030987,SHIVM,42,32,20.0,519.0,10380.0,2024-04-07
2024040701030986,SHIVM,52,32,50.0,519.0,25950.0,2024-04-07
2024040701030985,SHIVM,17,32,50.0,519.0,25950.0,2024-04-07
2024040701030984,SHIVM,39,32,190.0,519.0,98610.0,2024-04-07
2024040701030983,SHIVM,81,32,500.0,519.0,259500.0,2024-04-07
2024040701030982,SHIVM,26,32,20.0,519.1,10382.0,2024-04-07
2024040701030981,SHIVM,62,32,145.0,519.1,75269.5,2024-04-07
2024040704008777,UPPER,59,35,200.0,170.0,34000.0,2024-04-07
2024040703018857,GUFL,41,35,100.0,883.0,88300.0,2024-04-07
2024040703018856,SFCL,35,51,100.0,335.0,33500.0,2024-04-07
2024040703018855,SFCL,35,21,250.0,335.0,83750.0,2024-04-07
2024040703018854,SFCL,35,41,15.0,335.0,5025.0,2024-04-07
2024040703018853,SFCL,35,52,500.0,335.0,167500.0,2024-04-07
2024040703018852,SFCL,35,41,350.0,335.0,117250.0,2024-04-07
2024040703018851,SFCL,35,3,50.0,334.7,16735.0,2024-04-07
2024040703018850,NFS,41,48,100.0,423.5,42350.0,2024-04-07
2024040701030980,HDL,57,52,77.0,1495.0,115115.0,2024-04-07
2024040703018849,MFIL,53,25,160.0,522.9,83664.0,2024-04-07
2024040703018848,MNBBL,25,32,100.0,342.9,34290.0,2024-04-07
2024040701030979,BGWT,55,85,20.0,599.2,11984.0,2024-04-07
2024040701030978,BGWT,42,85,15.0,600.0,9000.0,2024-04-07
2024040704008776,UMRH,19,53,240.0,348.2,83568.0,2024-04-07
2024040703018847,GMFBS,91,19,10.0,1170.0,11700.0,2024-04-07
2024040703018846,GMFBS,91,45,50.0,1169.0,58450.0,2024-04-07
2024040701030977,SONA,46,49,10.0,476.0,4760.0,2024-04-07
2024040701030976,NABIL,21,62,30.0,438.0,13140.0,2024-04-07
2024040705004759,SEF,94,19,7000.0,7.95,55650.0,2024-04-07
2024040701030975,CLI,50,22,10.0,465.0,4650.0,2024-04-07
2024040704008775,SHPC,26,49,24.0,341.8,8203.2,2024-04-07
2024040703018845,ACLBSL,52,7,50.0,781.0,39050.0,2024-04-07
2024040703018844,SFCL,49,3,50.0,334.8,16740.0,2024-04-07
2024040703018843,BFC,17,7,87.0,360.0,31320.0,2024-04-07
2024040703018842,BFC,7,7,13.0,360.0,4680.0,2024-04-07
2024040703018841,BFC,47,7,200.0,360.1,72020.0,2024-04-07
2024040701030974,SARBTM,4,52,10.0,882.0,8820.0,2024-04-07
2024040701030973,SARBTM,4,34,10.0,882.0,8820.0,2024-04-07
2024040701030972,DLBS,51,58,50.0,1255.0,62750.0,2024-04-07
2024040701030971,DLBS,55,58,21.0,1255.0,26355.0,2024-04-07
2024040701030970,DLBS,34,58,50.0,1255.6,62780.0,2024-04-07
2024040701030969,DLBS,36,58,100.0,1256.0,125600.0,2024-04-07
2024040701030968,DLBS,62,58,20.0,1256.0,25120.0,2024-04-07
2024040701030967,DLBS,58,58,80.0,1256.1,100488.0,2024-04-07
2024040701030966,DLBS,34,58,30.0,1257.0,37710.0,2024-04-07
2024040701030965,VLUCL,33,45,10.0,507.1,5071.0,2024-04-07
2024040701030964,RNLI,45,45,1.0,433.3,433.3,2024-04-07
2024040701030963,NRM,4,45,10.0,377.0,3770.0,2024-04-07
2024040701030962,NRM,53,45,90.0,379.7,34173.0,2024-04-07
2024040703018840,WNLB,41,50,17.0,1452.0,24684.0,2024-04-07
2024040703018839,WNLB,52,50,90.0,1452.2,130698.0,2024-04-07
2024040703018838,WNLB,71,50,75.0,1456.0,109200.0,2024-04-07
2024040703018837,WNLB,34,50,10.0,1485.0,14850.0,2024-04-07
2024040703018836,FOWAD,38,45,100.0,1140.0,114000.0,2024-04-07
2024040701030961,SIKLES,35,55,10.0,511.0,5110.0,2024-04-07
2024040701030960,SIKLES,35,48,100.0,510.0,51000.0,2024-04-07
2024040701030959,SIKLES,35,22,10.0,509.3,5093.0,2024-04-07
2024040704008774,AHPC,35,42,10.0,172.9,1729.0,2024-04-07
2024040701030958,IHL,49,57,300.0,377.0,113100.0,2024-04-07
2024040703018835,VLBS,16,41,100.0,757.0,75700.0,2024-04-07
2024040701030957,HBL,37,26,10.0,184.0,1840.0,2024-04-07
2024040705004758,NMB50,38,49,500.0,9.68,4840.0,2024-04-07
2024040704008773,HDHPC,46,34,125.0,135.0,16875.0,2024-04-07
2024040704008772,HDHPC,46,38,400.0,135.0,54000.0,2024-04-07
2024040704008771,HDHPC,46,45,50.0,135.0,6750.0,2024-04-07
2024040704008770,HDHPC,46,45,500.0,135.0,67500.0,2024-04-07
2024040704008769,HDHPC,46,45,88.0,135.0,11880.0,2024-04-07
2024040704008768,HDHPC,46,57,100.0,135.0,13500.0,2024-04-07
2024040704008767,HDHPC,46,34,737.0,135.0,99495.0,2024-04-07
2024040703018834,RSDC,33,49,71.0,630.0,44730.0,2024-04-07
2024040703018833,RSDC,33,36,239.0,630.0,150570.0,2024-04-07
2024040703018832,RSDC,33,60,120.0,630.0,75600.0,2024-04-07
2024040701030956,ILI,77,52,10.0,547.0,5470.0,2024-04-07
2024040703018831,GUFL,41,52,500.0,883.0,441500.0,2024-04-07
2024040703018830,SWMF,81,43,12.0,780.0,9360.0,2024-04-07
2024040703018829,USLB,75,55,79.0,1745.0,137855.0,2024-04-07
2024040703018828,USLB,75,49,10.0,1745.0,17450.0,2024-04-07
2024040703018827,USLB,75,19,50.0,1745.0,87250.0,2024-04-07
2024040703018826,USLB,75,42,15.0,1745.0,26175.0,2024-04-07
2024040703018825,USLB,75,46,19.0,1745.0,33155.0,2024-04-07
2024040703018824,USLB,75,52,50.0,1744.9,87245.0,2024-04-07
2024040703018823,USLB,75,42,50.0,1744.5,87225.0,2024-04-07
2024040703018822,USLB,75,52,23.0,1744.0,40112.0,2024-04-07
2024040703018821,USLB,75,33,10.0,1744.0,17440.0,2024-04-07
2024040703018820,USLB,75,51,10.0,1744.0,17440.0,2024-04-07
2024040703018819,USLB,75,22,34.0,1744.0,59296.0,2024-04-07
2024040703018818,USLB,75,52,50.0,1744.0,87200.0,2024-04-07
2024040704008766,AKJCL,29,36,300.0,216.0,64800.0,2024-04-07
2024040703018817,PROFL,34,7,200.0,326.1,65220.0,2024-04-07
2024040701030955,NRM,53,45,200.0,379.7,75940.0,2024-04-07
2024040701030954,BNHC,45,42,10.0,480.0,4800.0,2024-04-07
2024040701030953,SAHAS,65,35,10.0,515.0,5150.0,2024-04-07
2024040703018816,NUBL,48,74,10.0,655.0,6550.0,2024-04-07
2024040705004757,NRN,56,38,500.0,524.9,262450.0,2024-04-07
2024040704008765,HDHPC,1,41,195.0,134.8,26286.0,2024-04-07
2024040701030952,CYCL,62,57,37.0,1525.0,56425.0,2024-04-07
2024040701030951,CYCL,62,49,13.0,1525.0,19825.0,2024-04-07
2024040701030950,CYCL,62,39,20.0,1524.9,30498.0,2024-04-07
2024040701030949,CYCL,62,28,30.0,1520.0,45600.0,2024-04-07
2024040703018815,PFL,41,16,100.0,432.3,43230.0,2024-04-07
2024040703018814,CBBL,58,37,16.0,846.5,13544.0,2024-04-07
2024040703018813,MLBL,38,32,42.0,332.5,13965.0,2024-04-07
2024040703018812,SFCL,46,41,200.0,335.0,67000.0,2024-04-07
2024040701030948,HBL,46,26,15.0,184.0,2760.0,2024-04-07
2024040704008764,HDHPC,69,34,50.0,135.0,6750.0,2024-04-07
2024040703018811,SAPDBL,22,39,160.0,306.6,49056.0,2024-04-07
2024040704008763,API,38,43,130.0,174.1,22633.0,2024-04-07
2024040704008762,API,22,43,70.0,174.1,12187.0,2024-04-07
2024040701030947,SMJC,19,44,80.0,375.0,30000.0,2024-04-07
2024040701030946,SMJC,57,44,300.0,375.1,112530.0,2024-04-07
2024040701030945,SMJC,40,44,120.0,375.3,45036.0,2024-04-07
2024040704008761,SGIC,49,42,95.0,532.0,50540.0,2024-04-07
2024040704008760,SGIC,20,42,315.0,532.0,167580.0,2024-04-07
2024040703018810,SJLIC,13,49,460.0,500.0,230000.0,2024-04-07
2024040703018809,SJLIC,13,51,440.0,499.9,219956.0,2024-04-07
2024040701030944,ULHC,58,35,40.0,340.5,13620.0,2024-04-07
2024040701030943,ULHC,58,95,160.0,340.4,54464.0,2024-04-07
2024040701030942,ULHC,58,58,10.0,340.1,3401.0,2024-04-07
2024040701030941,ULHC,58,57,10.0,340.1,3401.0,2024-04-07
2024040701030940,ULHC,58,21,280.0,340.0,95200.0,2024-04-07
2024040703018808,FMDBL,45,51,10.0,638.9,6389.0,2024-04-07
2024040704008759,RIDI,42,35,40.0,175.5,7020.0,2024-04-07
2024040703018807,SWMF,81,17,100.0,780.0,78000.0,2024-04-07
2024040704008758,SHL,57,45,200.0,450.0,90000.0,2024-04-07
2024040705004756,HRL,52,41,10.0,596.9,5969.0,2024-04-07
2024040701030939,IHL,21,21,10.0,383.0,3830.0,2024-04-07
2024040701030938,VLUCL,21,34,280.0,508.0,142240.0,2024-04-07
2024040704008757,KKHC,14,43,30.0,230.0,6900.0,2024-04-07
2024040703018806,ICFC,52,43,100.0,518.0,51800.0,2024-04-07
2024040703018805,ICFC,6,43,359.0,518.0,185962.0,2024-04-07
2024040703018804,ICFC,58,43,18.0,518.0,9324.0,2024-04-07
2024040703018803,ICFC,4,43,20.0,518.1,10362.0,2024-04-07
2024040705004755,NIFRA,21,44,669.0,203.4,136074.6,2024-04-07
2024040705004754,NIFRA,38,44,100.0,203.5,20350.0,2024-04-07
2024040705004753,NIFRA,45,44,100.0,203.5,20350.0,2024-04-07
2024040705004752,NIFRA,13,44,50.0,203.6,10180.0,2024-04-07
2024040705004751,NIFRA,41,44,81.0,203.9,16515.9,2024-04-07
2024040704008756,BARUN,59,74,226.0,238.9,53991.4,2024-04-07
2024040701030937,MCHL,29,13,40.0,358.0,14320.0,2024-04-07
2024040701030936,SGHC,42,52,10.0,315.0,3150.0,2024-04-07
2024040701030935,SMHL,34,22,10.0,444.0,4440.0,2024-04-07
2024040703018802,JBBL,45,34,30.0,295.2,8856.0,2024-04-07
2024040703018801,KRBL,45,25,90.0,406.1,36549.0,2024-04-07
2024040704008755,AHPC,58,42,10.0,172.9,1729.0,2024-04-07
2024040701030934,ILI,77,35,10.0,547.0,5470.0,2024-04-07
2024040701030933,SONA,46,57,10.0,476.0,4760.0,2024-04-07
2024040703018800,GUFL,41,47,2400.0,883.0,2119200.0,2024-04-07
2024040703018799,GLBSL,74,39,200.0,1945.1,389020.0,2024-04-07
2024040703018798,ALICL,49,28,10.0,568.4,5684.0,2024-04-07
2024040703018797,ALICL,49,57,490.0,568.1,278369.0,2024-04-07
2024040703018796,SMB,13,55,10.0,1395.0,13950.0,2024-04-07
2024040701030932,SONA,46,7,100.0,476.0,47600.0,2024-04-07
2024040701030931,SCB,51,7,50.0,515.2,25760.0,2024-04-07
2024040701030930,RFPL,50,3,255.0,380.3,96976.5,2024-04-07
2024040701030929,RFPL,62,3,245.0,380.4,93198.0,2024-04-07
2024040701030928,KDL,29,7,115.0,800.0,92000.0,2024-04-07
2024040701030927,KDL,29,14,10.0,800.0,8000.0,2024-04-07
2024040701030926,KDL,29,57,10.0,800.0,8000.0,2024-04-07
2024040701030925,KDL,29,13,465.0,800.0,372000.0,2024-04-07
2024040701030924,KDL,29,26,100.0,800.0,80000.0,2024-04-07
2024040701030923,KDL,29,49,10.0,800.0,8000.0,2024-04-07
2024040701030922,KDL,29,58,10.0,800.0,8000.0,2024-04-07
2024040701030921,KDL,29,58,10.0,800.0,8000.0,2024-04-07
2024040701030920,KDL,29,62,10.0,800.0,8000.0,2024-04-07
2024040701030919,KDL,29,41,160.0,800.0,128000.0,2024-04-07
2024040701030918,KDL,29,6,10.0,800.0,8000.0,2024-04-07
2024040701030917,KDL,29,7,10.0,800.0,8000.0,2024-04-07
2024040701030916,KDL,29,38,10.0,800.0,8000.0,2024-04-07
2024040701030915,KDL,29,39,20.0,799.0,15980.0,2024-04-07
2024040701030914,KDL,29,22,10.0,798.0,7980.0,2024-04-07
2024040701030913,KDL,29,38,10.0,798.0,7980.0,2024-04-07
2024040701030912,KDL,29,42,30.0,797.0,23910.0,2024-04-07
2024040705004750,HRL,11,42,20.0,596.5,11930.0,2024-04-07
2024040703018795,NLICL,6,34,40.0,562.0,22480.0,2024-04-07
2024040701030911,EBL,42,29,30.0,496.0,14880.0,2024-04-07
2024040701030910,SONA,46,32,10.0,476.0,4760.0,2024-04-07
2024040704008754,SHL,49,45,100.0,449.0,44900.0,2024-04-07
2024040701030909,MBL,42,11,10.0,173.5,1735.0,2024-04-07
2024040701030908,MBL,44,11,231.0,173.5,40078.5,2024-04-07
2024040701030907,NABIL,51,62,10.0,438.0,4380.0,2024-04-07
2024040701030906,NABIL,14,62,63.0,438.0,27594.0,2024-04-07
2024040701030905,NIMB,25,35,20.0,156.0,3120.0,2024-04-07
2024040701030904,HHL,14,39,10.0,384.0,3840.0,2024-04-07
2024040704008753,PRIN,54,83,25.0,799.8,19995.0,2024-04-07
2024040704008752,AKPL,22,8,10.0,174.0,1740.0,2024-04-07
2024040705004749,HRL,44,82,100.0,597.0,59700.0,2024-04-07
2024040701030903,BHL,34,1,490.0,344.0,168560.0,2024-04-07
2024040703018794,GFCL,42,55,50.0,482.8,24140.0,2024-04-07
2024040701030902,CLI,50,55,10.0,465.0,4650.0,2024-04-07
2024040701030901,CLI,50,54,112.0,465.0,52080.0,2024-04-07
2024040701030900,DOLTI,22,32,10.0,446.0,4460.0,2024-04-07
2024040704008751,NICL,45,14,165.0,851.9,140563.5,2024-04-07
2024040704008750,NICL,45,17,35.0,850.0,29750.0,2024-04-07
2024040701030899,USHL,45,43,20.0,495.0,9900.0,2024-04-07
2024040701030898,CLI,45,54,20.0,465.0,9300.0,2024-04-07
2024040704008749,SHPC,58,49,53.0,341.8,18115.4,2024-04-07
2024040704008748,SHPC,58,57,47.0,340.5,16003.5,2024-04-07
2024040704008747,RIDI,35,57,10.0,175.6,1756.0,2024-04-07
2024040703018793,WNLB,35,71,80.0,1673.0,133840.0,2024-04-07
2024040703018792,WNLB,35,71,50.0,1672.0,83600.0,2024-04-07
2024040703018791,WNLB,35,58,60.0,1650.0,99000.0,2024-04-07
2024040703018790,WNLB,35,71,10.0,1545.0,15450.0,2024-04-07
2024040701030897,SMJC,40,58,20.0,375.3,7506.0,2024-04-07
2024040701030896,SMJC,34,58,80.0,375.5,30040.0,2024-04-07
2024040705004748,STC,8,11,37.0,4391.1,162470.7,2024-04-07
2024040701030895,SARBTM,48,36,10.0,880.2,8802.0,2024-04-07
2024040701030894,SARBTM,40,36,20.0,881.0,17620.0,2024-04-07
2024040701030893,SARBTM,17,36,10.0,881.0,8810.0,2024-04-07
2024040701030892,SARBTM,35,36,10.0,881.0,8810.0,2024-04-07
2024040701030891,MKHC,33,46,131.0,329.0,43099.0,2024-04-07
2024040701030890,MKHC,21,46,60.0,329.0,19740.0,2024-04-07
2024040701030889,SRLI,38,70,29.0,452.0,13108.0,2024-04-07
2024040701030888,SRLI,38,43,10.0,452.0,4520.0,2024-04-07
2024040701030887,SRLI,38,52,10.0,452.0,4520.0,2024-04-07
2024040701030886,SRLI,38,34,10.0,452.0,4520.0,2024-04-07
2024040701030885,SRLI,38,34,20.0,451.8,9036.0,2024-04-07
2024040701030884,SRLI,38,11,10.0,451.8,4518.0,2024-04-07
2024040701030883,SRLI,38,37,500.0,451.8,225900.0,2024-04-07
2024040701030882,SRLI,38,11,10.0,451.0,4510.0,2024-04-07
2024040701030881,SRLI,38,58,10.0,451.0,4510.0,2024-04-07
2024040701030880,SRLI,38,49,10.0,451.0,4510.0,2024-04-07
2024040701030879,SRLI,38,59,10.0,451.0,4510.0,2024-04-07
2024040701030878,SRLI,38,45,10.0,451.0,4510.0,2024-04-07
2024040701030877,SRLI,38,48,200.0,451.0,90200.0,2024-04-07
2024040701030876,SRLI,38,33,100.0,450.9,45090.0,2024-04-07
2024040701030875,SRLI,38,4,61.0,450.9,27504.9,2024-04-07
2024040701030874,PPL,80,42,10.0,550.0,5500.0,2024-04-07
2024040705004747,HRL,11,52,10.0,596.5,5965.0,2024-04-07
2024040703018789,GLBSL,45,26,70.0,1945.2,136164.0,2024-04-07
2024040705004746,NTC,20,58,20.0,841.0,16820.0,2024-04-07
2024040703018788,USLB,33,7,10.0,1743.0,17430.0,2024-04-07
2024040701030873,AVYAN,21,10,50.0,694.0,34700.0,2024-04-07
2024040701030872,DORDI,65,50,80.0,435.0,34800.0,2024-04-07
2024040701030871,DORDI,65,49,10.0,433.0,4330.0,2024-04-07
2024040701030870,DORDI,65,45,10.0,432.0,4320.0,2024-04-07
2024040703018787,SJLIC,42,53,180.0,499.8,89964.0,2024-04-07
2024040701030869,HATHY,52,42,300.0,885.0,265500.0,2024-04-07
2024040701030868,GBIME,28,1,80.0,180.6,14448.0,2024-04-07
2024040701030867,GBIME,21,1,40.0,180.9,7236.0,2024-04-07
2024040703018786,EDBL,45,34,10.0,354.0,3540.0,2024-04-07
2024040703018785,GBLBS,44,45,150.0,650.0,97500.0,2024-04-07
2024040703018784,GBLBS,39,45,100.0,650.0,65000.0,2024-04-07
2024040703018783,GBLBS,52,45,50.0,650.1,32505.0,2024-04-07
2024040701030866,MKHC,35,68,100.0,332.0,33200.0,2024-04-07
2024040701030865,SNLI,38,58,25.0,604.0,15100.0,2024-04-07
2024040701030864,SNLI,58,58,150.0,604.1,90615.0,2024-04-07
2024040701030863,SNLI,41,58,20.0,606.0,12120.0,2024-04-07
2024040701030862,SNLI,50,58,20.0,606.0,12120.0,2024-04-07
2024040701030861,SHIVM,62,57,355.0,519.1,184280.5,2024-04-07
2024040701030860,SHIVM,56,57,300.0,519.1,155730.0,2024-04-07
2024040701030859,SHIVM,38,57,100.0,519.1,51910.0,2024-04-07
2024040701030858,SHIVM,14,57,100.0,519.2,51920.0,2024-04-07
2024040704008746,RADHI,34,57,10.0,238.1,2381.0,2024-04-07
2024040701030857,UHEWA,56,4,50.0,360.0,18000.0,2024-04-07
2024040704008745,UPPER,56,10,50.0,170.8,8540.0,2024-04-07
2024040701030856,SBL,34,41,1100.0,221.2,243320.0,2024-04-07
2024040703018782,ALBSL,54,74,19.0,751.1,14270.9,2024-04-07
2024040701030855,UHEWA,36,4,790.0,360.0,284400.0,2024-04-07
2024040701030854,SONA,46,33,100.0,476.0,47600.0,2024-04-07
2024040704008744,JOSHI,56,21,50.0,330.0,16500.0,2024-04-07
2024040703018781,CFCL,7,25,40.0,363.0,14520.0,2024-04-07
2024040703018780,PROFL,43,7,300.0,326.1,97830.0,2024-04-07
2024040701030853,UHEWA,13,4,80.0,360.0,28800.0,2024-04-07
2024040701030852,UHEWA,51,4,200.0,361.0,72200.0,2024-04-07
2024040701030851,UHEWA,56,4,100.0,361.0,36100.0,2024-04-07
2024040701030850,EBL,42,29,20.0,496.0,9920.0,2024-04-07
2024040701030849,EBL,41,29,500.0,496.0,248000.0,2024-04-07
2024040701030848,EBL,52,29,20.0,498.0,9960.0,2024-04-07
2024040701030847,GCIL,34,35,10.0,516.0,5160.0,2024-04-07
2024040701030846,GCIL,34,59,200.0,516.0,103200.0,2024-04-07
2024040701030845,KBL,42,45,500.0,136.6,68300.0,2024-04-07
2024040704008743,NHPC,48,48,234.0,149.3,34936.2,2024-04-07
2024040703018779,WNLB,35,53,11.0,1491.6,16407.6,2024-04-07
2024040703018778,WNLB,35,58,184.0,1491.0,274344.0,2024-04-07
2024040704008742,IGI,19,58,100.0,536.0,53600.0,2024-04-07
2024040703018777,GUFL,41,58,12.0,883.0,10596.0,2024-04-07
2024040703018776,FMDBL,35,28,200.0,636.1,127220.0,2024-04-07
2024040704008741,UMRH,57,53,200.0,348.3,69660.0,2024-04-07
2024040703018775,SJLIC,57,53,81.0,499.8,40483.8,2024-04-07
2024040704008740,MEN,57,42,117.0,510.0,59670.0,2024-04-07
2024040704008739,MEN,57,69,100.0,509.9,50990.0,2024-04-07
2024040704008738,MEN,57,69,83.0,509.8,42313.4,2024-04-07
2024040701030844,EHPL,18,6,10.0,442.8,4428.0,2024-04-07
2024040701030843,EHPL,18,32,280.0,439.9,123172.0,2024-04-07
2024040703018774,GBBL,34,25,10.0,366.2,3662.0,2024-04-07
2024040701030842,JBLB,49,41,35.0,1361.0,47635.0,2024-04-07
2024040701030841,HHL,65,63,500.0,384.0,192000.0,2024-04-07
2024040704008737,NICL,47,17,15.0,850.0,12750.0,2024-04-07
2024040703018773,GUFL,41,39,50.0,883.0,44150.0,2024-04-07
2024040703018772,SJLIC,22,53,21.0,499.8,10495.8,2024-04-07
2024040704008736,NGPL,7,13,100.0,299.0,29900.0,2024-04-07
2024040705004745,NRIC,6,6,20.0,723.9,14478.0,2024-04-07
2024040704008735,JOSHI,29,81,10.0,332.0,3320.0,2024-04-07
2024040703018771,MFIL,42,16,100.0,523.0,52300.0,2024-04-07
2024040704008734,SSHL,20,34,100.0,160.2,16020.0,2024-04-07
2024040703018770,JBBL,13,34,10.0,295.2,2952.0,2024-04-07
2024040703018769,JBBL,69,34,26.0,295.2,7675.2,2024-04-07
2024040701030840,HHL,65,45,500.0,384.0,192000.0,2024-04-07
2024040704008733,JOSHI,56,45,165.0,330.0,54450.0,2024-04-07
2024040704008732,GHL,39,45,550.0,151.5,83325.0,2024-04-07
2024040703018768,MPFL,34,16,40.0,385.0,15400.0,2024-04-07
2024040703018767,MPFL,34,11,60.0,384.0,23040.0,2024-04-07
2024040701030839,CLI,57,58,10.0,464.1,4641.0,2024-04-07
2024040701030838,SIKLES,74,40,10.0,506.0,5060.0,2024-04-07
2024040701030837,SGHC,77,57,10.0,314.0,3140.0,2024-04-07
2024040701030836,CYCL,62,28,20.0,1520.0,30400.0,2024-04-07
2024040704008731,UMRH,33,53,50.0,348.3,17415.0,2024-04-07
2024040703018766,SAPDBL,57,39,500.0,306.2,153100.0,2024-04-07
2024040703018765,SAPDBL,28,39,44.0,306.2,13472.8,2024-04-07
2024040701030835,SONA,52,39,80.0,473.0,37840.0,2024-04-07
2024040701030834,SONA,54,39,100.0,473.2,47320.0,2024-04-07
2024040701030833,SONA,22,39,10.0,473.3,4733.0,2024-04-07
2024040701030832,SONA,42,39,10.0,474.0,4740.0,2024-04-07
2024040701030831,NRM,38,34,10.0,379.8,3798.0,2024-04-07
2024040704008730,IGI,26,88,500.0,536.5,268250.0,2024-04-07
2024040705004744,CIT,19,58,5.0,2110.0,10550.0,2024-04-07
2024040705004743,CIT,43,58,10.0,2110.0,21100.0,2024-04-07
2024040703018764,MLBBL,6,36,25.0,1020.7,25517.5,2024-04-07
2024040703018763,SJLIC,32,53,10.0,499.8,4998.0,2024-04-07
2024040704008729,SPDL,71,81,851.0,236.0,200836.0,2024-04-07
2024040704008728,SPDL,14,81,100.0,236.1,23610.0,2024-04-07
2024040704008727,SPDL,13,81,100.0,236.2,23620.0,2024-04-07
2024040704008726,SPDL,64,81,50.0,236.2,11810.0,2024-04-07
2024040704008725,SPDL,42,81,41.0,236.3,9688.3,2024-04-07
2024040701030830,NICA,34,35,15.0,397.0,5955.0,2024-04-07
2024040701030829,NICA,34,16,11.0,397.0,4367.0,2024-04-07
2024040701030828,NICA,34,1,24.0,396.0,9504.0,2024-04-07
2024040703018762,MLBL,34,41,10.0,332.0,3320.0,2024-04-07
2024040703018761,WNLB,35,58,16.0,1491.0,23856.0,2024-04-07
2024040703018760,WNLB,35,62,10.0,1490.0,14900.0,2024-04-07
2024040703018759,WNLB,35,46,122.0,1485.0,181170.0,2024-04-07
2024040703018758,WNLB,35,57,20.0,1485.0,29700.0,2024-04-07
2024040703018757,WNLB,35,47,32.0,1485.0,47520.0,2024-04-07
2024040701030827,RAWA,34,47,10.0,481.9,4819.0,2024-04-07
2024040701030826,PHCL,39,14,160.0,310.0,49600.0,2024-04-07
2024040701030825,DORDI,57,40,10.0,430.0,4300.0,2024-04-07
2024040705004742,NRN,56,47,494.0,524.8,259251.2,2024-04-07
2024040705004741,NRN,56,51,500.0,524.5,262250.0,2024-04-07
2024040705004740,NRN,56,37,10.0,524.0,5240.0,2024-04-07
2024040705004739,NRN,56,33,371.0,523.5,194218.5,2024-04-07
2024040703018756,CFCL,39,25,155.0,363.0,56265.0,2024-04-07
2024040704008724,AKJCL,57,36,300.0,216.0,64800.0,2024-04-07
2024040704008723,AKJCL,32,36,100.0,216.0,21600.0,2024-04-07
2024040701030824,MANDU,65,36,510.0,690.0,351900.0,2024-04-07
2024040705004738,SMATA,36,51,10.0,769.9,7699.0,2024-04-07
2024040704008722,UPPER,59,39,300.0,170.0,51000.0,2024-04-07
2024040701030823,PHCL,39,48,10.0,310.0,3100.0,2024-04-07
2024040701030822,PHCL,39,35,10.0,310.0,3100.0,2024-04-07
2024040703018755,LBBL,52,8,250.0,381.9,95475.0,2024-04-07
2024040701030821,KBSH,21,35,10.0,1028.0,10280.0,2024-04-07
2024040701030820,NYADI,52,50,500.0,316.0,158000.0,2024-04-07
2024040701030819,NYADI,52,72,500.0,315.0,157500.0,2024-04-07
2024040703018754,ALICL,10,57,10.0,568.1,5681.0,2024-04-07
2024040701030818,SNLI,50,29,10.0,606.0,6060.0,2024-04-07
2024040701030817,KBSH,57,32,45.0,1019.2,45864.0,2024-04-07
2024040701030816,NABIL,14,22,37.0,438.0,16206.0,2024-04-07
2024040704008721,RIDI,49,57,44.0,175.6,7726.4,2024-04-07
2024040704008720,SPDL,34,57,120.0,237.0,28440.0,2024-04-07
2024040704008719,GHL,39,57,302.0,151.5,45753.0,2024-04-07
2024040703018753,KRBL,46,25,50.0,406.1,20305.0,2024-04-07
2024040701030815,SARBTM,85,33,270.0,882.9,238383.0,2024-04-07
2024040701030814,SARBTM,85,58,10.0,882.8,8828.0,2024-04-07
2024040701030813,SARBTM,85,43,10.0,882.0,8820.0,2024-04-07
2024040701030812,SARBTM,85,20,10.0,882.0,8820.0,2024-04-07
2024040703018752,GBLBS,29,41,148.0,652.0,96496.0,2024-04-07
2024040701030811,TSHL,39,49,100.0,514.0,51400.0,2024-04-07
2024040704008718,AKPL,38,8,10.0,174.0,1740.0,2024-04-07
2024040701030810,PCBL,21,45,500.0,190.0,95000.0,2024-04-07
2024040701030809,UNLB,88,74,28.0,1667.7,46695.6,2024-04-07
2024040701030808,UNLB,88,56,10.0,1667.0,16670.0,2024-04-07
2024040701030807,UNLB,88,58,10.0,1665.0,16650.0,2024-04-07
2024040701030806,UNLB,88,53,10.0,1665.0,16650.0,2024-04-07
2024040701030805,UNLB,88,35,10.0,1665.0,16650.0,2024-04-07
2024040701030804,UNLB,88,57,20.0,1665.0,33300.0,2024-04-07
2024040701030803,UNLB,88,53,180.0,1662.0,299160.0,2024-04-07
2024040701030802,UNLB,88,43,22.0,1661.9,36561.8,2024-04-07
2024040701030801,UNLB,88,55,10.0,1650.0,16500.0,2024-04-07
2024040701030800,MKHL,58,43,10.0,430.0,4300.0,2024-04-07
2024040701030799,MKCL,38,6,49.0,942.0,46158.0,2024-04-07
2024040701030798,MKCL,22,6,50.0,942.0,47100.0,2024-04-07
2024040701030797,MKCL,42,6,75.0,942.1,70657.5,2024-04-07
2024040701030796,MKCL,57,6,50.0,943.0,47150.0,2024-04-07
2024040701030795,MKCL,48,6,106.0,943.0,99958.0,2024-04-07
2024040701030794,MKCL,36,6,70.0,943.1,66017.0,2024-04-07
2024040701030793,MKCL,29,6,100.0,943.2,94320.0,2024-04-07
2024040701030792,NRM,53,42,10.0,379.7,3797.0,2024-04-07
2024040704008717,SHL,35,45,270.0,450.0,121500.0,2024-04-07
2024040704008716,SICL,41,34,200.0,695.0,139000.0,2024-04-07
2024040704008715,SICL,34,34,300.0,695.0,208500.0,2024-04-07
2024040704008714,SICL,16,34,82.0,695.0,56990.0,2024-04-07
2024040704008713,SICL,11,34,100.0,695.2,69520.0,2024-04-07
2024040704008712,SICL,32,34,200.0,696.0,139200.0,2024-04-07
2024040704008711,SICL,58,34,25.0,696.0,17400.0,2024-04-07
2024040704008710,NICL,43,14,136.0,850.0,115600.0,2024-04-07
2024040701030791,MLBS,50,58,10.0,1207.5,12075.0,2024-04-07
2024040703018751,GILB,62,38,10.0,987.0,9870.0,2024-04-07
2024040703018750,MSLB,36,65,10.0,1181.0,11810.0,2024-04-07
2024040704008709,HURJA,19,29,100.0,293.0,29300.0,2024-04-07
2024040703018749,RLFL,55,19,100.0,378.0,37800.0,2024-04-07
2024040704008708,HDHPC,49,34,213.0,135.0,28755.0,2024-04-07
2024040704008707,HDHPC,49,22,20.0,135.0,2700.0,2024-04-07
2024040704008706,HDHPC,49,57,300.0,135.0,40500.0,2024-04-07
2024040704008705,HDHPC,49,6,10.0,135.0,1350.0,2024-04-07
2024040704008704,HDHPC,49,35,1457.0,135.0,196695.0,2024-04-07
2024040704008703,UNHPL,45,22,450.0,230.1,103545.0,2024-04-07
2024040704008702,SGIC,20,59,405.0,532.0,215460.0,2024-04-07
2024040704008701,SGIC,42,59,20.0,532.1,10642.0,2024-04-07
2024040704008700,SGIC,29,59,500.0,532.2,266100.0,2024-04-07
2024040704008699,SGIC,50,59,75.0,532.3,39922.5,2024-04-07
2024040701030790,KBL,42,6,20.0,136.6,2732.0,2024-04-07
2024040703018748,SADBL,42,14,43.0,302.0,12986.0,2024-04-07
2024040703018747,SADBL,17,14,200.0,302.0,60400.0,2024-04-07
2024040703018746,SADBL,17,14,200.0,302.0,60400.0,2024-04-07
2024040703018745,SADBL,17,14,257.0,302.2,77665.4,2024-04-07
2024040704008698,UNHPL,58,41,20.0,232.0,4640.0,2024-04-07
2024040704008697,UNHPL,58,57,80.0,232.0,18560.0,2024-04-07
2024040701030789,MBJC,47,11,10.0,312.0,3120.0,2024-04-07
2024040701030788,HIDCLP,38,39,500.0,100.3,50150.0,2024-04-07
2024040704008696,SGIC,50,38,25.0,532.3,13307.5,2024-04-07
2024040704008695,SGIC,87,38,10.0,532.6,5326.0,2024-04-07
2024040704008694,SGIC,29,38,400.0,532.6,213040.0,2024-04-07
2024040704008693,SGIC,59,38,170.0,532.7,90559.0,2024-04-07
2024040704008692,SGIC,57,38,335.0,532.8,178488.0,2024-04-07
2024040704008691,SGIC,21,38,30.0,533.0,15990.0,2024-04-07
2024040704008690,SGIC,58,38,30.0,533.1,15993.0,2024-04-07
2024040705004737,HRL,21,82,80.0,597.0,47760.0,2024-04-07
2024040701030787,TAMOR,14,64,57.0,379.1,21608.7,2024-04-07
2024040701030786,TAMOR,45,64,140.0,379.3,53102.0,2024-04-07
2024040701030785,TAMOR,45,64,800.0,380.0,304000.0,2024-04-07
2024040704008689,RURU,34,49,20.0,640.0,12800.0,2024-04-07
2024040703018744,NLIC,1,43,30.0,597.1,17913.0,2024-04-07
2024040703018743,GUFL,41,42,1150.0,883.0,1015450.0,2024-04-07
2024040701030784,ULHC,57,42,10.0,336.2,3362.0,2024-04-07
2024040701030783,VLUCL,33,29,10.0,507.1,5071.0,2024-04-07
2024040703018742,SAPDBL,34,39,40.0,306.6,12264.0,2024-04-07
2024040705004736,CHDC,35,58,10.0,886.2,8862.0,2024-04-07
2024040701030782,SANIMA,42,57,100.0,238.5,23850.0,2024-04-07
2024040704008688,CHL,57,41,81.0,299.9,24291.9,2024-04-07
2024040704008687,CHL,57,40,19.0,299.9,5698.1,2024-04-07
2024040701030781,MKCL,84,38,70.0,948.0,66360.0,2024-04-07
2024040701030780,MKCL,84,58,10.0,948.0,9480.0,2024-04-07
2024040701030779,MKCL,84,62,50.0,948.0,47400.0,2024-04-07
2024040701030778,MKCL,84,42,10.0,946.0,9460.0,2024-04-07
2024040701030777,MKCL,84,45,190.0,946.0,179740.0,2024-04-07
2024040701030776,MKCL,84,51,100.0,945.0,94500.0,2024-04-07
2024040701030775,MKCL,84,14,70.0,945.0,66150.0,2024-04-07
2024040701030774,MKHL,39,34,10.0,432.0,4320.0,2024-04-07
2024040701030773,CLI,49,54,188.0,465.0,87420.0,2024-04-07
2024040701030772,CLI,49,54,20.0,465.0,9300.0,2024-04-07
2024040701030771,CLI,49,34,10.0,465.0,4650.0,2024-04-07
2024040701030770,CLI,49,34,10.0,465.0,4650.0,2024-04-07
2024040701030769,CLI,49,42,10.0,465.0,4650.0,2024-04-07
2024040701030768,CLI,49,58,10.0,465.0,4650.0,2024-04-07
2024040701030767,CLI,49,63,200.0,465.0,93000.0,2024-04-07
2024040701030766,CLI,49,58,10.0,465.0,4650.0,2024-04-07
2024040701030765,CLI,49,50,12.0,465.0,5580.0,2024-04-07
2024040704008686,LEC,43,58,500.0,184.0,92000.0,2024-04-07
2024040701030764,RNLI,5,57,240.0,442.0,106080.0,2024-04-07
2024040701030763,RNLI,5,22,10.0,442.0,4420.0,2024-04-07
2024040701030762,RNLI,5,19,11.0,442.0,4862.0,2024-04-07
2024040701030761,RNLI,5,6,11.0,442.0,4862.0,2024-04-07
2024040701030760,RNLI,5,16,11.0,441.7,4858.7,2024-04-07
2024040701030759,RNLI,5,57,17.0,441.7,7508.9,2024-04-07
2024040704008685,NGPL,7,50,800.0,299.0,239200.0,2024-04-07
2024040704008684,IGI,42,88,500.0,536.5,268250.0,2024-04-07
2024040703018741,NMFBS,81,17,32.0,1195.0,38240.0,2024-04-07
2024040704008683,UPPER,59,14,470.0,170.0,79900.0,2024-04-07
2024040704008682,HURJA,57,25,275.0,292.0,80300.0,2024-04-07
2024040701030758,AVYAN,21,38,50.0,694.0,34700.0,2024-04-07
2024040701030757,AHL,22,26,10.0,440.0,4400.0,2024-04-07
2024040701030756,AHL,22,18,40.0,440.0,17600.0,2024-04-07
2024040701030755,AHL,22,37,20.0,440.0,8800.0,2024-04-07
2024040701030754,AHL,22,19,10.0,440.0,4400.0,2024-04-07
2024040701030753,AHL,22,58,10.0,440.0,4400.0,2024-04-07
2024040701030752,AHL,22,40,100.0,440.0,44000.0,2024-04-07
2024040701030751,AHL,22,57,10.0,440.0,4400.0,2024-04-07
2024040701030750,AHL,22,19,10.0,440.0,4400.0,2024-04-07
2024040701030749,AHL,22,34,10.0,440.0,4400.0,2024-04-07
2024040701030748,AHL,22,58,10.0,440.0,4400.0,2024-04-07
2024040701030747,AHL,22,17,10.0,440.0,4400.0,2024-04-07
2024040701030746,AHL,22,32,10.0,440.0,4400.0,2024-04-07
2024040701030745,AHL,22,34,250.0,440.0,110000.0,2024-04-07
2024040701030744,RNLI,44,55,10.0,441.6,4416.0,2024-04-07
2024040704008681,PMHPL,6,13,58.0,235.2,13641.6,2024-04-07
2024040704008680,PMHPL,6,13,42.0,235.2,9878.4,2024-04-07
2024040703018740,WNLB,71,13,25.0,1456.0,36400.0,2024-04-07
2024040703018739,WNLB,43,13,50.0,1456.0,72800.0,2024-04-07
2024040703018738,WNLB,52,13,25.0,1456.0,36400.0,2024-04-07
2024040703018737,WNLB,10,13,11.0,1457.0,16027.0,2024-04-07
2024040701030743,MCHL,28,6,70.0,355.0,24850.0,2024-04-07
2024040701030742,MCHL,4,6,100.0,355.1,35510.0,2024-04-07
2024040701030741,MCHL,57,6,30.0,356.0,10680.0,2024-04-07
2024040703018736,SFCL,1,41,50.0,335.0,16750.0,2024-04-07
2024040703018735,SFCL,1,5,50.0,335.0,16750.0,2024-04-07
2024040703018734,SFCL,1,4,50.0,334.6,16730.0,2024-04-07
2024040704008679,IGI,42,88,2500.0,536.5,1341250.0,2024-04-07
2024040703018733,CBBL,1,42,50.0,847.0,42350.0,2024-04-07
2024040701030740,MKCL,48,14,30.0,945.0,28350.0,2024-04-07
2024040703018732,GBLBS,29,17,52.0,652.0,33904.0,2024-04-07
2024040703018731,GBLBS,42,17,106.0,652.0,69112.0,2024-04-07
2024040703018730,GBLBS,48,17,100.0,652.2,65220.0,2024-04-07
2024040701030739,HATHY,45,6,1.0,880.0,880.0,2024-04-07
2024040703018729,GUFL,41,45,1700.0,883.0,1501100.0,2024-04-07
2024040701030738,LSL,16,29,15.0,152.6,2289.0,2024-04-07
2024040701030737,MKHL,58,91,50.0,430.0,21500.0,2024-04-07
2024040703018728,KSBBL,49,41,96.0,356.0,34176.0,2024-04-07
2024040703018727,SIFC,88,65,62.0,381.2,23634.4,2024-04-07
2024040703018726,SIFC,36,65,300.0,381.3,114390.0,2024-04-07
2024040703018725,SIFC,88,65,920.0,381.3,350796.0,2024-04-07
2024040703018724,SIFC,41,65,733.0,382.0,280006.0,2024-04-07
2024040703018723,SKBBL,65,42,200.0,835.0,167000.0,2024-04-07
2024040705004735,HRL,11,42,20.0,596.5,11930.0,2024-04-07
2024040703018722,PROFL,43,57,200.0,326.1,65220.0,2024-04-07
2024040701030736,SONA,16,51,15.0,477.0,7155.0,2024-04-07
2024040701030735,SONA,16,58,220.0,477.0,104940.0,2024-04-07
2024040701030734,SONA,16,32,1000.0,476.9,476900.0,2024-04-07
2024040701030733,SONA,16,71,550.0,476.8,262240.0,2024-04-07
2024040701030732,SONA,16,44,800.0,476.7,381360.0,2024-04-07
2024040701030731,SONA,16,74,500.0,476.4,238200.0,2024-04-07
2024040701030730,SONA,16,54,100.0,476.4,47640.0,2024-04-07
2024040701030729,SONA,16,17,40.0,475.0,19000.0,2024-04-07
2024040701030728,SONA,16,55,600.0,475.0,285000.0,2024-04-07
2024040701030727,SONA,16,58,10.0,474.0,4740.0,2024-04-07
2024040701030726,SONA,16,28,325.0,474.0,154050.0,2024-04-07
2024040701030725,SONA,16,65,240.0,474.0,113760.0,2024-04-07
2024040701030724,KDL,16,42,10.0,797.0,7970.0,2024-04-07
2024040701030723,PRVU,58,10,10.0,139.6,1396.0,2024-04-07
2024040704008678,TRH,46,43,100.0,792.0,79200.0,2024-04-07
2024040704008677,AKPL,54,8,100.0,174.0,17400.0,2024-04-07
2024040704008676,AKPL,54,38,100.0,174.0,17400.0,2024-04-07
2024040701030722,SMJC,34,52,10.0,375.5,3755.0,2024-04-07
2024040701030721,SONA,52,52,10.0,473.0,4730.0,2024-04-07
2024040703018721,SLBBL,52,22,16.0,675.0,10800.0,2024-04-07
2024040703018720,SLBBL,52,1,37.0,675.0,24975.0,2024-04-07
2024040701030720,SNLI,50,20,10.0,606.0,6060.0,2024-04-07
2024040701030719,RFPL,26,43,40.0,383.0,15320.0,2024-04-07
2024040701030718,RFPL,26,59,10.0,382.0,3820.0,2024-04-07
2024040703018719,BFC,7,35,287.0,360.0,103320.0,2024-04-07
2024040703018718,MLBBL,1,6,100.0,1017.0,101700.0,2024-04-07
2024040703018717,SDLBSL,32,58,10.0,774.0,7740.0,2024-04-07
2024040703018716,NADEP,32,38,155.0,701.1,108670.5,2024-04-07
2024040703018715,RLFL,4,42,69.0,377.0,26013.0,2024-04-07
2024040703018714,VLBS,74,19,100.0,761.0,76100.0,2024-04-07
2024040704008675,JOSHI,56,29,177.0,330.0,58410.0,2024-04-07
2024040704008674,JOSHI,54,29,2000.0,330.1,660200.0,2024-04-07
2024040704008673,JOSHI,14,29,123.0,330.1,40602.3,2024-04-07
2024040704008672,JOSHI,4,29,200.0,330.2,66040.0,2024-04-07
2024040701030717,SARBTM,34,20,40.0,882.0,35280.0,2024-04-07
2024040701030716,SARBTM,34,52,10.0,882.0,8820.0,2024-04-07
2024040701030715,CYCL,62,22,10.0,1525.0,15250.0,2024-04-07
2024040701030714,CYCL,62,35,23.0,1524.9,35072.7,2024-04-07
2024040701030713,CYCL,62,22,60.0,1520.0,91200.0,2024-04-07
2024040704008671,API,25,38,100.0,174.2,17420.0,2024-04-07
2024040703018713,GFCL,18,16,68.0,482.0,32776.0,2024-04-07
2024040704008670,AKPL,17,58,50.0,173.2,8660.0,2024-04-07
2024040703018712,NABBC,34,47,190.0,414.1,78679.0,2024-04-07
2024040703018711,NABBC,1,47,10.0,415.0,4150.0,2024-04-07
2024040703018710,NABBC,56,47,100.0,415.0,41500.0,2024-04-07
2024040703018709,NABBC,34,47,100.0,415.1,41510.0,2024-04-07
2024040703018708,HLI,36,17,146.0,404.0,58984.0,2024-04-07
2024040703018707,HLI,36,17,400.0,404.0,161600.0,2024-04-07
2024040703018706,HLI,36,38,10.0,404.0,4040.0,2024-04-07
2024040703018705,HLI,36,19,30.0,404.0,12120.0,2024-04-07
2024040703018704,HLI,36,13,30.0,404.0,12120.0,2024-04-07
2024040703018703,HLI,36,34,50.0,404.0,20200.0,2024-04-07
2024040703018702,HLI,36,34,10.0,404.0,4040.0,2024-04-07
2024040703018701,HLI,36,53,10.0,404.0,4040.0,2024-04-07
2024040703018700,HLI,36,38,50.0,403.9,20195.0,2024-04-07
2024040703018699,HLI,36,45,50.0,403.3,20165.0,2024-04-07
2024040703018698,HLI,36,57,50.0,403.0,20150.0,2024-04-07
2024040703018697,HLI,36,41,10.0,403.0,4030.0,2024-04-07
2024040703018696,HLI,36,35,10.0,402.9,4029.0,2024-04-07
2024040703018695,HLI,36,58,10.0,402.8,4028.0,2024-04-07
2024040703018694,HLI,36,49,10.0,402.0,4020.0,2024-04-07
2024040703018693,HLI,36,45,10.0,402.0,4020.0,2024-04-07
2024040703018692,HLI,36,26,490.0,402.0,196980.0,2024-04-07
2024040703018691,HLI,36,8,200.0,401.5,80300.0,2024-04-07
2024040703018690,HLI,36,34,214.0,401.1,85835.4,2024-04-07
2024040703018689,HLI,36,48,100.0,401.0,40100.0,2024-04-07
2024040703018688,HLI,36,38,10.0,401.0,4010.0,2024-04-07
2024040703018687,HLI,36,48,100.0,401.0,40100.0,2024-04-07
2024040703018686,PMLI,38,4,10.0,522.0,5220.0,2024-04-07
2024040703018685,SINDU,38,44,250.0,359.9,89975.0,2024-04-07
2024040701030712,SPL,22,33,257.0,648.2,166587.4,2024-04-07
2024040701030711,SPL,22,34,43.0,648.0,27864.0,2024-04-07
2024040704008669,JOSHI,4,60,200.0,330.2,66040.0,2024-04-07
2024040704008668,JOSHI,34,60,100.0,330.3,33030.0,2024-04-07
2024040704008667,JOSHI,36,60,200.0,330.4,66080.0,2024-04-07
2024040704008666,AHPC,32,54,100.0,172.5,17250.0,2024-04-07
2024040704008665,CHCL,45,11,204.0,453.0,92412.0,2024-04-07
2024040703018684,BFC,42,35,50.0,360.0,18000.0,2024-04-07
2024040703018683,BFC,42,35,100.0,360.0,36000.0,2024-04-07
2024040703018682,BFC,22,35,56.0,360.0,20160.0,2024-04-07
2024040703018681,BFC,54,35,100.0,360.0,36000.0,2024-04-07
2024040703018680,BFC,38,35,100.0,360.0,36000.0,2024-04-07
2024040703018679,BFC,64,35,200.0,360.0,72000.0,2024-04-07
2024040703018678,BFC,49,35,10.0,360.0,3600.0,2024-04-07
2024040703018677,BFC,50,35,150.0,360.0,54000.0,2024-04-07
2024040703018676,BFC,56,35,97.0,360.3,34949.1,2024-04-07
2024040703018675,GFCL,18,6,50.0,482.0,24100.0,2024-04-07
2024040705004734,HRL,38,82,20.0,597.0,11940.0,2024-04-07
2024040705004733,HRL,36,82,2092.0,597.0,1248924.0,2024-04-07
2024040703018674,USLB,33,94,80.0,1743.0,139440.0,2024-04-07
2024040701030710,SNLI,50,58,10.0,606.0,6060.0,2024-04-07
2024040701030709,ULHC,39,21,90.0,340.0,30600.0,2024-04-07
2024040701030708,ULHC,39,45,10.0,338.0,3380.0,2024-04-07
2024040701030707,DORDI,36,61,10.0,429.0,4290.0,2024-04-07
2024040701030706,MHCL,54,34,64.0,421.0,26944.0,2024-04-07
2024040701030705,GBIME,38,34,20.0,181.0,3620.0,2024-04-07
2024040701030704,ANLB,64,46,10.0,2088.0,20880.0,2024-04-07
2024040701030703,SARBTM,8,52,40.0,882.0,35280.0,2024-04-07
2024040701030702,SARBTM,8,55,20.0,882.0,17640.0,2024-04-07
2024040704008664,RIDI,49,8,50.0,175.6,8780.0,2024-04-07
2024040704008663,RIDI,58,8,200.0,175.6,35120.0,2024-04-07
2024040703018673,SJLIC,49,53,100.0,499.8,49980.0,2024-04-07
2024040703018672,PROFL,42,65,200.0,326.5,65300.0,2024-04-07
2024040701030701,MKHC,5,68,10.0,332.0,3320.0,2024-04-07
2024040703018671,GUFL,41,44,300.0,883.0,264900.0,2024-04-07
2024040701030700,GBIME,13,34,10.0,181.0,1810.0,2024-04-07
2024040705004732,HRL,36,50,100.0,597.0,59700.0,2024-04-07
2024040703018670,MNBBL,50,32,500.0,342.9,171450.0,2024-04-07
2024040703018669,ALBSL,91,74,243.0,752.0,182736.0,2024-04-07
2024040701030699,LSL,46,74,76.0,152.5,11590.0,2024-04-07
2024040701030698,AVYAN,21,42,287.0,694.0,199178.0,2024-04-07
2024040701030697,AVYAN,52,42,13.0,694.0,9022.0,2024-04-07
2024040701030696,NWCL,42,36,90.0,741.9,66771.0,2024-04-07
2024040701030695,NWCL,42,48,10.0,741.0,7410.0,2024-04-07
2024040704008662,JOSHI,45,45,10.0,332.0,3320.0,2024-04-07
2024040701030694,MKHC,45,68,10.0,332.0,3320.0,2024-04-07
2024040703018668,GFCL,38,45,105.0,481.1,50515.5,2024-04-07
2024040701030693,CLI,32,29,10.0,464.0,4640.0,2024-04-07
2024040704008661,GHL,39,34,60.0,151.5,9090.0,2024-04-07
2024040701030692,MEHL,55,62,560.0,308.0,172480.0,2024-04-07
2024040701030691,MEHL,43,62,290.0,308.0,89320.0,2024-04-07
2024040701030690,MEHL,52,62,150.0,308.1,46215.0,2024-04-07
2024040701030689,SGHC,77,57,670.0,314.0,210380.0,2024-04-07
2024040701030688,SMJC,56,7,120.0,377.0,45240.0,2024-04-07
2024040701030687,SMJC,56,57,180.0,377.0,67860.0,2024-04-07
2024040701030686,SANIMA,47,55,353.0,239.0,84367.0,2024-04-07
2024040701030685,SANIMA,47,49,47.0,239.0,11233.0,2024-04-07
2024040703018667,PROFL,58,53,50.0,326.9,16345.0,2024-04-07
2024040704008660,API,41,38,500.0,174.2,87100.0,2024-04-07
2024040704008659,API,22,38,70.0,174.5,12215.0,2024-04-07
2024040704008658,HDHPC,21,35,10.0,135.0,1350.0,2024-04-07
2024040701030684,NWCL,17,52,10.0,740.0,7400.0,2024-04-07
2024040705004731,HRL,36,49,100.0,597.0,59700.0,2024-04-07
2024040701030683,BNHC,41,4,50.0,473.6,23680.0,2024-04-07
2024040701030682,DLBS,7,43,10.0,1260.0,12600.0,2024-04-07
2024040704008657,API,22,59,100.0,174.5,17450.0,2024-04-07
2024040704008656,API,22,42,100.0,174.5,17450.0,2024-04-07
2024040704008655,API,22,32,159.0,174.5,27745.5,2024-04-07
2024040703018666,HLI,6,59,35.0,401.0,14035.0,2024-04-07
2024040701030681,ULHC,57,6,10.0,336.2,3362.0,2024-04-07
2024040704008654,RIDI,17,48,38.0,175.9,6684.2,2024-04-07
2024040704008653,RIDI,17,49,150.0,175.9,26385.0,2024-04-07
2024040704008652,RIDI,17,8,312.0,175.9,54880.8,2024-04-07
2024040701030680,HATHY,52,29,208.0,885.0,184080.0,2024-04-07
2024040701030679,HATHY,58,29,50.0,885.0,44250.0,2024-04-07
2024040701030678,HATHY,45,29,500.0,885.0,442500.0,2024-04-07
2024040701030677,HATHY,19,29,10.0,885.1,8851.0,2024-04-07
2024040701030676,HATHY,36,29,500.0,885.2,442600.0,2024-04-07
2024040701030675,HATHY,22,29,145.0,885.3,128368.5,2024-04-07
2024040701030674,HATHY,35,29,200.0,885.4,177080.0,2024-04-07
2024040701030673,KDL,47,14,87.0,791.1,68825.7,2024-04-07
2024040701030672,KDL,38,14,100.0,792.0,79200.0,2024-04-07
2024040701030671,KDL,43,14,50.0,792.0,39600.0,2024-04-07
2024040701030670,KDL,47,14,713.0,793.0,565409.0,2024-04-07
2024040701030669,NICA,14,1,10.0,396.0,3960.0,2024-04-07
2024040701030668,DORDI,57,57,100.0,429.5,42950.0,2024-04-07
2024040703018665,GMFIL,57,46,550.0,373.0,205150.0,2024-04-07
2024040701030667,PPL,21,58,10.0,545.1,5451.0,2024-04-07
2024040701030666,PHCL,4,38,290.0,308.6,89494.0,2024-04-07
2024040701030665,PHCL,58,38,10.0,310.0,3100.0,2024-04-07
2024040703018664,SHINE,1,55,20.0,377.0,7540.0,2024-04-07
2024040704008651,UPPER,49,71,100.0,170.7,17070.0,2024-04-07
2024040704008650,UPPER,49,55,500.0,170.6,85300.0,2024-04-07
2024040704008649,UPPER,49,55,100.0,170.5,17050.0,2024-04-07
2024040704008648,UPPER,49,10,200.0,170.5,34100.0,2024-04-07
2024040704008647,UPPER,49,52,100.0,170.4,17040.0,2024-04-07
2024040701030664,GBD80/81,41,49,95.0,1040.0,98800.0,2024-04-07
2024040703018663,GUFL,10,58,100.0,884.0,88400.0,2024-04-07
2024040701030663,KBL,93,32,10.0,137.0,1370.0,2024-04-07
2024040701030662,KBL,93,42,190.0,136.9,26011.0,2024-04-07
2024040705004730,HRL,36,19,100.0,597.0,59700.0,2024-04-07
2024040704008646,UPPER,59,71,130.0,170.0,22100.0,2024-04-07
2024040701030661,GCIL,1,22,10.0,515.0,5150.0,2024-04-07
2024040701030660,GCIL,1,17,15.0,515.0,7725.0,2024-04-07
2024040703018662,SHINE,1,22,30.0,377.0,11310.0,2024-04-07
2024040703018661,SMFBS,34,42,286.0,1157.0,330902.0,2024-04-07
2024040703018660,SMFBS,45,42,24.0,1161.0,27864.0,2024-04-07
2024040703018659,SMFBS,49,42,10.0,1171.0,11710.0,2024-04-07
2024040701030659,MSHL,51,45,30.0,605.1,18153.0,2024-04-07
2024040703018658,FMDBL,62,60,340.0,636.0,216240.0,2024-04-07
2024040701030658,SBI,32,35,10.0,284.1,2841.0,2024-04-07
2024040701030657,USHEC,29,62,10.0,371.0,3710.0,2024-04-07
2024040705004729,NIFRA,14,25,200.0,204.0,40800.0,2024-04-07
2024040705004728,HRL,36,57,350.0,597.0,208950.0,2024-04-07
2024040701030656,SHIVM,34,32,100.0,520.0,52000.0,2024-04-07
2024040703018657,GUFL,41,58,250.0,883.0,220750.0,2024-04-07
2024040701030655,CLI,66,1,10.0,465.0,4650.0,2024-04-07
2024040701030654,CLI,66,6,10.0,465.0,4650.0,2024-04-07
2024040701030653,CLI,66,35,84.0,465.0,39060.0,2024-04-07
2024040701030652,CLI,66,60,112.0,464.9,52068.8,2024-04-07
2024040701030651,CLI,66,14,100.0,464.5,46450.0,2024-04-07
2024040703018656,SJLIC,34,53,50.0,499.8,24990.0,2024-04-07
2024040703018655,SJLIC,21,53,50.0,499.8,24990.0,2024-04-07
2024040704008645,RIDI,38,8,50.0,175.9,8795.0,2024-04-07
2024040701030650,ILI,77,41,10.0,547.0,5470.0,2024-04-07
2024040704008644,PRIN,81,21,47.0,796.0,37412.0,2024-04-07
2024040704008643,AKJCL,21,62,200.0,216.9,43380.0,2024-04-07
2024040703018654,PROFL,49,53,100.0,326.9,32690.0,2024-04-07
2024040705004727,HRL,36,10,200.0,597.0,119400.0,2024-04-07
2024040703018653,ALBSL,91,59,148.0,752.0,111296.0,2024-04-07
2024040701030649,SHIVM,48,32,50.0,520.0,26000.0,2024-04-07
2024040703018652,GUFL,41,57,500.0,883.0,441500.0,2024-04-07
2024040704008642,HURJA,57,72,480.0,292.0,140160.0,2024-04-07
2024040704008641,HURJA,57,72,500.0,292.0,146000.0,2024-04-07
2024040704008640,HURJA,21,72,20.0,292.0,5840.0,2024-04-07
2024040705004726,NRIC,49,57,30.0,723.0,21690.0,2024-04-07
2024040704008639,BPCL,54,28,420.0,297.9,125118.0,2024-04-07
2024040704008638,BPCL,54,52,10.0,297.8,2978.0,2024-04-07
2024040704008637,BPCL,54,45,70.0,297.8,20846.0,2024-04-07
2024040701030648,TPC,88,53,200.0,523.0,104600.0,2024-04-07
2024040701030647,NBL,38,84,50.0,214.0,10700.0,2024-04-07
2024040703018651,GBLBS,42,38,124.0,652.0,80848.0,2024-04-07
2024040704008636,HURJA,72,38,75.0,292.1,21907.5,2024-04-07
2024040703018650,MNBBL,41,32,50.0,342.9,17145.0,2024-04-07
2024040704008635,PPCL,45,33,58.0,246.4,14291.2,2024-04-07
2024040704008634,PPCL,29,33,92.0,246.5,22678.0,2024-04-07
2024040703018649,GFCL,38,43,30.0,481.1,14433.0,2024-04-07
2024040703018648,SJLIC,37,4,500.0,499.8,249900.0,2024-04-07
2024040701030646,SONA,52,22,20.0,473.0,9460.0,2024-04-07
2024040705004725,HRL,36,6,225.0,597.0,134325.0,2024-04-07
2024040703018647,SFCL,51,17,250.0,334.1,83525.0,2024-04-07
2024040703018646,SFCL,49,17,50.0,334.7,16735.0,2024-04-07
2024040704008633,TRH,48,43,10.0,792.0,7920.0,2024-04-07
2024040704008632,BPCL,44,48,10.0,297.1,2971.0,2024-04-07
2024040704008631,BPCL,17,48,100.0,297.1,29710.0,2024-04-07
2024040705004724,HRL,36,57,30.0,597.0,17910.0,2024-04-07
2024040705004723,HIDCL,28,34,18.0,167.0,3006.0,2024-04-07
2024040701030645,PHCL,47,26,28.0,311.0,8708.0,2024-04-07
2024040701030644,SIKLES,74,38,10.0,508.0,5080.0,2024-04-07
2024040703018645,MERO,45,41,70.0,649.0,45430.0,2024-04-07
2024040701030643,VLUCL,33,55,110.0,507.0,55770.0,2024-04-07
2024040701030642,SAHAS,26,61,10.0,520.0,5200.0,2024-04-07
2024040701030641,SAHAS,26,4,50.0,519.9,25995.0,2024-04-07
2024040701030640,SAHAS,26,58,100.0,519.9,51990.0,2024-04-07
2024040701030639,SAHAS,26,49,10.0,518.9,5189.0,2024-04-07
2024040701030638,SAHAS,26,52,10.0,518.0,5180.0,2024-04-07
2024040701030637,SAHAS,26,34,10.0,518.0,5180.0,2024-04-07
2024040701030636,SAHAS,26,46,10.0,516.0,5160.0,2024-04-07
2024040701030635,SAHAS,26,13,10.0,516.0,5160.0,2024-04-07
2024040701030634,SAHAS,26,34,10.0,516.0,5160.0,2024-04-07
2024040701030633,GVL,13,49,10.0,421.1,4211.0,2024-04-07
2024040703018644,LBBL,44,8,250.0,381.9,95475.0,2024-04-07
2024040704008630,HDHPC,44,35,1000.0,135.0,135000.0,2024-04-07
2024040703018643,SFCL,35,35,50.0,335.0,16750.0,2024-04-07
2024040703018642,SFCL,35,20,100.0,334.9,33490.0,2024-04-07
2024040703018641,SFCL,35,14,150.0,334.8,50220.0,2024-04-07
2024040704008629,MEN,16,69,17.0,509.8,8666.6,2024-04-07
2024040704008628,MEN,16,42,223.0,507.0,113061.0,2024-04-07
2024040701030632,SARBTM,56,55,10.0,882.0,8820.0,2024-04-07
2024040704008627,GHL,39,34,110.0,151.5,16665.0,2024-04-07
2024040703018640,MFIL,53,34,90.0,522.0,46980.0,2024-04-07
2024040703018639,MFIL,53,74,50.0,521.0,26050.0,2024-04-07
2024040701030631,VLUCL,51,55,10.0,507.0,5070.0,2024-04-07
2024040701030630,VLUCL,49,55,130.0,507.0,65910.0,2024-04-07
2024040701030629,SHIVM,7,32,200.0,520.0,104000.0,2024-04-07
2024040701030628,CYCL,59,22,10.0,1520.0,15200.0,2024-04-07
2024040704008626,GLH,88,81,120.0,213.7,25644.0,2024-04-07
2024040704008625,GLH,14,81,50.0,213.8,10690.0,2024-04-07
2024040704008624,GLH,14,81,30.0,213.9,6417.0,2024-04-07
2024040703018638,VLBS,14,1,50.0,760.0,38000.0,2024-04-07
2024040703018637,VLBS,6,1,50.0,760.0,38000.0,2024-04-07
2024040701030627,NICA,42,1,100.0,396.0,39600.0,2024-04-07
2024040701030626,NICA,42,1,10.0,396.0,3960.0,2024-04-07
2024040704008623,JOSHI,51,45,95.0,332.0,31540.0,2024-04-07
2024040704008622,JOSHI,7,45,100.0,332.0,33200.0,2024-04-07
2024040704008621,JOSHI,49,45,130.0,332.0,43160.0,2024-04-07
2024040705004722,HRL,36,18,20.0,597.0,11940.0,2024-04-07
2024040703018636,SINDU,35,14,17.0,358.0,6086.0,2024-04-07
2024040701030625,MHCL,46,16,10.0,420.0,4200.0,2024-04-07
2024040705004721,HRL,36,34,10.0,597.0,5970.0,2024-04-07
2024040701030624,RFPL,62,58,10.0,380.2,3802.0,2024-04-07
2024040704008620,CGH,59,34,10.0,819.0,8190.0,2024-04-07
2024040705004720,HRL,36,40,10.0,597.0,5970.0,2024-04-07
2024040705004719,HRL,36,42,20.0,597.0,11940.0,2024-04-07
2024040703018635,USLB,33,29,34.0,1743.0,59262.0,2024-04-07
2024040704008619,RURU,34,25,10.0,640.0,6400.0,2024-04-07
2024040703018634,MNBBL,16,32,60.0,342.9,20574.0,2024-04-07
2024040703018633,ILBS,17,47,10.0,952.0,9520.0,2024-04-07
2024040701030623,BHDC,17,61,10.0,469.0,4690.0,2024-04-07
2024040703018632,MFIL,50,38,10.0,520.3,5203.0,2024-04-07
2024040701030622,SMJC,34,58,10.0,375.5,3755.0,2024-04-07
2024040703018631,MNBBL,52,32,108.0,342.9,37033.2,2024-04-07
2024040701030621,SMHL,65,65,40.0,440.0,17600.0,2024-04-07
2024040701030620,SMHL,17,65,30.0,441.0,13230.0,2024-04-07
2024040703018630,GMFBS,91,4,44.0,1156.0,50864.0,2024-04-07
2024040703018629,GMFBS,21,4,50.0,1157.0,57850.0,2024-04-07
2024040704008618,UPPER,59,71,100.0,170.0,17000.0,2024-04-07
2024040704008617,BARUN,17,74,20.0,238.9,4778.0,2024-04-07
2024040703018628,NUBL,38,48,77.0,652.0,50204.0,2024-04-07
2024040701030619,MBJC,49,45,56.0,309.5,17332.0,2024-04-07
2024040701030618,RNLI,45,55,10.0,441.1,4411.0,2024-04-07
2024040703018627,JBBL,69,45,185.0,295.2,54612.0,2024-04-07
2024040703018626,JBBL,52,45,35.0,295.8,10353.0,2024-04-07
2024040704008616,CHCL,49,53,63.0,452.0,28476.0,2024-04-07
2024040701030617,SARBTM,56,38,18.0,880.1,15841.8,2024-04-07
2024040701030616,SARBTM,40,38,32.0,880.1,28163.2,2024-04-07
2024040703018625,GUFL,58,58,10.0,884.0,8840.0,2024-04-07
2024040703018624,FOWAD,38,44,13.0,1140.0,14820.0,2024-04-07
2024040701030615,PPL,21,21,10.0,545.1,5451.0,2024-04-07
2024040703018623,SAPDBL,28,74,56.0,306.2,17147.2,2024-04-07
2024040703018622,SAPDBL,67,74,97.0,306.2,29701.4,2024-04-07
2024040703018621,SAPDBL,51,74,450.0,306.3,137835.0,2024-04-07
2024040703018620,SAPDBL,49,74,197.0,306.5,60380.5,2024-04-07
2024040703018619,SAPDBL,22,74,200.0,306.6,61320.0,2024-04-07
2024040701030614,GCIL,6,17,485.0,515.0,249775.0,2024-04-07
2024040701030613,GCIL,6,36,15.0,515.0,7725.0,2024-04-07
2024040703018618,MPFL,52,6,50.0,383.0,19150.0,2024-04-07
2024040701030612,SONA,52,6,10.0,473.0,4730.0,2024-04-07
2024040703018617,RSDC,57,35,86.0,628.1,54016.6,2024-04-07
2024040704008615,SALICO,34,25,10.0,665.6,6656.0,2024-04-07
2024040704008614,SALICO,42,25,101.0,665.7,67235.7,2024-04-07
2024040704008613,SALICO,26,25,222.0,666.0,147852.0,2024-04-07
2024040704008612,SALICO,57,25,300.0,666.1,199830.0,2024-04-07
2024040704008611,SALICO,41,25,87.0,667.0,58029.0,2024-04-07
2024040704008610,SALICO,85,25,15.0,668.0,10020.0,2024-04-07
2024040703018616,GUFL,41,25,60.0,883.0,52980.0,2024-04-07
2024040703018615,SJLIC,34,51,10.0,499.9,4999.0,2024-04-07
2024040701030611,ADBL,58,37,27.0,228.0,6156.0,2024-04-07
2024040701030610,ADBL,58,58,13.0,228.0,2964.0,2024-04-07
2024040701030609,MEL,58,54,141.0,221.6,31245.6,2024-04-07
2024040701030608,MEL,58,49,30.0,221.4,6642.0,2024-04-07
2024040701030607,MEL,58,32,10.0,221.0,2210.0,2024-04-07
2024040701030606,MEL,58,35,10.0,221.0,2210.0,2024-04-07
2024040701030605,MEL,58,42,451.0,220.1,99265.1,2024-04-07
2024040701030604,MEL,58,16,358.0,220.1,78795.8,2024-04-07
2024040705004718,HRL,36,55,2000.0,597.0,1194000.0,2024-04-07
2024040701030603,USHL,58,43,14.0,495.0,6930.0,2024-04-07
2024040701030602,USHL,58,19,76.0,494.5,37582.0,2024-04-07
2024040701030601,SARBTM,52,57,10.0,882.0,8820.0,2024-04-07
2024040703018614,KSBBL,43,41,100.0,356.0,35600.0,2024-04-07
2024040703018613,KSBBL,55,41,54.0,356.0,19224.0,2024-04-07
2024040703018612,KSBBL,44,41,250.0,356.0,89000.0,2024-04-07
2024040703018611,USLB,33,49,24.0,1743.0,41832.0,2024-04-07
2024040701030600,MCHL,29,13,10.0,358.0,3580.0,2024-04-07
2024040701030599,CYCL,62,22,30.0,1520.1,45603.0,2024-04-07
2024040704008609,UMHL,40,71,51.0,240.8,12280.8,2024-04-07
2024040704008608,UMHL,40,71,110.0,240.8,26488.0,2024-04-07
2024040704008607,UMHL,40,34,39.0,240.0,9360.0,2024-04-07
2024040703018610,GUFL,41,42,100.0,883.0,88300.0,2024-04-07
2024040704008606,SSHL,20,35,800.0,160.2,128160.0,2024-04-07
2024040704008605,HPPL,14,41,10.0,271.0,2710.0,2024-04-07
2024040704008604,HPPL,14,4,17.0,271.0,4607.0,2024-04-07
2024040703018609,SWMF,81,56,47.0,780.0,36660.0,2024-04-07
2024040703018608,SWMF,13,56,10.0,780.0,7800.0,2024-04-07
2024040703018607,SWMF,40,56,456.0,781.0,356136.0,2024-04-07
2024040703018606,SWMF,13,56,20.0,782.0,15640.0,2024-04-07
2024040701030598,SNLI,41,34,10.0,606.0,6060.0,2024-04-07
2024040701030597,SNLI,41,13,10.0,606.0,6060.0,2024-04-07
2024040701030596,NICA,58,1,10.0,396.0,3960.0,2024-04-07
2024040701030595,SMJC,58,57,10.0,377.0,3770.0,2024-04-07
2024040703018605,SJLIC,5,49,200.0,500.0,100000.0,2024-04-07
2024040704008603,DHPL,50,49,250.0,195.0,48750.0,2024-04-07
2024040701030594,UNLB,28,43,30.0,1661.9,49857.0,2024-04-07
2024040701030593,UNLB,28,47,20.0,1661.9,33238.0,2024-04-07
2024040701030592,UNLB,28,7,20.0,1660.0,33200.0,2024-04-07
2024040701030591,UNLB,28,26,10.0,1660.0,16600.0,2024-04-07
2024040701030590,UNLB,28,17,20.0,1659.0,33180.0,2024-04-07
2024040704008602,IGI,42,88,5000.0,536.5,2682500.0,2024-04-07
2024040701030589,SAMAJ,42,57,10.0,1968.0,19680.0,2024-04-07
2024040703018604,JBBL,45,58,200.0,297.0,59400.0,2024-04-07
2024040703018603,JBBL,45,58,800.0,297.0,237600.0,2024-04-07
2024040701030588,JBLB,45,42,310.0,1365.0,423150.0,2024-04-07
2024040701030587,JBLB,45,36,25.0,1365.0,34125.0,2024-04-07
2024040701030586,JBLB,45,53,22.0,1365.0,30030.0,2024-04-07
2024040701030585,JBLB,45,51,281.0,1364.9,383536.9,2024-04-07
