transaction,symbol,buyer,seller,quantity,rate,amount,date
2024041803002685,PFL,33,72,71.0,520.6,36962.6,2024-04-18
2024041803002684,PFL,33,72,439.0,520.6,228543.4,2024-04-18
2024041803002683,RLFL,91,43,300.0,360.9,108270.0,2024-04-18
2024041805000824,HRL,49,33,20.0,605.1,12102.0,2024-04-18
2024041801004319,SONA,34,34,10.0,442.1,4421.0,2024-04-18
2024041803002682,SDLBSL,10,55,50.0,735.0,36750.0,2024-04-18
2024041803002681,MPFL,1,32,10.0,370.0,3700.0,2024-04-18
2024041803002680,RLFL,71,58,10.0,360.0,3600.0,2024-04-18
2024041803002679,KSBBL,52,35,88.0,346.0,30448.0,2024-04-18
2024041803002678,KMCDB,17,62,10.0,768.5,7685.0,2024-04-18
2024041803002677,KMCDB,37,62,20.0,769.0,15380.0,2024-04-18
2024041804001679,API,42,34,40.0,168.9,6756.0,2024-04-18
2024041803002676,MNBBL,17,74,100.0,338.0,33800.0,2024-04-18
2024041803002675,MNBBL,17,74,30.0,338.0,10140.0,2024-04-18
2024041803002674,MNBBL,32,74,11.0,338.7,3725.7,2024-04-18
2024041803002673,MNBBL,49,74,65.0,338.8,22022.0,2024-04-18
2024041803002672,MNBBL,34,74,10.0,339.0,3390.0,2024-04-18
2024041803002671,GFCL,80,11,1895.0,455.6,863362.0,2024-04-18
2024041803002670,GFCL,80,11,1500.0,455.6,683400.0,2024-04-18
2024041803002669,GFCL,57,11,50.0,455.7,22785.0,2024-04-18
2024041803002668,GFCL,14,11,30.0,456.0,13680.0,2024-04-18
2024041803002667,GFCL,58,11,25.0,456.1,11402.5,2024-04-18
2024041803002666,GBLBS,35,11,15.0,625.0,9375.0,2024-04-18
2024041801004318,NRM,62,49,10.0,357.0,3570.0,2024-04-18
2024041803002665,ICFC,6,42,20.0,500.1,10002.0,2024-04-18
2024041803002664,ICFC,21,42,50.0,500.1,25005.0,2024-04-18
2024041803002663,ICFC,38,42,30.0,500.2,15006.0,2024-04-18
2024041801004317,CLI,55,60,200.0,440.2,88040.0,2024-04-18
2024041801004316,CLI,39,60,50.0,441.0,22050.0,2024-04-18
2024041801004315,CLI,40,60,20.0,442.0,8840.0,2024-04-18
2024041801004314,MEHL,62,38,100.0,314.0,31400.0,2024-04-18
2024041804001678,SICL,46,36,50.0,682.0,34100.0,2024-04-18
2024041805000823,HRL,49,49,10.0,605.1,6051.0,2024-04-18
2024041805000822,NICSF,38,45,500.0,8.89,4445.0,2024-04-18
2024041801004313,PRVU,52,19,100.0,138.0,13800.0,2024-04-18
2024041803002662,NFS,38,35,45.0,455.0,20475.0,2024-04-18
2024041803002661,NFS,38,52,105.0,455.0,47775.0,2024-04-18
2024041801004312,SGHC,38,34,15.0,314.0,4710.0,2024-04-18
2024041801004311,UNLB,13,14,10.0,1615.0,16150.0,2024-04-18
2024041804001677,UPPER,33,54,19.0,165.9,3152.1,2024-04-18
2024041804001676,KKHC,16,34,500.0,228.0,114000.0,2024-04-18
2024041801004310,UHEWA,65,52,10.0,377.0,3770.0,2024-04-18
2024041801004309,UHEWA,35,52,10.0,378.0,3780.0,2024-04-18
2024041801004308,UHEWA,35,52,10.0,380.0,3800.0,2024-04-18
2024041801004307,CLI,16,58,10.0,442.0,4420.0,2024-04-18
2024041801004306,MCHL,42,38,165.0,402.0,66330.0,2024-04-18
2024041801004305,MCHL,10,38,150.0,402.0,60300.0,2024-04-18
2024041801004304,SBL,50,11,50.0,221.0,11050.0,2024-04-18
2024041801004303,KBL,45,1,100.0,134.7,13470.0,2024-04-18
2024041801004302,NBL,45,43,34.0,207.0,7038.0,2024-04-18
2024041801004301,SGHC,34,47,10.0,313.0,3130.0,2024-04-18
2024041804001675,GLH,37,32,10.0,207.9,2079.0,2024-04-18
2024041801004300,TVCL,45,41,30.0,475.0,14250.0,2024-04-18
2024041803002660,RLFL,71,13,500.0,360.0,180000.0,2024-04-18
2024041804001674,API,42,34,50.0,168.9,8445.0,2024-04-18
2024041804001673,UPPER,34,54,100.0,165.9,16590.0,2024-04-18
2024041804001672,NGPL,67,81,3000.0,310.6,931800.0,2024-04-18
2024041801004299,PPL,11,8,10.0,602.0,6020.0,2024-04-18
2024041801004298,SARBTM,14,7,50.0,793.0,39650.0,2024-04-18
2024041803002659,NICLBSL,74,71,700.0,653.8,457660.0,2024-04-18
2024041801004297,MHL,34,88,34.0,400.0,13600.0,2024-04-18
2024041801004296,MHL,38,88,100.0,400.0,40000.0,2024-04-18
2024041801004295,MHL,45,88,100.0,400.0,40000.0,2024-04-18
2024041801004294,MHL,57,88,20.0,400.0,8000.0,2024-04-18
2024041801004293,MHL,8,88,11.0,400.0,4400.0,2024-04-18
2024041801004292,MHL,62,88,150.0,401.0,60150.0,2024-04-18
2024041801004291,MHL,34,88,100.0,401.0,40100.0,2024-04-18
2024041801004290,NBLD87,62,22,25.0,978.0,24450.0,2024-04-18
2024041803002658,SJLIC,45,4,29.0,505.9,14671.1,2024-04-18
2024041801004289,SARBTM,14,49,50.0,793.0,39650.0,2024-04-18
2024041801004288,HDL,54,58,48.0,1466.0,70368.0,2024-04-18
2024041804001671,SPIL,26,4,80.0,726.0,58080.0,2024-04-18
2024041801004287,GCIL,50,57,11.0,479.0,5269.0,2024-04-18
2024041805000821,NIFRA,21,33,54.0,198.0,10692.0,2024-04-18
2024041801004286,SONA,43,58,10.0,442.0,4420.0,2024-04-18
2024041801004285,MKHL,46,58,10.0,464.1,4641.0,2024-04-18
2024041801004284,SPC,45,47,10.0,517.2,5172.0,2024-04-18
2024041804007381,MEN,40,36,200.0,502.0,100400.0,2024-04-18
2024041804007380,MEN,40,18,500.0,502.0,251000.0,2024-04-18
2024041803010737,NFS,88,38,30.0,441.0,13230.0,2024-04-18
2024041803010736,SFCL,44,61,130.0,313.7,40781.0,2024-04-18
2024041803010735,NADEP,64,36,10.0,679.0,6790.0,2024-04-18
2024041803010734,NADEP,64,57,100.0,678.9,67890.0,2024-04-18
2024041801019278,NIMB,4,52,500.0,152.5,76250.0,2024-04-18
2024041804007379,AKJCL,14,45,68.0,206.2,14021.6,2024-04-18
2024041805003516,ENL,17,45,50.0,815.2,40760.0,2024-04-18
2024041801019277,LSL,22,69,10.0,150.9,1509.0,2024-04-18
2024041801019276,EBL,39,32,10.0,497.0,4970.0,2024-04-18
2024041804007378,SALICO,39,43,10.0,634.0,6340.0,2024-04-18
2024041803010733,KLBSL,62,47,11.0,856.8,9424.8,2024-04-18
2024041803010732,JFL,71,10,60.0,439.0,26340.0,2024-04-18
2024041803010731,JFL,71,17,40.0,438.1,17524.0,2024-04-18
2024041804007377,MEN,4,11,10.0,501.6,5016.0,2024-04-18
2024041801019275,GBIME,49,42,177.0,175.3,31028.1,2024-04-18
2024041801019274,GBIME,49,42,200.0,175.4,35080.0,2024-04-18
2024041801019273,SARBTM,19,7,5.0,767.8,3839.0,2024-04-18
2024041801019272,SARBTM,34,7,20.0,767.8,15356.0,2024-04-18
2024041801019271,SARBTM,58,7,25.0,767.9,19197.5,2024-04-18
2024041801019270,MEL,71,18,53.0,226.3,11993.9,2024-04-18
2024041801019269,MEL,4,18,46.0,226.3,10409.8,2024-04-18
2024041801019268,MEL,58,18,50.0,226.3,11315.0,2024-04-18
2024041801019267,MEL,48,18,47.0,226.3,10636.1,2024-04-18
2024041801019266,MEL,58,18,154.0,229.0,35266.0,2024-04-18
2024041801019265,EBL,49,55,100.0,495.0,49500.0,2024-04-18
2024041803010730,NLICL,34,41,10.0,543.4,5434.0,2024-04-18
2024041803010729,GILB,44,19,10.0,965.0,9650.0,2024-04-18
2024041801019264,EBL,44,32,10.0,497.0,4970.0,2024-04-18
2024041801019263,IHL,44,49,10.0,381.0,3810.0,2024-04-18
2024041803010728,JBBL,48,49,100.0,281.0,28100.0,2024-04-18
2024041803010727,SJLIC,58,38,39.0,504.7,19683.3,2024-04-18
2024041803010726,SJLIC,11,38,11.0,504.8,5552.8,2024-04-18
2024041803010725,SJLIC,35,38,50.0,504.8,25240.0,2024-04-18
2024041801019262,NICA,11,46,20.0,385.0,7700.0,2024-04-18
2024041801019261,CLI,18,38,325.0,439.5,142837.5,2024-04-18
2024041803010724,MERO,55,43,10.0,610.0,6100.0,2024-04-18
2024041803010723,GLBSL,38,50,100.0,1836.0,183600.0,2024-04-18
2024041805003515,HRL,43,47,50.0,600.0,30000.0,2024-04-18
2024041801019260,BHL,34,62,10.0,334.0,3340.0,2024-04-18
2024041801019259,PPL,20,69,20.0,657.0,13140.0,2024-04-18
2024041801019258,PCBL,56,49,10.0,188.8,1888.0,2024-04-18
2024041801019257,PPL,58,71,44.0,657.0,28908.0,2024-04-18
2024041801019256,EBL,46,32,13.0,497.0,6461.0,2024-04-18
2024041804007376,NHPC,46,57,300.0,145.0,43500.0,2024-04-18
2024041804007375,HEI,51,38,10.0,568.0,5680.0,2024-04-18
2024041803010722,GUFL,37,10,73.0,820.0,59860.0,2024-04-18
2024041803010721,GUFL,45,10,97.0,820.0,79540.0,2024-04-18
2024041804007374,JOSHI,41,32,100.0,345.0,34500.0,2024-04-18
2024041803010720,GFCL,86,81,10.0,447.7,4477.0,2024-04-18
2024041801019255,DORDI,14,39,20.0,413.9,8278.0,2024-04-18
2024041805003514,BBC,49,47,10.0,3700.0,37000.0,2024-04-18
2024041801019254,RHGCL,6,49,10.0,325.0,3250.0,2024-04-18
2024041801019253,PPL,50,71,50.0,657.0,32850.0,2024-04-18
2024041804007373,CGH,19,4,200.0,790.0,158000.0,2024-04-18
2024041804007372,CGH,42,4,14.0,790.0,11060.0,2024-04-18
2024041804007371,CGH,38,4,38.0,790.0,30020.0,2024-04-18
2024041804007370,CGH,5,4,30.0,790.0,23700.0,2024-04-18
2024041804007369,CGH,5,4,100.0,790.0,79000.0,2024-04-18
2024041804007368,CGH,57,4,30.0,790.0,23700.0,2024-04-18
2024041804007367,CGH,19,4,30.0,790.1,23703.0,2024-04-18
2024041801019252,MCHL,28,49,10.0,409.0,4090.0,2024-04-18
2024041803010719,GILB,77,19,10.0,965.0,9650.0,2024-04-18
2024041801019251,SONA,22,22,20.0,439.0,8780.0,2024-04-18
2024041803010718,GILB,62,19,10.0,965.0,9650.0,2024-04-18
2024041801019250,RHGCL,71,49,10.0,325.0,3250.0,2024-04-18
2024041801019249,MKHL,42,42,10.0,484.9,4849.0,2024-04-18
2024041804007366,PRIN,44,34,26.0,772.5,20085.0,2024-04-18
2024041804007365,PRIN,44,57,100.0,772.0,77200.0,2024-04-18
2024041804007364,PRIN,44,45,500.0,772.0,386000.0,2024-04-18
2024041804007363,PRIN,44,65,100.0,770.0,77000.0,2024-04-18
2024041804007362,PRIN,44,19,150.0,770.0,115500.0,2024-04-18
2024041804007361,PRIN,44,57,50.0,770.0,38500.0,2024-04-18
2024041804007360,PRIN,44,51,18.0,769.0,13842.0,2024-04-18
2024041804007359,PRIN,44,63,100.0,769.0,76900.0,2024-04-18
2024041804007358,PRIN,44,58,10.0,768.9,7689.0,2024-04-18
2024041804007357,TRH,62,44,190.0,725.0,137750.0,2024-04-18
2024041801019248,KBL,48,5,322.0,135.0,43470.0,2024-04-18
2024041801019247,KBL,48,45,10.0,135.0,1350.0,2024-04-18
2024041801019246,KBL,48,32,100.0,134.0,13400.0,2024-04-18
2024041801019245,KBL,48,58,42.0,134.0,5628.0,2024-04-18
2024041801019244,KBL,48,34,268.0,134.0,35912.0,2024-04-18
2024041801019243,KBL,48,41,16.0,134.0,2144.0,2024-04-18
2024041801019242,KBL,48,32,540.0,134.0,72360.0,2024-04-18
2024041801019241,KBL,48,58,100.0,133.5,13350.0,2024-04-18
2024041801019240,KBL,48,48,241.0,133.5,32173.5,2024-04-18
2024041801019239,KBL,48,25,341.0,133.4,45489.4,2024-04-18
2024041801019238,KBL,48,58,320.0,133.2,42624.0,2024-04-18
2024041803010717,GRDBL,75,57,10.0,400.0,4000.0,2024-04-18
2024041803010716,SWBBL,16,29,10.0,733.9,7339.0,2024-04-18
2024041801019237,MHL,13,25,10.0,399.0,3990.0,2024-04-18
2024041803010715,NFS,58,38,10.0,441.0,4410.0,2024-04-18
2024041805003513,HRL,45,59,30.0,599.0,17970.0,2024-04-18
2024041805003512,HRL,51,59,50.0,599.0,29950.0,2024-04-18
2024041805003511,HRL,43,59,100.0,599.0,59900.0,2024-04-18
2024041805003510,HRL,41,59,100.0,599.0,59900.0,2024-04-18
2024041805003509,HRL,49,59,1723.0,599.0,1032077.0,2024-04-18
2024041805003508,HRL,17,59,200.0,599.2,119840.0,2024-04-18
2024041805003507,HRL,17,59,100.0,599.2,59920.0,2024-04-18
2024041805003506,HRL,17,59,74.0,599.2,44340.8,2024-04-18
2024041805003505,HRL,22,59,50.0,599.3,29965.0,2024-04-18
2024041805003504,HRL,17,59,100.0,599.3,59930.0,2024-04-18
2024041805003503,HRL,17,59,100.0,599.4,59940.0,2024-04-18
2024041805003502,HRL,58,59,40.0,599.5,23980.0,2024-04-18
2024041805003501,HRL,17,59,163.0,599.6,97734.8,2024-04-18
2024041805003500,HRL,17,59,170.0,599.7,101949.0,2024-04-18
2024041801019236,MANDU,65,6,50.0,744.0,37200.0,2024-04-18
2024041801019235,MANDU,65,65,450.0,743.0,334350.0,2024-04-18
2024041801019234,MANDU,65,35,500.0,737.0,368500.0,2024-04-18
2024041801019233,PPL,65,71,50.0,657.0,32850.0,2024-04-18
2024041805003499,BBC,10,47,10.0,3700.0,37000.0,2024-04-18
2024041804007356,RIDI,43,14,308.0,171.0,52668.0,2024-04-18
2024041804007355,RIDI,57,14,20.0,171.0,3420.0,2024-04-18
2024041804007354,RIDI,47,14,50.0,171.0,8550.0,2024-04-18
2024041804007353,RIDI,57,14,72.0,171.0,12312.0,2024-04-18
2024041803010714,BFC,4,55,100.0,350.0,35000.0,2024-04-18
2024041803010713,BFC,4,1,10.0,350.0,3500.0,2024-04-18
2024041801019232,BEDC,45,35,10.0,366.0,3660.0,2024-04-18
2024041801019231,BEDC,45,11,10.0,366.0,3660.0,2024-04-18
2024041801019230,BEDC,45,32,10.0,366.0,3660.0,2024-04-18
2024041804007352,TRH,62,45,10.0,725.0,7250.0,2024-04-18
2024041803010712,SJLIC,33,49,100.0,505.0,50500.0,2024-04-18
2024041803010711,MDB,62,39,100.0,419.1,41910.0,2024-04-18
2024041801019229,PPL,62,71,856.0,657.0,562392.0,2024-04-18
2024041801019228,PPL,62,17,2000.0,654.8,1309600.0,2024-04-18
2024041801019227,PPL,62,34,1000.0,647.0,647000.0,2024-04-18
2024041801019226,PPL,62,6,300.0,647.0,194100.0,2024-04-18
2024041801019225,PPL,62,69,20.0,647.0,12940.0,2024-04-18
2024041801019224,PPL,62,26,20.0,645.0,12900.0,2024-04-18
2024041801019223,PPL,62,49,500.0,642.0,321000.0,2024-04-18
2024041801019222,PPL,62,4,10.0,622.0,6220.0,2024-04-18
2024041801019221,PPL,62,42,20.0,621.0,12420.0,2024-04-18
2024041801019220,PPL,62,26,50.0,621.0,31050.0,2024-04-18
2024041801019219,PPL,62,16,10.0,614.8,6148.0,2024-04-18
2024041801019218,PPL,62,33,100.0,614.8,61480.0,2024-04-18
2024041801019217,PPL,62,58,500.0,614.0,307000.0,2024-04-18
2024041801019216,PPL,62,40,100.0,614.0,61400.0,2024-04-18
2024041801019215,PPL,62,18,100.0,614.0,61400.0,2024-04-18
2024041801019214,PPL,62,43,10.0,614.0,6140.0,2024-04-18
2024041801019213,PPL,62,44,100.0,614.0,61400.0,2024-04-18
2024041801019212,PPL,62,42,305.0,614.0,187270.0,2024-04-18
2024041801019211,PPL,62,49,10.0,613.4,6134.0,2024-04-18
2024041801019210,PPL,62,17,290.0,613.4,177886.0,2024-04-18
2024041801019209,PPL,62,41,150.0,613.4,92010.0,2024-04-18
2024041801019208,PPL,62,20,500.0,613.4,306700.0,2024-04-18
2024041801019207,PPL,62,22,212.0,613.4,130040.8,2024-04-18
2024041801019206,PPL,62,5,10.0,613.4,6134.0,2024-04-18
2024041801019205,PPL,62,55,100.0,613.4,61340.0,2024-04-18
2024041801019204,PPL,62,41,25.0,613.0,15325.0,2024-04-18
2024041801019203,PPL,62,80,2000.0,613.0,1226000.0,2024-04-18
2024041801019202,PPL,62,33,50.0,613.0,30650.0,2024-04-18
2024041801019201,PPL,62,58,40.0,613.0,24520.0,2024-04-18
2024041801019200,PPL,62,49,10.0,613.0,6130.0,2024-04-18
2024041801019199,PPL,62,32,10.0,613.0,6130.0,2024-04-18
2024041801019198,PPL,62,43,40.0,613.0,24520.0,2024-04-18
2024041801019197,PPL,62,58,110.0,613.0,67430.0,2024-04-18
2024041801019196,PPL,62,34,10.0,613.0,6130.0,2024-04-18
2024041801019195,PPL,62,58,60.0,613.0,36780.0,2024-04-18
2024041801019194,PPL,62,29,10.0,613.0,6130.0,2024-04-18
2024041801019193,PPL,62,33,100.0,613.0,61300.0,2024-04-18
2024041801019192,PPL,62,56,10.0,613.0,6130.0,2024-04-18
2024041801019191,PPL,62,45,10.0,613.0,6130.0,2024-04-18
2024041801019190,PPL,62,17,100.0,612.3,61230.0,2024-04-18
2024041801019189,PPL,62,28,200.0,612.0,122400.0,2024-04-18
2024041801019188,PPL,62,22,10.0,610.0,6100.0,2024-04-18
2024041801019187,PPL,62,35,10.0,610.0,6100.0,2024-04-18
2024041801019186,PPL,62,45,10.0,610.0,6100.0,2024-04-18
2024041801019185,PPL,62,55,10.0,610.0,6100.0,2024-04-18
2024041801019184,PPL,62,58,10.0,610.0,6100.0,2024-04-18
2024041801019183,PPL,62,35,10.0,610.0,6100.0,2024-04-18
2024041801019182,PPL,62,34,10.0,610.0,6100.0,2024-04-18
2024041801019181,PPL,62,51,10.0,610.0,6100.0,2024-04-18
2024041801019180,PPL,62,11,10.0,609.8,6098.0,2024-04-18
2024041801019179,PPL,62,20,164.0,609.7,99990.8,2024-04-18
2024041801019178,PPL,62,44,10.0,606.0,6060.0,2024-04-18
2024041801019177,PPL,62,91,10.0,606.0,6060.0,2024-04-18
2024041801019176,PPL,62,28,200.0,605.0,121000.0,2024-04-18
2024041801019175,PPL,62,55,10.0,605.0,6050.0,2024-04-18
2024041801019174,PPL,62,47,10.0,605.0,6050.0,2024-04-18
2024041801019173,PPL,62,70,310.0,604.0,187240.0,2024-04-18
2024041801019172,PPL,62,70,138.0,604.0,83352.0,2024-04-18
2024041801019171,SGHC,70,72,14.0,315.0,4410.0,2024-04-18
2024041803010710,HLI,55,42,50.0,387.0,19350.0,2024-04-18
2024041801019170,TSHL,42,38,15.0,515.0,7725.0,2024-04-18
2024041803010709,JFL,70,17,50.0,438.1,21905.0,2024-04-18
2024041801019169,AHL,7,26,10.0,436.0,4360.0,2024-04-18
2024041801019168,AHL,7,34,10.0,435.0,4350.0,2024-04-18
2024041803010708,SJLIC,18,49,10.0,505.0,5050.0,2024-04-18
2024041803010707,MFIL,55,49,10.0,499.0,4990.0,2024-04-18
2024041801019167,PPL,35,70,62.0,604.0,37448.0,2024-04-18
2024041801019166,PPL,35,56,10.0,604.0,6040.0,2024-04-18
2024041801019165,PPL,35,52,10.0,603.0,6030.0,2024-04-18
2024041801019164,PPL,35,56,10.0,603.0,6030.0,2024-04-18
2024041801019163,PPL,35,70,200.0,603.0,120600.0,2024-04-18
2024041801019162,PPL,35,16,10.0,602.0,6020.0,2024-04-18
2024041801019161,PPL,35,43,10.0,602.0,6020.0,2024-04-18
2024041801019160,PPL,35,28,188.0,602.0,113176.0,2024-04-18
2024041804007351,AHPC,47,19,10.0,165.0,1650.0,2024-04-18
2024041801019159,SBI,5,42,83.0,274.0,22742.0,2024-04-18
2024041801019158,SBI,5,45,16.0,273.0,4368.0,2024-04-18
2024041803010706,NFS,43,38,20.0,441.0,8820.0,2024-04-18
2024041803010705,NFS,43,58,30.0,441.0,13230.0,2024-04-18
2024041803010704,MFIL,53,49,10.0,499.0,4990.0,2024-04-18
2024041805003498,NRN,3,49,20.0,511.0,10220.0,2024-04-18
2024041801019157,PPL,20,28,12.0,602.0,7224.0,2024-04-18
2024041801019156,PPL,20,8,10.0,602.0,6020.0,2024-04-18
2024041803010703,GUFL,8,58,200.0,821.0,164200.0,2024-04-18
2024041801019155,USHEC,60,58,20.0,362.8,7256.0,2024-04-18
2024041803010702,MNBBL,59,56,50.0,337.0,16850.0,2024-04-18
2024041803010701,NMBMF,14,48,10.0,592.0,5920.0,2024-04-18
2024041801019154,SBL,50,58,89.0,222.7,19820.3,2024-04-18
2024041801019153,SBL,50,28,11.0,222.0,2442.0,2024-04-18
2024041801019152,SBL,50,16,500.0,220.9,110450.0,2024-04-18
2024041801019151,RHGCL,69,48,60.0,324.0,19440.0,2024-04-18
2024041801019150,RHGCL,69,42,100.0,323.0,32300.0,2024-04-18
2024041801019149,RHGCL,69,45,50.0,323.0,16150.0,2024-04-18
2024041801019148,RHGCL,69,65,20.0,323.0,6460.0,2024-04-18
2024041801019147,SHLB,45,57,10.0,1240.0,12400.0,2024-04-18
2024041803010700,GUFL,33,35,100.0,827.9,82790.0,2024-04-18
2024041801019146,PCBL,39,28,114.0,188.1,21443.4,2024-04-18
2024041801019145,CYCL,62,41,64.0,1580.0,101120.0,2024-04-18
2024041801019144,CYCL,62,4,10.0,1579.0,15790.0,2024-04-18
2024041801019143,CYCL,62,5,26.0,1578.9,41051.4,2024-04-18
2024041803010699,GILB,62,19,10.0,965.0,9650.0,2024-04-18
2024041801019142,SHLB,62,58,10.0,1240.0,12400.0,2024-04-18
2024041804007350,LEC,94,14,1835.0,188.0,344980.0,2024-04-18
2024041804007349,LEC,94,57,110.0,188.0,20680.0,2024-04-18
2024041804007348,LEC,94,66,100.0,187.6,18760.0,2024-04-18
2024041804007347,LEC,94,64,1500.0,186.0,279000.0,2024-04-18
2024041804007346,LEC,94,8,100.0,185.8,18580.0,2024-04-18
2024041804007345,LEC,94,16,200.0,185.5,37100.0,2024-04-18
2024041804007344,LEC,94,32,100.0,185.0,18500.0,2024-04-18
2024041804007343,LEC,94,45,600.0,185.0,111000.0,2024-04-18
2024041804007342,LEC,94,52,865.0,185.0,160025.0,2024-04-18
2024041804007341,LEC,94,13,50.0,184.0,9200.0,2024-04-18
2024041804007340,LEC,94,52,40.0,184.0,7360.0,2024-04-18
2024041804007339,LEC,94,94,1500.0,184.0,276000.0,2024-04-18
2024041801019141,MKCL,42,55,10.0,877.0,8770.0,2024-04-18
2024041805003497,LEMF,94,49,5458.0,9.5,51851.0,2024-04-18
2024041801019140,SONA,94,52,10.0,438.0,4380.0,2024-04-18
2024041801019139,AVYAN,18,70,200.0,693.6,138720.0,2024-04-18
2024041801019138,AVYAN,18,18,100.0,693.6,69360.0,2024-04-18
2024041801019137,AVYAN,18,92,700.0,693.6,485520.0,2024-04-18
2024041801019136,AVYAN,18,41,60.0,693.0,41580.0,2024-04-18
2024041801019135,AVYAN,18,43,50.0,693.0,34650.0,2024-04-18
2024041801019134,AVYAN,18,21,10.0,690.0,6900.0,2024-04-18
2024041801019133,AVYAN,18,11,19.0,688.9,13089.1,2024-04-18
2024041801019132,AVYAN,18,49,185.0,688.0,127280.0,2024-04-18
2024041801019131,AVYAN,18,95,111.0,687.0,76257.0,2024-04-18
2024041801019130,AVYAN,18,52,100.0,687.0,68700.0,2024-04-18
2024041801019129,AVYAN,18,48,500.0,687.0,343500.0,2024-04-18
2024041801019128,AVYAN,18,48,500.0,687.0,343500.0,2024-04-18
2024041801019127,AVYAN,18,38,30.0,687.0,20610.0,2024-04-18
2024041801019126,AVYAN,18,41,140.0,685.0,95900.0,2024-04-18
2024041801019125,AVYAN,18,58,10.0,683.4,6834.0,2024-04-18
2024041801019124,AVYAN,18,35,10.0,682.0,6820.0,2024-04-18
2024041801019123,AVYAN,18,58,150.0,680.0,102000.0,2024-04-18
2024041801019122,AVYAN,18,21,10.0,680.0,6800.0,2024-04-18
2024041801019121,AVYAN,18,29,10.0,680.0,6800.0,2024-04-18
2024041801019120,AVYAN,18,38,10.0,679.3,6793.0,2024-04-18
2024041801019119,AVYAN,18,57,282.0,678.3,191280.6,2024-04-18
2024041801019118,AVYAN,18,34,100.0,678.0,67800.0,2024-04-18
2024041801019117,AVYAN,18,29,10.0,678.0,6780.0,2024-04-18
2024041801019116,AVYAN,18,49,10.0,678.0,6780.0,2024-04-18
2024041801019115,AVYAN,18,56,10.0,677.0,6770.0,2024-04-18
2024041801019114,AVYAN,18,52,10.0,676.0,6760.0,2024-04-18
2024041801019113,AVYAN,18,5,40.0,676.0,27040.0,2024-04-18
2024041801019112,AVYAN,18,34,56.0,674.5,37772.0,2024-04-18
2024041801019111,GCIL,78,34,50.0,473.0,23650.0,2024-04-18
2024041804007338,UPPER,53,33,100.0,164.9,16490.0,2024-04-18
2024041801019110,VLUCL,34,33,20.0,475.0,9500.0,2024-04-18
2024041801019109,MKHL,58,14,200.0,484.1,96820.0,2024-04-18
2024041801019108,MKHL,58,13,388.0,484.0,187792.0,2024-04-18
2024041801019107,MKHL,58,14,10.0,484.0,4840.0,2024-04-18
2024041801019106,MKHL,58,59,10.0,483.0,4830.0,2024-04-18
2024041801019105,MKHL,58,38,10.0,483.0,4830.0,2024-04-18
2024041801019104,MKHL,58,45,10.0,483.0,4830.0,2024-04-18
2024041801019103,MKHL,58,50,60.0,482.5,28950.0,2024-04-18
2024041803010698,ICFC,59,57,259.0,498.0,128982.0,2024-04-18
2024041803010697,ICFC,46,57,100.0,498.0,49800.0,2024-04-18
2024041803010696,ICFC,8,57,41.0,498.0,20418.0,2024-04-18
2024041804007337,UMRH,20,57,11.0,340.5,3745.5,2024-04-18
2024041804007336,UMRH,42,57,75.0,340.5,25537.5,2024-04-18
2024041803010695,SJLIC,57,49,300.0,505.0,151500.0,2024-04-18
2024041801019102,BNHC,32,42,10.0,460.9,4609.0,2024-04-18
2024041801019101,HDL,25,43,50.0,1461.9,73095.0,2024-04-18
2024041805003496,HIDCL,39,44,10.0,162.0,1620.0,2024-04-18
2024041801019100,RFPL,62,80,1000.0,380.0,380000.0,2024-04-18
2024041801019099,DOLTI,66,7,55.0,443.2,24376.0,2024-04-18
2024041803010694,LBBL,65,42,460.0,365.1,167946.0,2024-04-18
2024041801019098,SAMAJ,42,49,10.0,1880.0,18800.0,2024-04-18
2024041801019097,SAMAJ,42,49,10.0,1874.0,18740.0,2024-04-18
2024041801019096,KDL,48,47,147.0,753.1,110705.7,2024-04-18
2024041801019095,KDL,51,47,13.0,753.2,9791.6,2024-04-18
2024041801019094,KDL,88,47,10.0,755.0,7550.0,2024-04-18
2024041801019093,KDL,17,47,20.0,755.2,15104.0,2024-04-18
2024041801019092,KDL,32,47,10.0,755.2,7552.0,2024-04-18
2024041805003495,CHDC,1,11,60.0,796.0,47760.0,2024-04-18
2024041805003494,CHDC,1,11,40.0,796.0,31840.0,2024-04-18
2024041803010693,SJLIC,35,11,61.0,504.8,30792.8,2024-04-18
2024041803010692,SJLIC,4,11,50.0,504.9,25245.0,2024-04-18
2024041805003493,CHDC,43,11,10.0,796.0,7960.0,2024-04-18
2024041805003492,CHDC,43,58,10.0,791.1,7911.0,2024-04-18
2024041804007335,UPPER,38,34,80.0,164.5,13160.0,2024-04-18
2024041803010691,MSLB,74,41,30.0,1081.0,32430.0,2024-04-18
2024041803010690,MSLB,17,41,100.0,1081.1,108110.0,2024-04-18
2024041803010689,GRDBL,33,88,100.0,395.3,39530.0,2024-04-18
2024041803010688,GRDBL,81,88,150.0,396.1,59415.0,2024-04-18
2024041803010687,GRDBL,28,88,250.0,396.5,99125.0,2024-04-18
2024041803010686,SMFBS,54,32,10.0,1133.2,11332.0,2024-04-18
2024041803010685,EDBL,14,34,80.0,358.9,28712.0,2024-04-18
2024041803010684,EDBL,14,17,250.0,357.0,89250.0,2024-04-18
2024041803010683,EDBL,14,39,172.0,355.0,61060.0,2024-04-18
2024041803010682,SWBBL,50,29,10.0,733.9,7339.0,2024-04-18
2024041803010681,SWBBL,50,52,24.0,730.0,17520.0,2024-04-18
2024041804007334,GLH,26,49,135.0,205.1,27688.5,2024-04-18
2024041804007333,GLH,14,49,50.0,205.1,10255.0,2024-04-18
2024041804007332,GLH,56,49,100.0,205.2,20520.0,2024-04-18
2024041804007331,GLH,83,49,100.0,205.3,20530.0,2024-04-18
2024041804007330,GLH,7,49,90.0,205.4,18486.0,2024-04-18
2024041804007329,GLH,56,49,20.0,205.4,4108.0,2024-04-18
2024041804007328,GLH,17,49,50.0,206.0,10300.0,2024-04-18
2024041804007327,GLH,28,49,20.0,206.0,4120.0,2024-04-18
2024041803010680,NABBC,38,45,10.0,400.0,4000.0,2024-04-18
2024041803010679,SINDU,45,70,20.0,364.0,7280.0,2024-04-18
2024041803010678,SINDU,45,55,100.0,363.0,36300.0,2024-04-18
2024041803010677,SINDU,45,35,90.0,360.0,32400.0,2024-04-18
2024041803010676,SINDU,45,42,90.0,359.4,32346.0,2024-04-18
2024041803010675,ILBS,39,4,51.0,959.0,48909.0,2024-04-18
2024041803010674,ILBS,39,58,20.0,958.9,19178.0,2024-04-18
2024041803010673,ILBS,39,58,30.0,958.8,28764.0,2024-04-18
2024041803010672,ILBS,39,58,20.0,958.7,19174.0,2024-04-18
2024041803010671,ILBS,39,58,30.0,958.6,28758.0,2024-04-18
2024041803010670,ILBS,39,58,10.0,953.9,9539.0,2024-04-18
2024041803010669,ILBS,39,28,10.0,953.0,9530.0,2024-04-18
2024041803010668,ILBS,39,74,10.0,953.0,9530.0,2024-04-18
2024041803010667,ILBS,39,42,19.0,940.0,17860.0,2024-04-18
2024041801019091,MANDU,56,26,10.0,729.0,7290.0,2024-04-18
2024041805003491,NMB50,6,7,500.0,9.5,4750.0,2024-04-18
2024041801019090,SMJC,49,35,10.0,365.5,3655.0,2024-04-18
2024041801019089,VLUCL,8,33,10.0,474.0,4740.0,2024-04-18
2024041801019088,NABIL,58,16,29.0,429.9,12467.1,2024-04-18
2024041801019087,AVYAN,16,57,10.0,674.0,6740.0,2024-04-18
2024041801019086,SMJC,34,71,500.0,369.5,184750.0,2024-04-18
2024041803010666,GBBL,56,57,50.0,360.0,18000.0,2024-04-18
2024041803010665,SJLIC,41,49,100.0,505.0,50500.0,2024-04-18
2024041801019085,VLUCL,53,51,16.0,471.5,7544.0,2024-04-18
2024041804007326,API,47,58,150.0,167.9,25185.0,2024-04-18
2024041804007325,CHL,10,29,11.0,312.0,3432.0,2024-04-18
2024041804007324,CHL,10,39,89.0,311.0,27679.0,2024-04-18
2024041803010664,KSBBL,14,60,12.0,343.4,4120.8,2024-04-18
2024041801019084,MANDU,56,45,10.0,729.0,7290.0,2024-04-18
2024041801019083,MANDU,52,45,40.0,729.0,29160.0,2024-04-18
2024041804007323,UPCL,22,49,425.0,194.1,82492.5,2024-04-18
2024041804007322,UPCL,34,49,100.0,194.1,19410.0,2024-04-18
2024041804007321,UPCL,45,49,600.0,194.2,116520.0,2024-04-18
2024041804007320,IGI,91,65,90.0,521.5,46935.0,2024-04-18
2024041804007319,IGI,91,8,300.0,521.4,156420.0,2024-04-18
2024041803010663,RLFL,39,44,10.0,359.9,3599.0,2024-04-18
2024041801019082,MAKAR,42,65,300.0,390.0,117000.0,2024-04-18
2024041804007318,GHL,42,41,71.0,149.0,10579.0,2024-04-18
2024041804007317,GHL,42,53,300.0,148.9,44670.0,2024-04-18
2024041804007316,GHL,42,16,100.0,148.9,14890.0,2024-04-18
2024041804007315,GHL,42,19,29.0,148.9,4318.1,2024-04-18
2024041803010662,WNLB,54,35,10.0,1246.0,12460.0,2024-04-18
2024041803010661,WNLB,46,35,55.0,1249.5,68722.5,2024-04-18
2024041803010660,WNLB,49,35,10.0,1250.0,12500.0,2024-04-18
2024041803010659,WNLB,40,35,50.0,1250.0,62500.0,2024-04-18
2024041803010658,WNLB,48,35,10.0,1250.0,12500.0,2024-04-18
2024041803010657,WNLB,25,35,50.0,1251.0,62550.0,2024-04-18
2024041803010656,WNLB,58,35,60.0,1251.1,75066.0,2024-04-18
2024041803010655,WNLB,42,35,10.0,1255.0,12550.0,2024-04-18
2024041803010654,WNLB,6,35,10.0,1255.0,12550.0,2024-04-18
2024041803010653,WNLB,5,35,25.0,1255.0,31375.0,2024-04-18
2024041803010652,WNLB,40,35,50.0,1255.5,62775.0,2024-04-18
2024041803010651,WNLB,36,35,10.0,1274.9,12749.0,2024-04-18
2024041803010650,NICLBSL,45,7,20.0,646.0,12920.0,2024-04-18
2024041801019081,DORDI,95,81,10.0,412.0,4120.0,2024-04-18
2024041801019080,NABIL,3,58,10.0,430.0,4300.0,2024-04-18
2024041804007314,PPCL,34,34,10.0,247.9,2479.0,2024-04-18
2024041803010649,ACLBSL,13,40,10.0,745.1,7451.0,2024-04-18
2024041803010648,PROFL,35,29,200.0,314.5,62900.0,2024-04-18
2024041803010647,PROFL,41,29,50.0,314.5,15725.0,2024-04-18
2024041803010646,BFC,58,1,40.0,350.0,14000.0,2024-04-18
2024041804007313,NICL,14,58,10.0,805.0,8050.0,2024-04-18
2024041804007312,SPDL,49,55,10.0,229.0,2290.0,2024-04-18
2024041805003490,CIT,49,54,10.0,2090.0,20900.0,2024-04-18
2024041805003489,CIT,49,40,12.0,2090.0,25080.0,2024-04-18
2024041801019079,SHIVM,22,36,10.0,499.0,4990.0,2024-04-18
2024041803010645,SAPDBL,72,42,3000.0,294.0,882000.0,2024-04-18
2024041803010644,SAPDBL,72,21,348.0,293.9,102277.2,2024-04-18
2024041803010643,SAPDBL,72,54,200.0,293.0,58600.0,2024-04-18
2024041803010642,SAPDBL,72,42,100.0,293.0,29300.0,2024-04-18
2024041801019078,DORDI,95,26,39.0,412.0,16068.0,2024-04-18
2024041801019077,DORDI,34,26,40.0,412.0,16480.0,2024-04-18
2024041801019076,DORDI,62,26,10.0,412.1,4121.0,2024-04-18
2024041801019075,DORDI,33,26,40.0,412.1,16484.0,2024-04-18
2024041804007311,SPDL,17,55,10.0,229.0,2290.0,2024-04-18
2024041803010641,SIFC,55,17,10.0,374.9,3749.0,2024-04-18
2024041801019074,TVCL,35,34,100.0,467.0,46700.0,2024-04-18
2024041803010640,SJLIC,76,49,208.0,505.0,105040.0,2024-04-18
2024041804007310,NGPL,7,49,100.0,312.1,31210.0,2024-04-18
2024041804007309,NGPL,7,22,100.0,312.1,31210.0,2024-04-18
2024041801019073,ILI,52,44,388.0,540.0,209520.0,2024-04-18
2024041801019072,ILI,38,44,112.0,540.1,60491.2,2024-04-18
2024041803010639,MLBL,21,46,20.0,315.0,6300.0,2024-04-18
2024041803010638,GLBSL,38,40,58.0,1872.0,108576.0,2024-04-18
2024041803010637,GLBSL,38,1,20.0,1872.0,37440.0,2024-04-18
2024041803010636,GLBSL,38,45,12.0,1872.0,22464.0,2024-04-18
2024041803010635,GLBSL,38,69,10.0,1839.0,18390.0,2024-04-18
2024041804007308,NHPC,34,57,250.0,145.0,36250.0,2024-04-18
2024041801019071,TAMOR,19,80,10.0,378.1,3781.0,2024-04-18
2024041801019070,MHCL,41,33,50.0,389.0,19450.0,2024-04-18
2024041801019069,GCIL,56,57,174.0,472.0,82128.0,2024-04-18
2024041801019068,GCIL,58,57,50.0,472.0,23600.0,2024-04-18
2024041801019067,GCIL,22,57,25.0,472.0,11800.0,2024-04-18
2024041801019066,GCIL,39,57,81.0,472.0,38232.0,2024-04-18
2024041801019065,GCIL,56,57,500.0,472.1,236050.0,2024-04-18
2024041801019064,SARBTM,6,44,500.0,768.0,384000.0,2024-04-18
2024041803010634,KRBL,16,45,200.0,397.0,79400.0,2024-04-18
2024041803010633,KRBL,49,45,20.0,397.2,7944.0,2024-04-18
2024041803010632,NICLBSL,45,50,40.0,646.0,25840.0,2024-04-18
2024041803010631,NICLBSL,45,58,20.0,646.0,12920.0,2024-04-18
2024041804007307,NGPL,37,49,800.0,312.0,249600.0,2024-04-18
2024041803010630,ACLBSL,62,62,10.0,750.0,7500.0,2024-04-18
2024041801019063,MAKAR,17,65,10.0,390.0,3900.0,2024-04-18
2024041803010629,MPFL,17,39,10.0,369.8,3698.0,2024-04-18
2024041801019062,SARBTM,17,44,100.0,768.0,76800.0,2024-04-18
2024041801019061,CITY,14,35,90.0,576.1,51849.0,2024-04-18
2024041801019060,CITY,17,35,30.0,576.1,17283.0,2024-04-18
2024041801019059,CITY,13,35,10.0,576.3,5763.0,2024-04-18
2024041801019058,CITY,13,35,10.0,576.4,5764.0,2024-04-18
2024041801019057,CITY,35,35,100.0,576.5,57650.0,2024-04-18
2024041801019056,CITY,13,35,10.0,576.6,5766.0,2024-04-18
2024041801019055,CITY,13,35,10.0,576.7,5767.0,2024-04-18
2024041801019054,CITY,57,35,323.0,576.9,186338.7,2024-04-18
2024041801019053,CITY,48,35,117.0,577.0,67509.0,2024-04-18
2024041801019052,LSL,53,74,238.0,150.0,35700.0,2024-04-18
2024041801019051,LSL,53,35,29.0,150.0,4350.0,2024-04-18
2024041801019050,LSL,53,45,493.0,150.0,73950.0,2024-04-18
2024041801019049,LSL,53,18,85.0,150.0,12750.0,2024-04-18
2024041801019048,LSL,53,39,623.0,150.0,93450.0,2024-04-18
2024041801019047,LSL,53,58,107.0,150.0,16050.0,2024-04-18
2024041801019046,LSL,53,54,265.0,149.9,39723.5,2024-04-18
2024041801019045,LSL,53,52,232.0,149.8,34753.6,2024-04-18
2024041801019044,LSL,53,16,580.0,149.7,86826.0,2024-04-18
2024041804007306,DHPL,3,38,10.0,205.0,2050.0,2024-04-18
2024041803010628,MFIL,58,51,20.0,495.5,9910.0,2024-04-18
2024041803010627,GUFL,36,35,20.0,827.9,16558.0,2024-04-18
2024041803010626,GRDBL,28,88,100.0,396.5,39650.0,2024-04-18
2024041803010625,PMLI,35,19,10.0,499.3,4993.0,2024-04-18
2024041804007305,MEN,4,57,20.0,501.6,10032.0,2024-04-18
2024041803010624,GRDBL,33,57,300.0,396.6,118980.0,2024-04-18
2024041804007304,SICL,28,57,86.0,678.0,58308.0,2024-04-18
2024041804007303,JOSHI,41,37,10.0,350.0,3500.0,2024-04-18
2024041803010623,ILBS,95,26,100.0,952.0,95200.0,2024-04-18
2024041804007302,HDHPC,45,42,468.0,130.0,60840.0,2024-04-18
2024041804007301,HDHPC,45,58,10.0,130.0,1300.0,2024-04-18
2024041804007300,HDHPC,45,49,50.0,130.0,6500.0,2024-04-18
2024041804007299,HDHPC,45,47,237.0,130.0,30810.0,2024-04-18
2024041801019043,SPC,51,22,100.0,517.0,51700.0,2024-04-18
2024041801019042,NRM,22,35,10.0,351.2,3512.0,2024-04-18
2024041803010622,SKBBL,45,35,10.0,802.0,8020.0,2024-04-18
2024041803010621,SKBBL,42,35,25.0,802.0,20050.0,2024-04-18
2024041803010620,SKBBL,45,35,50.0,802.0,40100.0,2024-04-18
2024041803010619,SKBBL,56,35,11.0,802.0,8822.0,2024-04-18
2024041804007298,RURU,8,35,100.0,504.7,50470.0,2024-04-18
2024041803010618,RSDC,10,49,10.0,599.0,5990.0,2024-04-18
2024041801019041,PCBL,10,28,300.0,188.1,56430.0,2024-04-18
2024041801019040,MKHL,58,32,140.0,481.1,67354.0,2024-04-18
2024041801019039,MKHL,47,32,50.0,482.0,24100.0,2024-04-18
2024041805003488,HRL,62,48,100.0,600.0,60000.0,2024-04-18
2024041805003487,HRL,62,58,20.0,600.0,12000.0,2024-04-18
2024041801019038,RHGCL,56,26,200.0,321.0,64200.0,2024-04-18
2024041801019037,RHGCL,49,26,100.0,321.1,32110.0,2024-04-18
2024041801019036,PCBL,17,28,25.0,188.1,4702.5,2024-04-18
2024041804007297,AHPC,47,35,175.0,164.5,28787.5,2024-04-18
2024041805003486,CIT,47,40,50.0,2090.0,104500.0,2024-04-18
2024041803010617,SJLIC,44,49,100.0,505.0,50500.0,2024-04-18
2024041803010616,GBBL,13,57,30.0,360.0,10800.0,2024-04-18
2024041801019035,GBIME,13,42,50.0,175.5,8775.0,2024-04-18
2024041803010615,SDLBSL,59,49,10.0,722.0,7220.0,2024-04-18
2024041801019034,RNLI,36,41,11.0,421.0,4631.0,2024-04-18
2024041803010614,SJLIC,41,49,11.0,505.0,5555.0,2024-04-18
2024041803010613,CBBL,14,58,73.0,830.0,60590.0,2024-04-18
2024041803010612,CBBL,14,34,10.0,830.0,8300.0,2024-04-18
2024041803010611,CBBL,14,49,12.0,830.0,9960.0,2024-04-18
2024041803010610,CBBL,14,58,50.0,830.0,41500.0,2024-04-18
2024041803010609,CBBL,14,53,10.0,828.0,8280.0,2024-04-18
2024041801019033,CLI,45,58,10.0,440.0,4400.0,2024-04-18
2024041804007296,LEC,48,38,200.0,183.0,36600.0,2024-04-18
2024041804007295,LEC,48,5,135.0,183.0,24705.0,2024-04-18
2024041803010608,NABBC,38,34,125.0,400.0,50000.0,2024-04-18
2024041803010607,MLBL,34,42,487.0,314.5,153161.5,2024-04-18
2024041801019032,SARBTM,34,34,30.0,767.8,23034.0,2024-04-18
2024041804007294,PRIN,44,13,101.0,768.7,77638.7,2024-04-18
2024041803010606,SJLIC,80,49,1000.0,505.0,505000.0,2024-04-18
2024041803010605,PFL,66,33,100.0,520.0,52000.0,2024-04-18
2024041801019031,BHDC,22,29,62.0,469.1,29084.2,2024-04-18
2024041803010604,GFCL,52,81,10.0,447.7,4477.0,2024-04-18
2024041801019030,UHEWA,57,19,100.0,391.6,39160.0,2024-04-18
2024041804007293,SSHL,22,43,70.0,159.8,11186.0,2024-04-18
2024041803010603,KMCDB,33,62,158.0,762.0,120396.0,2024-04-18
2024041803010602,KMCDB,62,62,142.0,762.1,108218.2,2024-04-18
2024041803010601,NICLBSL,38,42,25.0,645.0,16125.0,2024-04-18
2024041803010600,FMDBL,75,34,10.0,606.9,6069.0,2024-04-18
2024041801019029,PHCL,13,54,40.0,294.0,11760.0,2024-04-18
2024041805003485,HIDCL,29,56,100.0,161.8,16180.0,2024-04-18
2024041801019028,NRM,13,59,10.0,350.9,3509.0,2024-04-18
2024041801019027,NRM,43,59,100.0,351.0,35100.0,2024-04-18
2024041801019026,NRM,53,59,10.0,351.0,3510.0,2024-04-18
2024041801019025,NRM,14,59,200.0,351.1,70220.0,2024-04-18
2024041801019024,HHL,57,49,10.0,359.0,3590.0,2024-04-18
2024041804007292,PMHPL,51,28,19.0,228.0,4332.0,2024-04-18
2024041801019023,ILI,38,49,140.0,540.1,75614.0,2024-04-18
2024041804007291,RHPL,3,45,50.0,265.0,13250.0,2024-04-18
2024041801019022,USHEC,22,47,20.0,362.9,7258.0,2024-04-18
2024041803010599,SJLIC,17,49,400.0,505.0,202000.0,2024-04-18
2024041801019021,CITY,48,17,10.0,577.0,5770.0,2024-04-18
2024041804007290,UPPER,7,33,205.0,164.9,33804.5,2024-04-18
2024041804007289,UPPER,7,43,100.0,164.8,16480.0,2024-04-18
2024041803010598,USLB,75,49,21.0,1845.0,38745.0,2024-04-18
2024041803010597,USLB,75,7,19.0,1833.0,34827.0,2024-04-18
2024041803010596,USLB,75,38,10.0,1825.0,18250.0,2024-04-18
2024041801019020,SONA,13,38,40.0,437.0,17480.0,2024-04-18
2024041801019019,GCIL,16,34,30.0,473.0,14190.0,2024-04-18
2024041803010595,MSLB,41,56,20.0,1081.8,21636.0,2024-04-18
2024041801019018,NABIL,56,58,200.0,430.0,86000.0,2024-04-18
2024041801019017,MEHL,58,62,10.0,314.9,3149.0,2024-04-18
2024041801019016,MMKJL,91,58,210.0,416.0,87360.0,2024-04-18
2024041801019015,MMKJL,91,49,10.0,415.0,4150.0,2024-04-18
2024041803010594,CFCL,43,49,25.0,361.1,9027.5,2024-04-18
2024041803010593,CFCL,22,49,25.0,362.0,9050.0,2024-04-18
2024041803010592,CFCL,14,49,50.0,362.0,18100.0,2024-04-18
2024041803010591,ALBSL,62,7,50.0,710.0,35500.0,2024-04-18
2024041801019014,SRLI,56,1,250.0,427.5,106875.0,2024-04-18
2024041801019013,SRLI,36,1,100.0,427.6,42760.0,2024-04-18
2024041801019012,SRLI,57,1,150.0,427.6,64140.0,2024-04-18
2024041804007288,IGI,63,8,100.0,521.0,52100.0,2024-04-18
2024041804007287,KKHC,34,43,20.0,243.3,4866.0,2024-04-18
2024041801019011,NIMB,53,52,1000.0,152.5,152500.0,2024-04-18
2024041801019010,SARBTM,38,44,10.0,768.0,7680.0,2024-04-18
2024041801019009,HDL,42,13,10.0,1460.2,14602.0,2024-04-18
2024041801019008,HDL,41,13,10.0,1460.2,14602.0,2024-04-18
2024041801019007,HDL,38,13,50.0,1460.3,73015.0,2024-04-18
2024041801019006,HDL,50,13,25.0,1461.0,36525.0,2024-04-18
2024041801019005,DORDI,34,39,140.0,413.9,57946.0,2024-04-18
2024041801019004,MANDU,65,65,50.0,743.0,37150.0,2024-04-18
2024041801019003,MANDU,65,21,10.0,740.0,7400.0,2024-04-18
2024041801019002,MANDU,65,58,10.0,740.0,7400.0,2024-04-18
2024041801019001,MANDU,65,65,70.0,739.0,51730.0,2024-04-18
2024041801019000,MANDU,65,65,460.0,738.0,339480.0,2024-04-18
2024041801018999,MANDU,65,48,100.0,730.0,73000.0,2024-04-18
2024041803010590,JFL,70,55,20.0,438.0,8760.0,2024-04-18
2024041803010589,JFL,70,48,65.0,438.0,28470.0,2024-04-18
2024041801018998,GCIL,16,58,10.0,473.0,4730.0,2024-04-18
2024041803010588,GUFL,45,58,86.0,820.0,70520.0,2024-04-18
2024041803010587,GUFL,91,58,184.0,820.1,150898.4,2024-04-18
2024041803010586,GUFL,58,58,160.0,821.0,131360.0,2024-04-18
2024041803010585,GUFL,16,58,100.0,822.1,82210.0,2024-04-18
2024041803010584,EDBL,41,39,182.0,355.0,64610.0,2024-04-18
2024041803010583,EDBL,41,38,18.0,355.0,6390.0,2024-04-18
2024041801018997,NICA,35,49,10.0,384.1,3841.0,2024-04-18
2024041803010582,SJLIC,45,49,16.0,505.0,8080.0,2024-04-18
2024041805003484,NRIC,45,48,44.0,706.0,31064.0,2024-04-18
2024041805003483,HRL,17,26,10.0,599.7,5997.0,2024-04-18
2024041801018996,ILI,38,17,10.0,540.1,5401.0,2024-04-18
2024041803010581,GBBL,33,57,100.0,360.0,36000.0,2024-04-18
2024041803010580,NICLBSL,56,33,100.0,645.2,64520.0,2024-04-18
2024041801018995,MEHL,44,35,20.0,313.1,6262.0,2024-04-18
2024041801018994,ADBL,8,34,50.0,223.4,11170.0,2024-04-18
2024041804007286,HDHPC,34,47,100.0,130.0,13000.0,2024-04-18
2024041805003482,HRL,17,29,20.0,599.7,11994.0,2024-04-18
2024041803010579,GUFL,41,35,20.0,827.9,16558.0,2024-04-18
2024041804007285,RHPL,3,41,20.0,265.0,5300.0,2024-04-18
2024041804007284,RHPL,35,41,100.0,265.0,26500.0,2024-04-18
2024041804007283,RHPL,44,41,350.0,265.0,92750.0,2024-04-18
2024041804007282,JOSHI,41,3,10.0,344.0,3440.0,2024-04-18
2024041801018993,BHPL,6,45,150.0,484.0,72600.0,2024-04-18
2024041801018992,BHPL,64,45,59.0,485.7,28656.3,2024-04-18
2024041801018991,BHPL,47,45,10.0,486.0,4860.0,2024-04-18
2024041801018990,BHPL,85,45,145.0,486.0,70470.0,2024-04-18
2024041801018989,BHPL,57,45,80.0,486.0,38880.0,2024-04-18
2024041801018988,CYCL,62,5,54.0,1578.9,85260.6,2024-04-18
2024041801018987,CYCL,62,59,100.0,1578.9,157890.0,2024-04-18
2024041801018986,CYCL,62,39,10.0,1578.9,15789.0,2024-04-18
2024041801018985,CYCL,62,36,13.0,1578.0,20514.0,2024-04-18
2024041801018984,CYCL,62,58,13.0,1578.0,20514.0,2024-04-18
2024041801018983,CYCL,62,25,50.0,1578.0,78900.0,2024-04-18
2024041801018982,CYCL,62,13,40.0,1575.0,63000.0,2024-04-18
2024041801018981,CYCL,62,52,20.0,1560.0,31200.0,2024-04-18
2024041803010578,PMLI,39,41,30.0,499.9,14997.0,2024-04-18
2024041801018980,PRVU,55,40,100.0,139.0,13900.0,2024-04-18
2024041801018979,MHCL,42,33,100.0,389.0,38900.0,2024-04-18
2024041805003481,NTC,34,42,82.0,819.0,67158.0,2024-04-18
2024041805003480,NTC,49,42,10.0,819.0,8190.0,2024-04-18
2024041805003479,NTC,14,42,25.0,819.0,20475.0,2024-04-18
2024041805003478,NTC,55,42,10.0,819.0,8190.0,2024-04-18
2024041805003477,NTC,42,42,163.0,819.0,133497.0,2024-04-18
2024041801018978,MEL,58,13,30.0,229.0,6870.0,2024-04-18
2024041801018977,BHL,34,62,100.0,334.0,33400.0,2024-04-18
2024041804007281,HEI,66,45,10.0,574.0,5740.0,2024-04-18
2024041801018976,CITY,48,59,390.0,577.0,225030.0,2024-04-18
2024041801018975,SARBTM,59,44,100.0,768.0,76800.0,2024-04-18
2024041803010577,SJLIC,35,51,686.0,504.5,346087.0,2024-04-18
2024041803010576,SJLIC,13,51,20.0,504.7,10094.0,2024-04-18
2024041803010575,SJLIC,54,51,30.0,504.8,15144.0,2024-04-18
2024041803010574,SJLIC,3,51,200.0,504.8,100960.0,2024-04-18
2024041803010573,SJLIC,58,51,40.0,504.8,20192.0,2024-04-18
2024041803010572,SJLIC,41,51,100.0,504.8,50480.0,2024-04-18
2024041803010571,SJLIC,49,51,224.0,504.9,113097.6,2024-04-18
2024041804007280,DHPL,52,38,10.0,205.0,2050.0,2024-04-18
2024041803010570,WNLB,57,66,60.0,1275.0,76500.0,2024-04-18
2024041803010569,WNLB,57,39,10.0,1274.9,12749.0,2024-04-18
2024041801018974,SARBTM,19,45,45.0,767.8,34551.0,2024-04-18
2024041805003476,NRN,60,45,358.0,509.0,182222.0,2024-04-18
2024041805003475,NTC,42,49,57.0,819.0,46683.0,2024-04-18
2024041805003474,NTC,58,49,28.0,819.0,22932.0,2024-04-18
2024041804007279,UPCL,45,58,400.0,194.2,77680.0,2024-04-18
2024041803010568,SJLIC,45,49,490.0,505.0,247450.0,2024-04-18
2024041804007278,CHL,56,39,11.0,311.9,3430.9,2024-04-18
2024041801018973,SHIVM,26,36,59.0,499.0,29441.0,2024-04-18
2024041801018972,SHIVM,26,37,10.0,499.0,4990.0,2024-04-18
2024041801018971,SHIVM,26,32,31.0,499.0,15469.0,2024-04-18
2024041803010567,SJLIC,76,49,87.0,505.0,43935.0,2024-04-18
2024041801018970,SNLI,7,58,20.0,582.0,11640.0,2024-04-18
2024041801018969,SNLI,7,41,10.0,582.0,5820.0,2024-04-18
2024041801018968,SNLI,7,44,10.0,582.0,5820.0,2024-04-18
2024041801018967,SNLI,7,36,10.0,582.0,5820.0,2024-04-18
2024041801018966,SNLI,7,42,10.0,581.5,5815.0,2024-04-18
2024041803010566,PFL,1,51,513.0,521.9,267734.7,2024-04-18
2024041803010565,PFL,1,34,187.0,521.0,97427.0,2024-04-18
2024041805003473,NTC,16,57,500.0,820.0,410000.0,2024-04-18
2024041803010564,MFIL,13,7,32.0,496.8,15897.6,2024-04-18
2024041804007277,HURJA,85,65,100.0,283.0,28300.0,2024-04-18
2024041804007276,API,47,57,230.0,167.9,38617.0,2024-04-18
2024041804007275,API,26,57,1000.0,167.9,167900.0,2024-04-18
2024041804007274,API,1,57,10.0,167.9,1679.0,2024-04-18
2024041804007273,API,38,57,182.0,167.9,30557.8,2024-04-18
2024041804007272,API,21,57,30.0,168.0,5040.0,2024-04-18
2024041804007271,API,1,57,40.0,168.0,6720.0,2024-04-18
2024041804007270,API,34,57,150.0,168.0,25200.0,2024-04-18
2024041804007269,API,35,57,500.0,168.0,84000.0,2024-04-18
2024041804007268,API,17,57,100.0,168.0,16800.0,2024-04-18
2024041804007267,API,57,57,100.0,168.0,16800.0,2024-04-18
2024041804007266,API,1,57,237.0,168.0,39816.0,2024-04-18
2024041804007265,API,59,57,50.0,168.1,8405.0,2024-04-18
2024041804007264,API,51,57,189.0,168.1,31770.9,2024-04-18
2024041804007263,API,25,57,82.0,168.2,13792.4,2024-04-18
2024041804007262,AKPL,16,64,462.0,167.8,77523.6,2024-04-18
2024041804007261,MEN,4,64,70.0,501.6,35112.0,2024-04-18
2024041804007260,MEN,44,64,10.0,501.6,5016.0,2024-04-18
2024041804007259,MEN,8,64,20.0,501.6,10032.0,2024-04-18
2024041801018965,MKHL,58,16,32.0,482.0,15424.0,2024-04-18
2024041803010563,SJLIC,49,71,200.0,504.9,100980.0,2024-04-18
2024041803010562,SJLIC,49,39,576.0,504.9,290822.4,2024-04-18
2024041803010561,JFL,25,48,20.0,438.0,8760.0,2024-04-18
2024041803010560,PFL,35,51,466.0,521.9,243205.4,2024-04-18
2024041803010559,PFL,35,25,80.0,520.0,41600.0,2024-04-18
2024041804007258,NIL,42,39,10.0,798.9,7989.0,2024-04-18
2024041801018964,PRVU,28,40,50.0,139.0,6950.0,2024-04-18
2024041803010558,NFS,45,6,13.0,440.0,5720.0,2024-04-18
2024041803010557,JFL,26,48,15.0,438.0,6570.0,2024-04-18
2024041801018963,SAHAS,44,44,10.0,505.5,5055.0,2024-04-18
2024041804007257,UMRH,42,53,850.0,340.5,289425.0,2024-04-18
2024041801018962,LSL,53,55,1053.0,149.4,157318.2,2024-04-18
2024041801018961,LSL,58,55,10.0,149.5,1495.0,2024-04-18
2024041801018960,PCBL,37,28,52.0,188.1,9781.2,2024-04-18
2024041805003472,NRIC,19,22,20.0,706.0,14120.0,2024-04-18
2024041804007256,NGPL,37,57,170.0,312.0,53040.0,2024-04-18
2024041804007255,NGPL,19,57,30.0,312.0,9360.0,2024-04-18
2024041801018959,NIMB,57,52,130.0,152.5,19825.0,2024-04-18
2024041801018958,SAHAS,44,4,10.0,505.5,5055.0,2024-04-18
2024041801018957,SONA,59,58,10.0,437.2,4372.0,2024-04-18
2024041804007254,TRH,8,41,74.0,724.0,53576.0,2024-04-18
2024041804007253,TRH,13,41,10.0,724.0,7240.0,2024-04-18
2024041804007252,TRH,45,41,16.0,724.0,11584.0,2024-04-18
2024041803010556,SABSL,21,45,10.0,761.0,7610.0,2024-04-18
2024041801018956,ULHC,45,72,10.0,330.0,3300.0,2024-04-18
2024041801018955,CKHL,7,45,75.0,525.0,39375.0,2024-04-18
2024041804007251,MEN,48,81,10.0,502.0,5020.0,2024-04-18
2024041804007250,SHPC,28,1,110.0,325.1,35761.0,2024-04-18
2024041804007249,SHEL,29,16,85.0,163.0,13855.0,2024-04-18
2024041803010555,GFCL,53,81,10.0,447.7,4477.0,2024-04-18
2024041801018954,MSHL,17,55,10.0,627.0,6270.0,2024-04-18
2024041803010554,GLBSL,38,44,100.0,1836.0,183600.0,2024-04-18
2024041803010553,GLBSL,38,35,88.0,1836.0,161568.0,2024-04-18
2024041803010552,SJLIC,13,49,1000.0,505.0,505000.0,2024-04-18
2024041801018953,CKHL,52,13,50.0,522.2,26110.0,2024-04-18
2024041801018952,CKHL,57,13,30.0,522.3,15669.0,2024-04-18
2024041801018951,CKHL,45,13,20.0,524.9,10498.0,2024-04-18
2024041804007248,CHL,56,29,11.0,312.0,3432.0,2024-04-18
2024041801018950,CITY,48,95,100.0,577.0,57700.0,2024-04-18
2024041801018949,NBL,14,55,10.0,205.7,2057.0,2024-04-18
2024041805003471,CHDC,17,58,90.0,791.1,71199.0,2024-04-18
2024041801018948,PRSF,34,49,508.0,8.54,4338.32,2024-04-18
2024041801018947,MBL,22,41,10.0,171.0,1710.0,2024-04-18
2024041803010551,PROFL,22,54,30.0,315.0,9450.0,2024-04-18
2024041805003470,HIDCL,29,26,267.0,161.8,43200.6,2024-04-18
2024041805003469,HIDCL,16,26,74.0,161.9,11980.6,2024-04-18
2024041805003468,HIDCL,42,26,100.0,161.9,16190.0,2024-04-18
2024041801018946,MKHC,5,34,10.0,318.9,3189.0,2024-04-18
2024041801018945,SARBTM,38,44,30.0,768.0,23040.0,2024-04-18
2024041805003467,CIT,13,40,50.0,2090.0,104500.0,2024-04-18
2024041803010550,PFL,22,65,100.0,518.2,51820.0,2024-04-18
2024041801018944,HHL,1,88,200.0,357.0,71400.0,2024-04-18
2024041801018943,HATHY,57,34,32.0,836.1,26755.2,2024-04-18
2024041801018942,HATHY,57,34,100.0,837.0,83700.0,2024-04-18
2024041801018941,HATHY,51,34,68.0,837.0,56916.0,2024-04-18
2024041803010549,GLBSL,74,35,112.0,1836.0,205632.0,2024-04-18
2024041803010548,GLBSL,74,49,13.0,1799.2,23389.6,2024-04-18
2024041803010547,GLBSL,74,51,24.0,1799.2,43180.8,2024-04-18
2024041803010546,GLBSL,74,22,50.0,1795.0,89750.0,2024-04-18
2024041803010545,GLBSL,74,26,58.0,1795.0,104110.0,2024-04-18
2024041803010544,GLBSL,74,4,20.0,1785.0,35700.0,2024-04-18
2024041803010543,GLBSL,74,17,20.0,1785.0,35700.0,2024-04-18
2024041803010542,GLBSL,74,42,10.0,1780.0,17800.0,2024-04-18
2024041803010541,GLBSL,74,22,71.0,1779.9,126372.9,2024-04-18
2024041803010540,GLBSL,74,17,20.0,1778.0,35560.0,2024-04-18
2024041803010539,GLBSL,74,14,13.0,1776.8,23098.4,2024-04-18
2024041803010538,GLBSL,74,17,100.0,1775.8,177580.0,2024-04-18
2024041803010537,GLBSL,74,16,13.0,1774.0,23062.0,2024-04-18
2024041803010536,GLBSL,74,11,25.0,1774.0,44350.0,2024-04-18
2024041803010535,GLBSL,74,22,50.0,1773.0,88650.0,2024-04-18
2024041803010534,GLBSL,74,14,13.0,1770.0,23010.0,2024-04-18
2024041803010533,GLBSL,74,17,20.0,1769.7,35394.0,2024-04-18
2024041803010532,GLBSL,74,35,195.0,1767.8,344721.0,2024-04-18
2024041803010531,GLBSL,74,49,10.0,1767.7,17677.0,2024-04-18
2024041803010530,GLBSL,74,19,300.0,1767.0,530100.0,2024-04-18
2024041803010529,GLBSL,74,29,163.0,1767.0,288021.0,2024-04-18
2024041803010528,SKBBL,56,50,21.0,802.0,16842.0,2024-04-18
2024041801018940,NICA,4,46,25.0,385.0,9625.0,2024-04-18
2024041801018939,NICA,4,39,25.0,384.2,9605.0,2024-04-18
2024041803010527,JSLBB,34,41,40.0,1100.1,44004.0,2024-04-18
2024041804007247,KPCL,34,45,13.0,400.0,5200.0,2024-04-18
2024041801018938,NWCL,45,37,10.0,724.0,7240.0,2024-04-18
2024041801018937,MSHL,17,58,50.0,627.0,31350.0,2024-04-18
2024041803010526,PFL,35,25,20.0,520.0,10400.0,2024-04-18
2024041803010525,PFL,57,25,100.0,520.0,52000.0,2024-04-18
2024041804007246,AHPC,49,35,200.0,164.5,32900.0,2024-04-18
2024041804007245,AHPC,42,35,50.0,164.5,8225.0,2024-04-18
2024041804007244,AHPC,47,35,75.0,164.5,12337.5,2024-04-18
2024041803010524,SINDU,21,42,10.0,359.4,3594.0,2024-04-18
2024041804007243,CHL,10,29,200.0,312.0,62400.0,2024-04-18
2024041801018936,BNT,6,25,10.0,12539.0,125390.0,2024-04-18
2024041804007242,CGH,19,72,70.0,790.1,55307.0,2024-04-18
2024041804007241,CGH,11,72,50.0,791.0,39550.0,2024-04-18
2024041801018935,KBSH,45,34,10.0,1034.9,10349.0,2024-04-18
2024041804007240,AKJCL,57,45,30.0,206.3,6189.0,2024-04-18
2024041805003466,SMATA,45,57,10.0,714.9,7149.0,2024-04-18
2024041803010523,GUFL,91,58,16.0,820.1,13121.6,2024-04-18
2024041803010522,GUFL,54,58,50.0,820.2,41010.0,2024-04-18
2024041803010521,GUFL,34,58,100.0,821.0,82100.0,2024-04-18
2024041803010520,GUFL,7,58,24.0,822.0,19728.0,2024-04-18
2024041803010519,GUFL,1,58,10.0,822.0,8220.0,2024-04-18
2024041805003465,NTC,43,57,50.0,820.0,41000.0,2024-04-18
2024041803010518,SADBL,20,42,608.0,290.0,176320.0,2024-04-18
2024041803010517,SADBL,53,42,309.0,290.0,89610.0,2024-04-18
2024041803010516,SADBL,4,42,50.0,290.1,14505.0,2024-04-18
2024041803010515,SADBL,42,42,50.0,290.2,14510.0,2024-04-18
2024041801018934,MCHL,42,68,10.0,410.0,4100.0,2024-04-18
2024041803010514,NLIC,42,34,45.0,590.0,26550.0,2024-04-18
2024041803010513,NLIC,42,48,15.0,590.0,8850.0,2024-04-18
2024041804007239,PPCL,54,43,10.0,247.8,2478.0,2024-04-18
2024041801018933,MHL,13,58,20.0,398.0,7960.0,2024-04-18
2024041803010512,ALBSL,11,70,190.0,707.0,134330.0,2024-04-18
2024041803010511,ALBSL,14,70,10.0,707.2,7072.0,2024-04-18
2024041804007238,UPPER,56,33,18.0,164.9,2968.2,2024-04-18
2024041803010510,HLI,32,49,194.0,388.0,75272.0,2024-04-18
2024041803010509,HLI,32,38,10.0,388.0,3880.0,2024-04-18
2024041803010508,HLI,32,57,146.0,387.0,56502.0,2024-04-18
2024041803010507,HLI,32,57,100.0,387.0,38700.0,2024-04-18
2024041803010506,HLI,32,44,20.0,387.0,7740.0,2024-04-18
2024041803010505,HLI,32,63,30.0,387.0,11610.0,2024-04-18
2024041804007237,HDHPC,25,36,300.0,129.9,38970.0,2024-04-18
2024041803010504,MERO,55,58,10.0,610.0,6100.0,2024-04-18
2024041804007236,UPPER,55,33,255.0,165.0,42075.0,2024-04-18
2024041804007235,API,16,42,30.0,168.3,5049.0,2024-04-18
2024041801018932,PPL,62,55,110.0,601.4,66154.0,2024-04-18
2024041803010503,SWMF,72,42,300.0,723.0,216900.0,2024-04-18
2024041803010502,SWMF,59,42,200.0,723.1,144620.0,2024-04-18
2024041805003464,CIT,47,40,10.0,2090.0,20900.0,2024-04-18
2024041805003463,CIT,49,40,21.0,2090.0,43890.0,2024-04-18
2024041805003462,NICFC,26,10,1800.0,8.46,15228.0,2024-04-18
2024041805003461,NICFC,58,10,1400.0,8.47,11858.0,2024-04-18
2024041805003460,NICFC,46,10,200.0,8.48,1696.0,2024-04-18
2024041805003459,NICFC,22,10,5575.0,8.5,47387.5,2024-04-18
2024041803010501,SJLIC,56,49,11.0,505.0,5555.0,2024-04-18
2024041804007234,RURU,14,35,100.0,504.7,50470.0,2024-04-18
2024041803010500,GBBL,4,35,1000.0,360.0,360000.0,2024-04-18
2024041803010499,GBBL,4,32,70.0,360.0,25200.0,2024-04-18
2024041803010498,VLBS,34,22,50.0,701.1,35055.0,2024-04-18
2024041801018931,CKHL,45,42,50.0,524.9,26245.0,2024-04-18
2024041803010497,ICFC,8,58,109.0,498.0,54282.0,2024-04-18
2024041803010496,ICFC,44,58,55.0,498.0,27390.0,2024-04-18
2024041803010495,ICFC,49,58,300.0,498.1,149430.0,2024-04-18
2024041801018930,MEL,43,52,10.0,229.5,2295.0,2024-04-18
2024041801018929,SARBTM,38,44,10.0,768.0,7680.0,2024-04-18
2024041801018928,NICA,19,39,40.0,384.2,15368.0,2024-04-18
2024041801018927,SRLI,57,19,10.0,427.6,4276.0,2024-04-18
2024041801018926,SRLI,22,19,10.0,427.7,4277.0,2024-04-18
2024041801018925,SGHC,70,29,70.0,315.0,22050.0,2024-04-18
2024041801018924,SGHC,70,85,400.0,315.0,126000.0,2024-04-18
2024041801018923,SHIVM,69,32,10.0,499.0,4990.0,2024-04-18
2024041801018922,PCBL,53,28,194.0,188.0,36472.0,2024-04-18
2024041801018921,PCBL,58,28,50.0,188.0,9400.0,2024-04-18
2024041801018920,PCBL,58,28,40.0,188.0,7520.0,2024-04-18
2024041801018919,PCBL,42,28,200.0,188.0,37600.0,2024-04-18
2024041801018918,PCBL,40,28,200.0,188.0,37600.0,2024-04-18
2024041801018917,PCBL,41,28,300.0,188.0,56400.0,2024-04-18
2024041801018916,PCBL,58,28,20.0,188.0,3760.0,2024-04-18
2024041801018915,PCBL,17,28,1000.0,188.0,188000.0,2024-04-18
2024041801018914,PCBL,29,28,96.0,188.0,18048.0,2024-04-18
2024041804007233,SHPC,28,6,31.0,325.1,10078.1,2024-04-18
2024041804007232,SHPC,39,6,69.0,325.1,22431.9,2024-04-18
2024041804007231,JOSHI,41,33,300.0,338.6,101580.0,2024-04-18
2024041804007230,JOSHI,41,38,1000.0,338.5,338500.0,2024-04-18
2024041804007229,JOSHI,41,34,960.0,338.1,324576.0,2024-04-18
2024041804007228,JOSHI,41,42,70.0,338.1,23667.0,2024-04-18
2024041804007227,JOSHI,41,22,290.0,338.1,98049.0,2024-04-18
2024041804007226,JOSHI,41,43,1000.0,338.0,338000.0,2024-04-18
2024041804007225,JOSHI,41,1,80.0,338.0,27040.0,2024-04-18
2024041804007224,JOSHI,41,43,2000.0,337.0,674000.0,2024-04-18
2024041804007223,JOSHI,41,35,10.0,337.0,3370.0,2024-04-18
2024041804007222,JOSHI,41,81,95.0,336.5,31967.5,2024-04-18
2024041804007221,JOSHI,41,57,1273.0,336.0,427728.0,2024-04-18
2024041804007220,JOSHI,41,65,100.0,336.0,33600.0,2024-04-18
2024041804007219,JOSHI,41,19,4000.0,336.0,1344000.0,2024-04-18
2024041804007218,JOSHI,41,58,100.0,335.9,33590.0,2024-04-18
2024041804007217,JOSHI,41,21,100.0,335.5,33550.0,2024-04-18
2024041804007216,JOSHI,41,50,181.0,335.5,60725.5,2024-04-18
2024041804007215,JOSHI,41,51,100.0,335.5,33550.0,2024-04-18
2024041804007214,JOSHI,41,1,50.0,335.5,16775.0,2024-04-18
2024041804007213,JOSHI,41,14,200.0,335.0,67000.0,2024-04-18
2024041804007212,JOSHI,41,49,654.0,335.0,219090.0,2024-04-18
2024041804007211,JOSHI,41,33,200.0,335.0,67000.0,2024-04-18
2024041804007210,JOSHI,41,25,550.0,335.0,184250.0,2024-04-18
2024041804007209,JOSHI,41,49,10.0,335.0,3350.0,2024-04-18
2024041804007208,JOSHI,41,58,1400.0,334.9,468860.0,2024-04-18
2024041804007207,JOSHI,41,32,250.0,334.8,83700.0,2024-04-18
2024041804007206,JOSHI,41,14,275.0,334.3,91932.5,2024-04-18
2024041804007205,JOSHI,41,44,20.0,334.0,6680.0,2024-04-18
2024041804007204,JOSHI,41,35,200.0,333.5,66700.0,2024-04-18
2024041804007203,JOSHI,41,57,850.0,333.0,283050.0,2024-04-18
2024041804007202,JOSHI,41,42,2000.0,332.9,665800.0,2024-04-18
2024041804007201,JOSHI,41,33,100.0,332.5,33250.0,2024-04-18
2024041804007200,JOSHI,41,21,100.0,332.0,33200.0,2024-04-18
2024041804007199,JOSHI,41,42,1500.0,332.0,498000.0,2024-04-18
2024041804007198,JOSHI,41,49,300.0,332.0,99600.0,2024-04-18
2024041804007197,JOSHI,41,16,330.0,332.0,109560.0,2024-04-18
2024041804007196,JOSHI,41,57,2000.0,330.0,660000.0,2024-04-18
2024041804007195,JOSHI,41,45,4300.0,330.0,1419000.0,2024-04-18
2024041804007194,JOSHI,41,10,500.0,329.4,164700.0,2024-04-18
2024041804007193,JOSHI,41,57,350.0,329.1,115185.0,2024-04-18
2024041804007192,JOSHI,41,42,500.0,329.0,164500.0,2024-04-18
2024041804007191,JOSHI,41,34,50.0,329.0,16450.0,2024-04-18
2024041804007190,JOSHI,41,41,100.0,329.0,32900.0,2024-04-18
2024041804007189,JOSHI,41,3,300.0,329.0,98700.0,2024-04-18
2024041804007188,JOSHI,41,58,20.0,328.0,6560.0,2024-04-18
2024041804007187,JOSHI,41,52,100.0,328.0,32800.0,2024-04-18
2024041804007186,JOSHI,41,43,500.0,327.6,163800.0,2024-04-18
2024041804007185,JOSHI,41,57,695.0,327.5,227612.5,2024-04-18
2024041804007184,JOSHI,41,33,770.0,327.0,251790.0,2024-04-18
2024041804007183,JOSHI,41,38,600.0,326.9,196140.0,2024-04-18
2024041804007182,JOSHI,41,57,200.0,326.9,65380.0,2024-04-18
2024041804007181,JOSHI,41,22,1000.0,325.0,325000.0,2024-04-18
2024041804007180,JOSHI,41,57,500.0,325.0,162500.0,2024-04-18
2024041804007179,JOSHI,41,19,475.0,324.0,153900.0,2024-04-18
2024041804007178,JOSHI,41,43,300.0,323.0,96900.0,2024-04-18
2024041804007177,JOSHI,41,43,200.0,322.6,64520.0,2024-04-18
2024041803010494,HLI,7,26,10.0,386.0,3860.0,2024-04-18
2024041801018913,KBL,58,45,100.0,133.0,13300.0,2024-04-18
2024041801018912,NABIL,58,16,51.0,429.9,21924.9,2024-04-18
2024041803010493,SJLIC,8,49,10.0,505.0,5050.0,2024-04-18
2024041801018911,CLI,18,19,55.0,439.5,24172.5,2024-04-18
2024041803010492,GLBSL,74,29,411.0,1767.0,726237.0,2024-04-18
2024041803010491,GLBSL,74,35,24.0,1766.0,42384.0,2024-04-18
2024041803010490,GLBSL,74,29,54.0,1765.0,95310.0,2024-04-18
2024041803010489,GLBSL,74,34,111.0,1760.0,195360.0,2024-04-18
2024041803010488,GLBSL,74,55,250.0,1760.0,440000.0,2024-04-18
2024041803010487,GLBSL,74,58,10.0,1760.0,17600.0,2024-04-18
2024041803010486,GLBSL,74,38,102.0,1750.0,178500.0,2024-04-18
2024041803010485,GLBSL,74,49,10.0,1750.0,17500.0,2024-04-18
2024041803010484,GLBSL,74,35,13.0,1719.0,22347.0,2024-04-18
2024041803010483,GLBSL,74,4,150.0,1719.0,257850.0,2024-04-18
2024041803010482,GLBSL,74,55,30.0,1719.0,51570.0,2024-04-18
2024041803010481,GLBSL,74,13,20.0,1719.0,34380.0,2024-04-18
2024041803010480,GLBSL,74,35,15.0,1668.0,25020.0,2024-04-18
2024041801018910,SONA,59,88,260.0,437.1,113646.0,2024-04-18
2024041801018909,SONA,59,25,80.0,437.0,34960.0,2024-04-18
2024041804007176,NGPL,95,22,296.0,312.1,92381.6,2024-04-18
2024041803010479,MDB,42,47,18.0,423.3,7619.4,2024-04-18
2024041804007175,UNHPL,48,19,10.0,227.0,2270.0,2024-04-18
2024041801018908,MHCL,58,33,50.0,389.0,19450.0,2024-04-18
2024041801018907,MHCL,29,33,200.0,389.0,77800.0,2024-04-18
2024041801018906,MHCL,55,33,50.0,389.0,19450.0,2024-04-18
2024041801018905,MHCL,62,33,20.0,389.0,7780.0,2024-04-18
2024041801018904,MHCL,90,33,180.0,389.0,70020.0,2024-04-18
2024041803010478,GUFL,1,53,90.0,822.0,73980.0,2024-04-18
2024041803010477,GUFL,26,53,10.0,822.0,8220.0,2024-04-18
2024041804007174,UPPER,55,42,155.0,165.0,25575.0,2024-04-18
2024041804007173,UPPER,55,58,96.0,165.0,15840.0,2024-04-18
2024041804007172,UPPER,55,59,200.0,165.0,33000.0,2024-04-18
2024041804007171,UPPER,55,94,500.0,165.0,82500.0,2024-04-18
2024041804007170,UPPER,55,58,10.0,165.0,1650.0,2024-04-18
2024041804007169,UPPER,55,36,100.0,165.0,16500.0,2024-04-18
2024041804007168,UPPER,55,41,900.0,165.0,148500.0,2024-04-18
2024041804007167,UPPER,55,32,100.0,165.0,16500.0,2024-04-18
2024041804007166,UPPER,55,32,100.0,165.0,16500.0,2024-04-18
2024041804007165,UPPER,55,14,374.0,165.0,61710.0,2024-04-18
2024041804007164,UPPER,55,47,210.0,164.9,34629.0,2024-04-18
2024041801018903,BEDC,58,38,90.0,365.9,32931.0,2024-04-18
2024041804007163,SICL,58,77,18.0,679.0,12222.0,2024-04-18
2024041801018902,NIMB,36,52,500.0,152.5,76250.0,2024-04-18
2024041801018901,KBL,41,57,10.0,133.0,1330.0,2024-04-18
2024041801018900,GCIL,33,56,339.0,472.1,160041.9,2024-04-18
2024041801018899,GCIL,49,56,75.0,473.0,35475.0,2024-04-18
2024041801018898,GCIL,58,56,86.0,473.5,40721.0,2024-04-18
2024041801018897,GBIME,34,42,25.0,175.5,4387.5,2024-04-18
2024041801018896,RNLI,45,34,11.0,420.1,4621.1,2024-04-18
2024041801018895,IHL,5,34,330.0,377.0,124410.0,2024-04-18
2024041801018894,IHL,39,34,50.0,377.0,18850.0,2024-04-18
2024041801018893,IHL,11,34,400.0,377.1,150840.0,2024-04-18
2024041801018892,IHL,86,34,200.0,377.1,75420.0,2024-04-18
2024041801018891,IHL,42,34,20.0,377.2,7544.0,2024-04-18
2024041805003458,NIFRA,8,6,50.0,198.0,9900.0,2024-04-18
2024041801018890,NIMB,22,52,100.0,152.5,15250.0,2024-04-18
2024041801018889,PHCL,57,41,700.0,293.9,205730.0,2024-04-18
2024041801018888,PHCL,57,41,10.0,293.9,2939.0,2024-04-18
2024041801018887,SONA,45,25,420.0,437.0,183540.0,2024-04-18
2024041801018886,CYCL,45,13,10.0,1575.0,15750.0,2024-04-18
2024041801018885,SONA,45,45,80.0,437.0,34960.0,2024-04-18
2024041803010476,GLBSL,53,35,30.0,1668.0,50040.0,2024-04-18
2024041803010475,NABBC,55,34,10.0,400.0,4000.0,2024-04-18
2024041803010474,SAPDBL,42,42,100.0,291.1,29110.0,2024-04-18
2024041801018884,MEL,58,16,136.0,229.0,31144.0,2024-04-18
2024041801018883,MEL,58,45,630.0,228.9,144207.0,2024-04-18
2024041801018882,MEL,58,52,50.0,228.9,11445.0,2024-04-18
2024041801018881,SHIVM,57,32,100.0,499.0,49900.0,2024-04-18
2024041803010473,SJLIC,57,49,910.0,505.0,459550.0,2024-04-18
2024041803010472,SJLIC,57,32,90.0,504.9,45441.0,2024-04-18
2024041801018880,TAMOR,19,88,40.0,378.1,15124.0,2024-04-18
2024041801018879,SHLB,62,34,700.0,1240.0,868000.0,2024-04-18
2024041804007162,SSHL,42,94,300.0,158.5,47550.0,2024-04-18
2024041804007161,SPIL,42,17,50.0,720.0,36000.0,2024-04-18
2024041804007160,NGPL,81,16,437.0,312.9,136737.3,2024-04-18
2024041801018878,MANDU,52,48,20.0,729.0,14580.0,2024-04-18
2024041801018877,MANDU,47,48,70.0,729.4,51058.0,2024-04-18
2024041801018876,MANDU,25,48,50.0,730.0,36500.0,2024-04-18
2024041801018875,MANDU,52,48,10.0,730.0,7300.0,2024-04-18
2024041803010471,SJLIC,76,32,110.0,504.9,55539.0,2024-04-18
2024041805003457,HRL,17,16,37.0,599.6,22185.2,2024-04-18
2024041805003456,HRL,17,16,100.0,599.7,59970.0,2024-04-18
2024041805003455,HRL,28,16,13.0,600.0,7800.0,2024-04-18
2024041801018874,MMKJL,38,58,20.0,416.0,8320.0,2024-04-18
2024041801018873,MMKJL,38,38,20.0,415.9,8318.0,2024-04-18
2024041801018872,MMKJL,38,38,90.0,415.9,37431.0,2024-04-18
2024041801018871,MKHL,58,58,13.0,481.2,6255.6,2024-04-18
2024041801018870,DORDI,33,29,10.0,412.1,4121.0,2024-04-18
2024041804007159,RURU,19,35,50.0,504.7,25235.0,2024-04-18
2024041805003454,CIT,34,6,10.0,2090.1,20901.0,2024-04-18
2024041804007158,UPCL,22,58,100.0,194.2,19420.0,2024-04-18
2024041801018869,HIDCLP,35,49,12.0,99.9,1198.8,2024-04-18
2024041801018868,HIDCLP,42,49,10.0,99.9,999.0,2024-04-18
2024041801018867,HIDCLP,34,49,9675.0,99.9,966532.5,2024-04-18
2024041804007157,SICL,28,39,60.0,678.0,40680.0,2024-04-18
2024041804007156,SICL,45,39,50.0,678.0,33900.0,2024-04-18
2024041804007155,SICL,22,39,10.0,678.0,6780.0,2024-04-18
2024041804007154,SICL,1,39,146.0,678.0,98988.0,2024-04-18
2024041804007153,AKJCL,57,45,20.0,206.3,4126.0,2024-04-18
2024041803010470,USLB,75,49,41.0,1845.0,75645.0,2024-04-18
2024041803010469,USLB,75,59,50.0,1845.0,92250.0,2024-04-18
2024041803010468,USLB,75,55,14.0,1844.0,25816.0,2024-04-18
2024041803010467,USLB,75,58,10.0,1844.0,18440.0,2024-04-18
2024041803010466,USLB,75,42,10.0,1842.0,18420.0,2024-04-18
2024041803010465,USLB,75,28,39.0,1842.0,71838.0,2024-04-18
2024041803010464,USLB,75,49,50.0,1842.0,92100.0,2024-04-18
2024041803010463,USLB,75,38,138.0,1841.9,254182.2,2024-04-18
2024041803010462,USLB,75,49,50.0,1841.0,92050.0,2024-04-18
2024041803010461,USLB,75,6,10.0,1840.0,18400.0,2024-04-18
2024041803010460,USLB,75,49,10.0,1840.0,18400.0,2024-04-18
2024041803010459,USLB,75,65,10.0,1840.0,18400.0,2024-04-18
2024041803010458,USLB,75,7,40.0,1840.0,73600.0,2024-04-18
2024041803010457,USLB,75,49,50.0,1840.0,92000.0,2024-04-18
2024041803010456,USLB,75,49,50.0,1840.0,92000.0,2024-04-18
2024041803010455,USLB,75,49,50.0,1840.0,92000.0,2024-04-18
2024041803010454,USLB,75,33,34.0,1840.0,62560.0,2024-04-18
2024041803010453,USLB,75,65,150.0,1839.1,275865.0,2024-04-18
2024041803010452,USLB,75,17,14.0,1839.0,25746.0,2024-04-18
2024041803010451,USLB,75,58,20.0,1839.0,36780.0,2024-04-18
2024041803010450,USLB,75,42,30.0,1838.0,55140.0,2024-04-18
2024041803010449,USLB,75,14,20.0,1838.0,36760.0,2024-04-18
2024041803010448,USLB,75,29,10.0,1838.0,18380.0,2024-04-18
2024041803010447,CBBL,44,53,20.0,828.0,16560.0,2024-04-18
2024041803010446,CBBL,44,42,10.0,828.0,8280.0,2024-04-18
2024041803010445,CBBL,44,4,50.0,827.9,41395.0,2024-04-18
2024041803010444,CBBL,44,17,20.0,827.5,16550.0,2024-04-18
2024041804007152,LEC,11,5,10.0,183.0,1830.0,2024-04-18
2024041803010443,NFS,33,6,87.0,440.0,38280.0,2024-04-18
2024041803010442,NFS,33,25,178.0,440.0,78320.0,2024-04-18
2024041803010441,NFS,33,57,235.0,440.0,103400.0,2024-04-18
2024041801018866,MCHL,6,42,100.0,408.0,40800.0,2024-04-18
2024041805003453,HRL,28,58,20.0,600.0,12000.0,2024-04-18
2024041801018865,PRVU,64,40,480.0,139.0,66720.0,2024-04-18
2024041805003452,HRL,28,36,20.0,600.0,12000.0,2024-04-18
2024041803010440,VLBS,34,56,20.0,701.1,14022.0,2024-04-18
2024041801018864,CYCL,62,59,97.0,1571.0,152387.0,2024-04-18
2024041801018863,CYCL,62,45,240.0,1569.9,376776.0,2024-04-18
2024041801018862,CYCL,62,46,40.0,1569.5,62780.0,2024-04-18
2024041801018861,CYCL,62,22,50.0,1569.0,78450.0,2024-04-18
2024041801018860,CYCL,62,13,50.0,1565.0,78250.0,2024-04-18
2024041801018859,CYCL,62,65,200.0,1560.0,312000.0,2024-04-18
2024041801018858,CYCL,62,6,150.0,1560.0,234000.0,2024-04-18
2024041801018857,CYCL,62,57,30.0,1555.0,46650.0,2024-04-18
2024041801018856,CYCL,62,65,90.0,1550.0,139500.0,2024-04-18
2024041801018855,CYCL,62,45,250.0,1549.9,387475.0,2024-04-18
2024041801018854,CYCL,62,81,100.0,1549.0,154900.0,2024-04-18
2024041801018853,CYCL,62,58,100.0,1545.0,154500.0,2024-04-18
2024041801018852,CYCL,62,65,10.0,1543.0,15430.0,2024-04-18
2024041801018851,CYCL,62,7,13.0,1540.0,20020.0,2024-04-18
2024041801018850,CYCL,62,42,60.0,1530.0,91800.0,2024-04-18
2024041801018849,CYCL,62,1,20.0,1530.0,30600.0,2024-04-18
2024041801018848,LSL,22,16,100.0,149.7,14970.0,2024-04-18
2024041801018847,MKCL,42,49,35.0,870.1,30453.5,2024-04-18
2024041803010439,CFCL,67,39,50.0,361.0,18050.0,2024-04-18
2024041801018846,BEDC,45,38,10.0,365.9,3659.0,2024-04-18
2024041801018845,DLBS,45,49,50.0,1155.0,57750.0,2024-04-18
2024041805003451,HRL,28,44,170.0,600.0,102000.0,2024-04-18
2024041801018844,SONA,45,80,10.0,436.3,4363.0,2024-04-18
2024041803010438,JFL,26,58,185.0,438.0,81030.0,2024-04-18
2024041805003450,CHDC,13,11,50.0,796.0,39800.0,2024-04-18
2024041803010437,MERO,55,29,30.0,610.0,18300.0,2024-04-18
2024041801018843,PPL,62,10,10.0,601.4,6014.0,2024-04-18
2024041803010436,SJLIC,35,57,398.0,504.5,200791.0,2024-04-18
2024041803010435,SJLIC,36,57,50.0,504.7,25235.0,2024-04-18
2024041803010434,SJLIC,32,57,32.0,504.7,16150.4,2024-04-18
2024041803010433,SJLIC,14,57,20.0,504.7,10094.0,2024-04-18
2024041801018842,SANIMA,6,57,723.0,233.0,168459.0,2024-04-18
2024041804007151,RBCL,7,22,10.0,12933.0,129330.0,2024-04-18
2024041804007150,HEI,83,45,48.0,567.0,27216.0,2024-04-18
2024041804007149,HEI,26,45,50.0,567.0,28350.0,2024-04-18
2024041804007148,HEI,52,45,200.0,568.0,113600.0,2024-04-18
2024041804007147,HEI,52,45,250.0,568.4,142100.0,2024-04-18
2024041804007146,HEI,17,45,90.0,569.0,51210.0,2024-04-18
2024041804007145,HEI,42,45,100.0,569.0,56900.0,2024-04-18
2024041803010432,LBBL,65,47,58.0,365.1,21175.8,2024-04-18
2024041801018841,MAKAR,38,33,450.0,387.1,174195.0,2024-04-18
2024041804007144,AKPL,16,34,38.0,167.5,6365.0,2024-04-18
2024041803010431,HLI,38,63,10.0,387.0,3870.0,2024-04-18
2024041803010430,NLICL,42,45,44.0,544.0,23936.0,2024-04-18
2024041803010429,NLICL,42,16,48.0,544.0,26112.0,2024-04-18
2024041803010428,GUFL,26,54,140.0,822.0,115080.0,2024-04-18
2024041804007143,UPCL,34,58,500.0,194.2,97100.0,2024-04-18
2024041803010427,MLBBL,57,88,10.0,1014.0,10140.0,2024-04-18
2024041804007142,NHPC,26,57,3910.0,144.2,563822.0,2024-04-18
2024041804007141,NHPC,48,57,50.0,144.2,7210.0,2024-04-18
2024041804007140,NHPC,6,57,20.0,144.3,2886.0,2024-04-18
2024041804007139,NHPC,8,57,50.0,144.5,7225.0,2024-04-18
2024041804007138,NHPC,32,57,250.0,144.5,36125.0,2024-04-18
2024041804007137,NHPC,38,57,10.0,144.6,1446.0,2024-04-18
2024041804007136,NHPC,58,57,210.0,144.6,30366.0,2024-04-18
2024041801018840,SHIVM,14,32,429.0,499.0,214071.0,2024-04-18
2024041805003449,HRL,28,56,10.0,600.0,6000.0,2024-04-18
2024041805003448,HRL,28,22,60.0,600.0,36000.0,2024-04-18
2024041803010426,SKBBL,56,6,18.0,802.0,14436.0,2024-04-18
2024041803010425,SKBBL,44,6,10.0,802.1,8021.0,2024-04-18
2024041801018839,JALPA,6,49,15.0,1244.0,18660.0,2024-04-18
2024041803010424,NMFBS,45,17,45.0,1130.0,50850.0,2024-04-18
2024041804007135,SPDL,17,55,11.0,229.0,2519.0,2024-04-18
2024041804007134,UMRH,42,34,10.0,340.5,3405.0,2024-04-18
2024041804007133,AKPL,26,34,55.0,167.5,9212.5,2024-04-18
2024041804007132,AKPL,41,34,16.0,167.5,2680.0,2024-04-18
2024041804007131,AKPL,45,34,400.0,167.5,67000.0,2024-04-18
2024041804007130,AKPL,52,34,1191.0,167.6,199611.6,2024-04-18
2024041803010423,MPFL,21,6,50.0,365.0,18250.0,2024-04-18
2024041801018838,NRM,1,47,10.0,353.6,3536.0,2024-04-18
2024041801018837,NRM,1,58,10.0,353.0,3530.0,2024-04-18
2024041801018836,PHCL,55,54,20.0,294.0,5880.0,2024-04-18
2024041804007129,UPPER,38,14,200.0,165.0,33000.0,2024-04-18
2024041801018835,MMKJL,91,52,250.0,412.0,103000.0,2024-04-18
2024041801018834,PRVU,64,50,800.0,139.0,111200.0,2024-04-18
2024041801018833,ILI,38,4,138.0,540.1,74533.8,2024-04-18
2024041801018832,ILI,47,4,126.0,543.0,68418.0,2024-04-18
2024041803010422,MSLB,10,45,14.0,1087.9,15230.6,2024-04-18
2024041803010421,GLBSL,43,35,25.0,1668.0,41700.0,2024-04-18
2024041803010420,GLBSL,91,35,50.0,1668.0,83400.0,2024-04-18
2024041804007128,NGPL,95,38,100.0,312.1,31210.0,2024-04-18
2024041803010419,GFCL,80,65,215.0,444.0,95460.0,2024-04-18
2024041803010418,GFCL,42,65,30.0,444.1,13323.0,2024-04-18
2024041803010417,GFCL,53,65,2000.0,444.2,888400.0,2024-04-18
2024041803010416,GFCL,35,65,130.0,445.0,57850.0,2024-04-18
2024041803010415,GFCL,35,65,100.0,445.2,44520.0,2024-04-18
2024041801018831,RNLI,45,58,11.0,420.1,4621.1,2024-04-18
2024041803010414,GFCL,58,65,25.0,445.2,11130.0,2024-04-18
2024041803010413,SAPDBL,42,58,50.0,291.1,14555.0,2024-04-18
2024041804007127,AHPC,88,19,400.0,165.0,66000.0,2024-04-18
2024041804007126,AHPC,88,22,4600.0,165.0,759000.0,2024-04-18
2024041803010412,GRDBL,62,57,150.0,397.0,59550.0,2024-04-18
2024041801018830,CLI,35,14,200.0,439.4,87880.0,2024-04-18
2024041801018829,DOLTI,66,77,145.0,443.2,64264.0,2024-04-18
2024041801018828,DOLTI,62,77,10.0,443.2,4432.0,2024-04-18
2024041801018827,SONA,45,22,500.0,436.3,218150.0,2024-04-18
2024041801018826,HATHY,51,49,22.0,837.0,18414.0,2024-04-18
2024041801018825,NICA,45,39,10.0,384.2,3842.0,2024-04-18
2024041805003447,HRL,47,22,40.0,600.0,24000.0,2024-04-18
2024041805003446,HRL,47,44,10.0,600.0,6000.0,2024-04-18
2024041805003445,HRL,47,38,10.0,600.0,6000.0,2024-04-18
2024041801018824,RHGCL,56,81,30.0,321.0,9630.0,2024-04-18
2024041801018823,RHGCL,35,81,20.0,321.0,6420.0,2024-04-18
2024041801018822,RHGCL,41,81,40.0,321.1,12844.0,2024-04-18
2024041801018821,RHGCL,51,81,10.0,321.4,3214.0,2024-04-18
2024041801018820,NRM,13,48,32.0,350.9,11228.8,2024-04-18
2024041801018819,NRM,57,48,30.0,350.9,10527.0,2024-04-18
2024041801018818,NRM,42,48,300.0,351.0,105300.0,2024-04-18
2024041801018817,NRM,11,48,50.0,351.0,17550.0,2024-04-18
2024041801018816,NRM,82,48,88.0,351.0,30888.0,2024-04-18
2024041801018815,MLBS,35,38,20.0,1235.0,24700.0,2024-04-18
2024041801018814,MLBS,35,63,10.0,1232.0,12320.0,2024-04-18
2024041801018813,MLBS,35,13,50.0,1231.0,61550.0,2024-04-18
2024041804007125,UPPER,11,14,10.0,165.0,1650.0,2024-04-18
2024041804007124,UPPER,11,58,10.0,164.9,1649.0,2024-04-18
2024041804007123,UPPER,11,74,80.0,164.9,13192.0,2024-04-18
2024041801018812,EBL,49,32,130.0,495.0,64350.0,2024-04-18
2024041801018811,GCIL,58,26,11.0,473.5,5208.5,2024-04-18
2024041804007122,AKPL,41,22,1500.0,167.9,251850.0,2024-04-18
2024041803010411,SMFBS,51,41,16.0,1134.0,18144.0,2024-04-18
2024041803010410,SMFBS,54,41,20.0,1135.0,22700.0,2024-04-18
2024041803010409,SMFBS,6,41,52.0,1135.1,59025.2,2024-04-18
2024041801018810,MCHL,84,68,130.0,410.0,53300.0,2024-04-18
2024041801018809,MCHL,84,11,10.0,410.0,4100.0,2024-04-18
2024041801018808,MCHL,84,58,10.0,410.0,4100.0,2024-04-18
2024041801018807,MCHL,84,57,250.0,410.0,102500.0,2024-04-18
2024041801018806,MCHL,84,7,190.0,410.0,77900.0,2024-04-18
2024041801018805,MBL,35,45,20.0,169.7,3394.0,2024-04-18
2024041801018804,MCHL,42,7,10.0,410.0,4100.0,2024-04-18
2024041801018803,MCHL,42,8,100.0,408.0,40800.0,2024-04-18
2024041803010408,GFCL,52,81,10.0,447.7,4477.0,2024-04-18
2024041801018802,HDL,54,58,30.0,1461.0,43830.0,2024-04-18
2024041801018801,SPL,45,64,128.0,640.0,81920.0,2024-04-18
2024041803010407,SJLIC,57,49,65.0,505.0,32825.0,2024-04-18
2024041803010406,SJLIC,57,19,1000.0,505.0,505000.0,2024-04-18
2024041803010405,SJLIC,57,25,935.0,505.0,472175.0,2024-04-18
2024041804007121,OHL,6,19,23.0,724.1,16654.3,2024-04-18
2024041803010404,SJLIC,72,25,328.0,505.0,165640.0,2024-04-18
2024041803010403,SJLIC,72,25,500.0,504.9,252450.0,2024-04-18
2024041803010402,SJLIC,72,57,443.0,504.9,223670.7,2024-04-18
2024041803010401,SJLIC,72,41,629.0,504.9,317582.1,2024-04-18
2024041803010400,SJLIC,72,58,100.0,504.8,50480.0,2024-04-18
2024041801018800,NABIL,22,58,50.0,430.0,21500.0,2024-04-18
2024041804007120,HDHPC,49,39,500.0,129.5,64750.0,2024-04-18
2024041801018799,PHCL,45,54,100.0,294.0,29400.0,2024-04-18
2024041803010399,MLBL,66,41,300.0,314.3,94290.0,2024-04-18
2024041805003444,NRIC,43,22,10.0,706.0,7060.0,2024-04-18
2024041805003443,NRIC,43,42,20.0,706.0,14120.0,2024-04-18
2024041804007119,HURJA,45,38,470.0,282.6,132822.0,2024-04-18
2024041804007118,HURJA,45,38,30.0,283.0,8490.0,2024-04-18
2024041803010398,FOWAD,38,40,19.0,1116.3,21209.7,2024-04-18
2024041801018798,CITY,48,29,50.0,577.0,28850.0,2024-04-18
2024041801018797,CITY,56,29,100.0,577.1,57710.0,2024-04-18
2024041801018796,SONA,45,62,100.0,436.3,43630.0,2024-04-18
2024041801018795,SONA,58,62,100.0,436.3,43630.0,2024-04-18
2024041804007117,SHEL,44,26,855.0,162.6,139023.0,2024-04-18
2024041804007116,SHEL,6,26,40.0,162.7,6508.0,2024-04-18
2024041804007115,SHEL,34,26,25.0,162.7,4067.5,2024-04-18
2024041804007114,SHEL,58,26,1000.0,163.0,163000.0,2024-04-18
2024041804007113,SHEL,58,26,10.0,163.0,1630.0,2024-04-18
2024041804007112,SHEL,58,26,500.0,163.1,81550.0,2024-04-18
2024041804007111,SHEL,22,26,50.0,163.1,8155.0,2024-04-18
2024041804007110,SHEL,58,26,20.0,163.5,3270.0,2024-04-18
2024041801018794,RFPL,84,80,1480.0,380.0,562400.0,2024-04-18
2024041801018793,RFPL,84,29,500.0,379.9,189950.0,2024-04-18
2024041801018792,RFPL,84,13,20.0,379.9,7598.0,2024-04-18
2024041801018791,SHLB,54,35,10.0,1244.0,12440.0,2024-04-18
2024041801018790,TAMOR,41,29,10.0,378.0,3780.0,2024-04-18
2024041803010397,USLB,75,58,10.0,1825.0,18250.0,2024-04-18
2024041803010396,SHINE,45,57,70.0,360.2,25214.0,2024-04-18
2024041803010395,SHINE,38,57,115.0,360.2,41423.0,2024-04-18
2024041803010394,SHINE,53,57,615.0,361.0,222015.0,2024-04-18
2024041803010393,SHINE,46,57,200.0,361.1,72220.0,2024-04-18
2024041803010392,MDB,57,36,115.0,423.9,48748.5,2024-04-18
2024041801018789,SHIVM,14,94,177.0,499.0,88323.0,2024-04-18
2024041803010391,JFL,71,10,20.0,439.0,8780.0,2024-04-18
2024041801018788,CYCL,3,62,30.0,1514.7,45441.0,2024-04-18
2024041801018787,CYCL,48,62,50.0,1515.0,75750.0,2024-04-18
2024041801018786,CYCL,37,62,19.0,1515.0,28785.0,2024-04-18
2024041801018785,CYCL,57,62,20.0,1515.0,30300.0,2024-04-18
2024041801018784,CYCL,81,62,30.0,1515.0,45450.0,2024-04-18
2024041801018783,CYCL,43,62,10.0,1515.1,15151.0,2024-04-18
2024041801018782,CYCL,81,62,24.0,1516.0,36384.0,2024-04-18
2024041801018781,NICA,26,39,50.0,384.2,19210.0,2024-04-18
2024041801018780,NICA,54,39,25.0,384.4,9610.0,2024-04-18
2024041801018779,NICA,25,39,50.0,384.4,19220.0,2024-04-18
2024041801018778,NMB,46,19,10.0,174.5,1745.0,2024-04-18
2024041803010390,MLBL,42,42,30.0,314.5,9435.0,2024-04-18
2024041801018777,SHIVM,51,35,20.0,498.0,9960.0,2024-04-18
2024041804007109,UPPER,38,58,100.0,164.5,16450.0,2024-04-18
2024041801018776,SONA,57,45,50.0,437.0,21850.0,2024-04-18
2024041803010389,SJLIC,14,50,50.0,504.7,25235.0,2024-04-18
2024041801018775,HATHY,94,58,13.0,838.9,10905.7,2024-04-18
2024041801018774,HATHY,94,42,30.0,838.9,25167.0,2024-04-18
2024041801018773,HATHY,94,36,22.0,838.0,18436.0,2024-04-18
2024041804007108,JOSHI,32,39,20.0,321.0,6420.0,2024-04-18
2024041804007107,JOSHI,34,39,80.0,321.0,25680.0,2024-04-18
2024041801018772,MEHL,44,34,500.0,313.1,156550.0,2024-04-18
2024041803010388,GMFIL,8,49,29.0,354.0,10266.0,2024-04-18
2024041804007106,SSHL,5,43,10.0,159.8,1598.0,2024-04-18
2024041801018771,SHIVM,38,35,85.0,498.0,42330.0,2024-04-18
2024041801018770,SARBTM,38,44,10.0,768.0,7680.0,2024-04-18
2024041801018769,CYCL,66,1,10.0,1530.0,15300.0,2024-04-18
2024041801018768,SARBTM,42,44,100.0,768.0,76800.0,2024-04-18
2024041804007105,GHL,42,19,16.0,148.9,2382.4,2024-04-18
2024041804007104,SGIC,42,58,50.0,514.0,25700.0,2024-04-18
2024041801018767,MMKJL,29,38,10.0,415.9,4159.0,2024-04-18
2024041801018766,RNLI,56,58,1.0,424.0,424.0,2024-04-18
2024041801018765,RNLI,56,36,10.0,422.0,4220.0,2024-04-18
2024041801018764,RNLI,56,34,11.0,422.0,4642.0,2024-04-18
2024041801018763,NICA,57,46,18.0,385.0,6930.0,2024-04-18
2024041804007103,AKJCL,17,43,30.0,206.9,6207.0,2024-04-18
2024041803010387,MLBL,45,42,100.0,314.5,31450.0,2024-04-18
2024041801018762,SARBTM,49,44,10.0,768.0,7680.0,2024-04-18
2024041803010386,SHINE,34,49,50.0,364.0,18200.0,2024-04-18
2024041804007102,NHDL,50,3,125.0,411.5,51437.5,2024-04-18
2024041804007101,NHDL,47,3,10.0,411.6,4116.0,2024-04-18
2024041801018761,SHIVM,38,41,15.0,498.0,7470.0,2024-04-18
2024041803010385,MLBL,66,42,883.0,314.5,277703.5,2024-04-18
2024041805003442,NRIC,42,42,10.0,706.0,7060.0,2024-04-18
2024041805003441,HIDCL,58,42,20.0,162.0,3240.0,2024-04-18
2024041801018760,NABIL,32,6,16.0,430.0,6880.0,2024-04-18
2024041804007100,DHPL,19,54,506.0,204.9,103679.4,2024-04-18
2024041804007099,DHPL,19,34,291.0,204.9,59625.9,2024-04-18
2024041804007098,DHPL,19,58,103.0,204.8,21094.4,2024-04-18
2024041804007097,DHPL,19,34,100.0,204.7,20470.0,2024-04-18
2024041803010384,SJLIC,19,22,100.0,504.8,50480.0,2024-04-18
2024041801018759,ILI,47,58,10.0,543.0,5430.0,2024-04-18
2024041801018758,ILI,47,35,20.0,543.0,10860.0,2024-04-18
2024041801018757,ILI,47,58,10.0,542.8,5428.0,2024-04-18
2024041801018756,ILI,47,19,10.0,542.0,5420.0,2024-04-18
2024041801018755,ILI,47,10,54.0,542.0,29268.0,2024-04-18
2024041801018754,ILI,47,3,50.0,542.0,27100.0,2024-04-18
2024041801018753,ILI,47,34,20.0,542.0,10840.0,2024-04-18
2024041801018752,ILI,47,56,10.0,542.0,5420.0,2024-04-18
2024041801018751,ILI,47,16,10.0,542.0,5420.0,2024-04-18
2024041801018750,ILI,47,52,10.0,541.0,5410.0,2024-04-18
2024041801018749,ILI,47,29,20.0,540.4,10808.0,2024-04-18
2024041801018748,ILI,47,58,10.0,540.3,5403.0,2024-04-18
2024041801018747,ILI,47,38,10.0,540.3,5403.0,2024-04-18
2024041803010383,CBBL,44,17,11.0,827.0,9097.0,2024-04-18
2024041803010382,CBBL,44,32,236.0,827.0,195172.0,2024-04-18
2024041803010381,MFIL,53,35,100.0,495.4,49540.0,2024-04-18
2024041801018746,SARBTM,21,44,10.0,768.0,7680.0,2024-04-18
2024041801018745,HDL,55,16,30.0,1460.1,43803.0,2024-04-18
2024041803010380,MDB,42,38,12.0,423.1,5077.2,2024-04-18
2024041801018744,MHL,13,80,10.0,397.0,3970.0,2024-04-18
2024041801018743,MEHL,13,42,380.0,313.0,118940.0,2024-04-18
2024041805003440,NRN,60,74,132.0,509.0,67188.0,2024-04-18
2024041805003439,NRN,69,74,330.0,509.1,168003.0,2024-04-18
2024041803010379,RLFL,45,6,50.0,355.0,17750.0,2024-04-18
2024041801018742,BGWT,71,45,40.0,591.0,23640.0,2024-04-18
2024041801018741,BGWT,3,45,80.0,591.0,47280.0,2024-04-18
2024041801018740,BGWT,87,45,100.0,591.4,59140.0,2024-04-18
2024041801018739,BGWT,45,45,80.0,591.5,47320.0,2024-04-18
2024041801018738,BGWT,4,45,10.0,591.6,5916.0,2024-04-18
2024041801018737,TSHL,66,41,20.0,513.0,10260.0,2024-04-18
2024041804007096,MEN,38,81,100.0,502.0,50200.0,2024-04-18
2024041804007095,MEN,77,81,25.0,502.0,12550.0,2024-04-18
2024041804007094,MEN,17,81,60.0,502.0,30120.0,2024-04-18
2024041801018736,SARBTM,58,44,40.0,768.0,30720.0,2024-04-18
2024041801018735,SARBTM,47,44,50.0,768.0,38400.0,2024-04-18
2024041801018734,SARBTM,35,44,25.0,768.0,19200.0,2024-04-18
2024041801018733,SARBTM,52,44,10.0,768.0,7680.0,2024-04-18
2024041801018732,SARBTM,7,44,382.0,768.0,293376.0,2024-04-18
2024041801018731,SARBTM,8,44,100.0,768.1,76810.0,2024-04-18
2024041801018730,SARBTM,46,44,30.0,768.1,23043.0,2024-04-18
2024041801018729,SARBTM,17,44,20.0,768.1,15362.0,2024-04-18
2024041801018728,SARBTM,48,44,20.0,768.2,15364.0,2024-04-18
2024041801018727,SARBTM,17,44,20.0,768.2,15364.0,2024-04-18
2024041801018726,SARBTM,33,44,55.0,769.0,42295.0,2024-04-18
2024041801018725,SARBTM,57,44,70.0,770.0,53900.0,2024-04-18
2024041801018724,SARBTM,49,44,100.0,770.0,77000.0,2024-04-18
2024041801018723,SARBTM,42,44,150.0,770.0,115500.0,2024-04-18
2024041801018722,SARBTM,49,44,60.0,770.0,46200.0,2024-04-18
2024041801018721,SARBTM,40,44,40.0,770.0,30800.0,2024-04-18
2024041801018720,SARBTM,38,44,100.0,770.0,77000.0,2024-04-18
2024041801018719,SARBTM,45,44,129.0,770.0,99330.0,2024-04-18
2024041801018718,SARBTM,60,44,100.0,770.1,77010.0,2024-04-18
2024041801018717,SARBTM,26,44,100.0,770.2,77020.0,2024-04-18
2024041801018716,SARBTM,36,44,10.0,771.0,7710.0,2024-04-18
2024041801018715,SARBTM,8,44,50.0,772.0,38600.0,2024-04-18
2024041801018714,SHIVM,34,41,20.0,498.0,9960.0,2024-04-18
2024041804007093,SHPC,39,8,100.0,325.1,32510.0,2024-04-18
2024041801018713,HATHY,51,36,10.0,837.0,8370.0,2024-04-18
2024041801018712,HATHY,7,36,10.0,837.0,8370.0,2024-04-18
2024041801018711,HATHY,41,36,100.0,837.0,83700.0,2024-04-18
2024041801018710,HATHY,13,36,80.0,837.0,66960.0,2024-04-18
2024041801018709,HATHY,57,36,300.0,837.1,251130.0,2024-04-18
2024041803010378,NICLBSL,38,32,169.0,645.0,109005.0,2024-04-18
2024041803010377,NICLBSL,52,32,18.0,645.0,11610.0,2024-04-18
2024041803010376,NICLBSL,45,32,93.0,645.1,59994.3,2024-04-18
2024041803010375,MERO,55,19,500.0,610.0,305000.0,2024-04-18
2024041801018708,NYADI,58,56,25.0,285.0,7125.0,2024-04-18
2024041804007092,NIL,17,58,200.0,783.1,156620.0,2024-04-18
2024041804007091,NIL,21,58,30.0,784.0,23520.0,2024-04-18
2024041804007090,NIL,42,58,200.0,784.0,156800.0,2024-04-18
2024041804007089,NIL,46,58,10.0,784.0,7840.0,2024-04-18
2024041801018707,ILI,38,26,100.0,540.1,54010.0,2024-04-18
2024041804007088,API,25,43,118.0,168.2,19847.6,2024-04-18
2024041804007087,RIDI,57,41,78.0,171.0,13338.0,2024-04-18
2024041804007086,RIDI,25,41,100.0,171.1,17110.0,2024-04-18
2024041804007085,RIDI,5,41,100.0,171.5,17150.0,2024-04-18
2024041804007084,RIDI,34,41,500.0,171.7,85850.0,2024-04-18
2024041804007083,RIDI,44,41,200.0,171.7,34340.0,2024-04-18
2024041804007082,RIDI,26,41,122.0,171.8,20959.6,2024-04-18
2024041804007081,JOSHI,34,28,20.0,321.0,6420.0,2024-04-18
2024041804007080,KKHC,34,48,200.0,238.6,47720.0,2024-04-18
2024041804007079,KKHC,34,71,200.0,238.6,47720.0,2024-04-18
2024041804007078,KKHC,34,1,500.0,238.6,119300.0,2024-04-18
2024041804007077,KKHC,34,6,1000.0,238.0,238000.0,2024-04-18
2024041804007076,KKHC,34,4,100.0,238.0,23800.0,2024-04-18
2024041804007075,KKHC,34,38,10.0,234.6,2346.0,2024-04-18
2024041804007074,KKHC,34,71,130.0,234.4,30472.0,2024-04-18
2024041804007073,KKHC,34,8,40.0,234.0,9360.0,2024-04-18
2024041804007072,KKHC,34,58,400.0,234.0,93600.0,2024-04-18
2024041804007071,KKHC,34,26,500.0,234.0,117000.0,2024-04-18
2024041804007070,KKHC,34,19,20.0,232.9,4658.0,2024-04-18
2024041804007069,KKHC,34,42,16.0,232.5,3720.0,2024-04-18
2024041804007068,KKHC,34,42,10.0,232.0,2320.0,2024-04-18
2024041804007067,KKHC,34,46,15.0,231.1,3466.5,2024-04-18
2024041804007066,KKHC,34,57,1000.0,230.0,230000.0,2024-04-18
2024041804007065,KKHC,34,17,10.0,230.0,2300.0,2024-04-18
2024041804007064,KKHC,34,35,10.0,230.0,2300.0,2024-04-18
2024041804007063,KKHC,34,42,10.0,230.0,2300.0,2024-04-18
2024041804007062,KKHC,34,57,213.0,230.0,48990.0,2024-04-18
2024041804007061,KKHC,34,54,100.0,229.9,22990.0,2024-04-18
2024041804007060,KKHC,34,34,10.0,229.8,2298.0,2024-04-18
2024041804007059,KKHC,34,34,150.0,229.0,34350.0,2024-04-18
2024041804007058,KKHC,34,47,880.0,229.0,201520.0,2024-04-18
2024041804007057,KKHC,34,6,46.0,228.7,10520.2,2024-04-18
2024041804007056,KKHC,34,57,1000.0,228.0,228000.0,2024-04-18
2024041804007055,KKHC,34,57,50.0,228.0,11400.0,2024-04-18
2024041804007054,KKHC,34,43,340.0,227.4,77316.0,2024-04-18
2024041804007053,KKHC,34,4,90.0,227.2,20448.0,2024-04-18
2024041805003438,NTC,58,35,72.0,819.0,58968.0,2024-04-18
2024041805003437,NTC,48,35,333.0,820.0,273060.0,2024-04-18
2024041801018706,SCB,1,32,10.0,515.9,5159.0,2024-04-18
2024041804007052,JOSHI,22,28,30.0,321.0,9630.0,2024-04-18
2024041803010374,NLIC,42,77,170.0,588.2,99994.0,2024-04-18
2024041801018705,JALPA,6,32,320.0,1244.0,398080.0,2024-04-18
2024041803010373,SJLIC,57,41,1371.0,504.9,692217.9,2024-04-18
2024041803010372,SJLIC,57,41,198.0,504.9,99970.2,2024-04-18
2024041803010371,SJLIC,57,47,26.0,504.9,13127.4,2024-04-18
2024041803010370,SJLIC,57,5,235.0,504.8,118628.0,2024-04-18
2024041803010369,SJLIC,57,50,170.0,504.7,85799.0,2024-04-18
2024041801018704,GBIME,58,42,181.0,175.5,31765.5,2024-04-18
2024041805003436,CIT,49,22,10.0,2090.0,20900.0,2024-04-18
2024041804007051,API,49,43,14.0,168.2,2354.8,2024-04-18
2024041804007050,HDHPC,49,34,194.0,129.5,25123.0,2024-04-18
2024041804007049,HDHPC,21,34,20.0,129.5,2590.0,2024-04-18
2024041804007048,HDHPC,51,34,232.0,129.5,30044.0,2024-04-18
2024041804007047,HDHPC,17,34,200.0,129.5,25900.0,2024-04-18
2024041804007046,HDHPC,32,34,482.0,129.6,62467.2,2024-04-18
2024041804007045,HDHPC,45,34,50.0,129.7,6485.0,2024-04-18
2024041804007044,HDHPC,53,34,20.0,129.9,2598.0,2024-04-18
2024041804007043,HDHPC,34,34,150.0,129.9,19485.0,2024-04-18
2024041804007042,HDHPC,45,34,12.0,129.9,1558.8,2024-04-18
2024041804007041,HDHPC,1,34,40.0,129.9,5196.0,2024-04-18
2024041801018703,NABIL,53,6,73.0,430.0,31390.0,2024-04-18
2024041801018702,NABIL,53,51,127.0,429.9,54597.3,2024-04-18
2024041804007040,HEI,66,45,10.0,574.0,5740.0,2024-04-18
2024041801018701,MKCL,42,67,76.0,870.1,66127.6,2024-04-18
2024041801018700,MKCL,29,67,100.0,870.2,87020.0,2024-04-18
2024041801018699,MKCL,48,67,200.0,870.2,174040.0,2024-04-18
2024041801018698,MKCL,22,67,50.0,870.2,43510.0,2024-04-18
2024041801018697,MKCL,49,67,10.0,871.0,8710.0,2024-04-18
2024041801018696,MKCL,53,67,20.0,871.0,17420.0,2024-04-18
2024041804007039,IGI,35,50,54.0,520.0,28080.0,2024-04-18
2024041805003435,NTC,28,49,100.0,820.9,82090.0,2024-04-18
2024041801018695,CLI,35,85,475.0,439.4,208715.0,2024-04-18
2024041801018694,CLI,17,85,25.0,439.5,10987.5,2024-04-18
2024041801018693,SONA,58,45,300.0,437.0,131100.0,2024-04-18
2024041801018692,SNLI,26,22,10.0,581.0,5810.0,2024-04-18
2024041801018691,SNLI,26,59,194.0,581.0,112714.0,2024-04-18
2024041804007038,AKPL,45,17,100.0,167.5,16750.0,2024-04-18
2024041803010368,SJLIC,76,50,30.0,504.7,15141.0,2024-04-18
2024041801018690,MKCL,34,42,10.0,877.0,8770.0,2024-04-18
2024041803010367,SJLIC,37,50,200.0,504.7,100940.0,2024-04-18
2024041805003434,CIT,49,55,41.0,2090.0,85690.0,2024-04-18
2024041803010366,CFCL,67,54,150.0,361.0,54150.0,2024-04-18
2024041801018689,AVYAN,6,88,130.0,673.5,87555.0,2024-04-18
2024041803010365,SIFC,44,59,10.0,372.4,3724.0,2024-04-18
2024041803010364,SIFC,44,59,10.0,372.5,3725.0,2024-04-18
2024041803010363,SIFC,44,59,10.0,372.6,3726.0,2024-04-18
2024041803010362,SIFC,44,59,10.0,372.7,3727.0,2024-04-18
2024041803010361,SIFC,44,59,10.0,372.8,3728.0,2024-04-18
2024041801018688,PPL,62,22,13.0,601.4,7818.2,2024-04-18
2024041801018687,PCBL,17,28,50.0,188.1,9405.0,2024-04-18
2024041801018686,PPL,62,45,66.0,601.4,39692.4,2024-04-18
2024041804007037,CHCL,49,4,10.0,445.0,4450.0,2024-04-18
2024041801018685,ADBL,49,57,200.0,223.5,44700.0,2024-04-18
2024041801018684,MHCL,90,41,40.0,389.0,15560.0,2024-04-18
2024041801018683,MHCL,45,41,20.0,389.1,7782.0,2024-04-18
2024041801018682,MHCL,13,41,40.0,389.1,15564.0,2024-04-18
2024041803010360,LICN,7,57,11.0,1327.0,14597.0,2024-04-18
2024041803010359,RLFL,45,44,10.0,355.0,3550.0,2024-04-18
2024041801018681,MANDU,65,25,10.0,735.0,7350.0,2024-04-18
2024041801018680,MANDU,65,52,10.0,734.0,7340.0,2024-04-18
2024041801018679,MANDU,65,5,30.0,733.0,21990.0,2024-04-18
2024041805003433,HRL,42,19,10.0,600.0,6000.0,2024-04-18
2024041803010358,SINDU,56,42,24.0,357.0,8568.0,2024-04-18
2024041801018678,NBL,16,42,101.0,205.0,20705.0,2024-04-18
2024041801018677,NBL,41,42,30.0,205.0,6150.0,2024-04-18
2024041801018676,NBL,57,42,40.0,205.0,8200.0,2024-04-18
2024041801018675,NBL,5,42,100.0,205.0,20500.0,2024-04-18
2024041801018674,NBL,52,42,200.0,205.0,41000.0,2024-04-18
2024041801018673,NBL,52,42,76.0,205.0,15580.0,2024-04-18
2024041801018672,SCB,4,42,23.0,515.1,11847.3,2024-04-18
2024041804007036,LEC,42,36,600.0,182.2,109320.0,2024-04-18
2024041804007035,LEC,7,36,200.0,182.3,36460.0,2024-04-18
2024041804007034,RIDI,4,14,50.0,172.4,8620.0,2024-04-18
2024041803010357,GUFL,26,1,50.0,822.0,41100.0,2024-04-18
2024041801018671,VLUCL,53,45,10.0,471.0,4710.0,2024-04-18
2024041801018670,SNLI,49,59,306.0,581.0,177786.0,2024-04-18
2024041801018669,SNLI,49,62,10.0,581.0,5810.0,2024-04-18
2024041801018668,SNLI,49,41,10.0,581.0,5810.0,2024-04-18
2024041801018667,SNLI,49,32,100.0,581.0,58100.0,2024-04-18
2024041801018666,SNLI,49,42,10.0,581.0,5810.0,2024-04-18
2024041801018665,SNLI,49,41,64.0,581.0,37184.0,2024-04-18
2024041803010356,GUFL,21,1,10.0,822.0,8220.0,2024-04-18
2024041803010355,GUFL,21,54,50.0,821.0,41050.0,2024-04-18
2024041801018664,SARBTM,38,44,10.0,773.0,7730.0,2024-04-18
2024041801018663,SONA,29,45,70.0,437.0,30590.0,2024-04-18
2024041801018662,SGHC,42,85,100.0,315.0,31500.0,2024-04-18
2024041804007033,PRIN,44,57,50.0,768.7,38435.0,2024-04-18
2024041801018661,RNLI,32,58,11.0,420.0,4620.0,2024-04-18
2024041803010354,SJLIC,18,5,100.0,504.8,50480.0,2024-04-18
2024041805003432,HRL,44,19,40.0,600.0,24000.0,2024-04-18
2024041805003431,HRL,44,57,10.0,600.0,6000.0,2024-04-18
2024041804007032,NHPC,39,57,50.0,145.0,7250.0,2024-04-18
2024041803010353,MERO,55,39,71.0,610.0,43310.0,2024-04-18
2024041803010352,MERO,48,39,150.0,610.0,91500.0,2024-04-18
2024041803010351,MERO,7,39,20.0,610.0,12200.0,2024-04-18
2024041803010350,MERO,81,39,10.0,610.0,6100.0,2024-04-18
2024041803010349,MERO,17,39,50.0,610.0,30500.0,2024-04-18
2024041803010348,MERO,88,39,100.0,610.1,61010.0,2024-04-18
2024041803010347,MERO,88,39,54.0,610.2,32950.8,2024-04-18
2024041801018660,JALPA,6,65,25.0,1244.0,31100.0,2024-04-18
2024041801018659,MEHL,13,42,10.0,313.0,3130.0,2024-04-18
2024041801018658,MCHL,42,13,10.0,408.0,4080.0,2024-04-18
2024041801018657,GCIL,36,57,20.0,473.9,9478.0,2024-04-18
2024041801018656,SARBTM,8,77,50.0,772.0,38600.0,2024-04-18
2024041805003430,NTC,19,49,15.0,820.9,12313.5,2024-04-18
2024041804007031,RURU,14,35,50.0,504.7,25235.0,2024-04-18
2024041804007030,UPPER,6,14,30.0,165.0,4950.0,2024-04-18
2024041803010346,SJLIC,26,5,16.0,504.8,8076.8,2024-04-18
2024041803010345,SJLIC,26,47,84.0,504.8,42403.2,2024-04-18
2024041801018655,TAMOR,26,58,10.0,378.0,3780.0,2024-04-18
2024041804007029,NGPL,95,38,500.0,312.1,156050.0,2024-04-18
2024041803010344,GUFL,53,54,50.0,821.0,41050.0,2024-04-18
2024041801018654,NRM,82,33,112.0,351.0,39312.0,2024-04-18
2024041803010343,SAPDBL,42,42,100.0,291.0,29100.0,2024-04-18
2024041801018653,PPL,62,32,10.0,601.4,6014.0,2024-04-18
2024041803010342,GBLBS,49,48,10.0,621.0,6210.0,2024-04-18
2024041803010341,GBLBS,49,28,10.0,620.9,6209.0,2024-04-18
2024041801018652,SHIVM,6,41,135.0,498.0,67230.0,2024-04-18
2024041803010340,NICLBSL,45,35,100.0,645.1,64510.0,2024-04-18
2024041801018651,ULHC,8,35,10.0,327.1,3271.0,2024-04-18
2024041804007028,UNHPL,35,17,21.0,226.0,4746.0,2024-04-18
2024041804007027,UPPER,38,33,30.0,164.5,4935.0,2024-04-18
2024041804007026,UPPER,38,33,150.0,164.5,24675.0,2024-04-18
2024041804007025,UPPER,35,33,50.0,164.5,8225.0,2024-04-18
2024041804007024,UPPER,44,33,100.0,164.6,16460.0,2024-04-18
2024041804007023,UPPER,17,33,20.0,164.6,3292.0,2024-04-18
2024041804007022,UPPER,34,33,50.0,164.9,8245.0,2024-04-18
2024041801018650,SPC,51,28,230.0,517.0,118910.0,2024-04-18
2024041801018649,SPC,6,28,100.0,517.0,51700.0,2024-04-18
2024041801018648,SPC,19,28,140.0,517.1,72394.0,2024-04-18
2024041801018647,SPC,36,28,20.0,517.2,10344.0,2024-04-18
2024041801018646,SPC,58,28,10.0,517.3,5173.0,2024-04-18
2024041801018645,MKJC,50,56,60.0,445.0,26700.0,2024-04-18
2024041804007021,CGH,57,26,10.0,790.0,7900.0,2024-04-18
2024041804007020,SGIC,36,5,50.0,513.3,25665.0,2024-04-18
2024041803010339,SJLIC,76,47,30.0,504.8,15144.0,2024-04-18
2024041803010338,SJLIC,76,71,70.0,504.7,35329.0,2024-04-18
2024041801018644,SHIVM,6,37,50.0,498.0,24900.0,2024-04-18
2024041803010337,ICFC,44,38,100.0,498.0,49800.0,2024-04-18
2024041804007019,NGPL,52,42,740.0,313.0,231620.0,2024-04-18
2024041804007018,NGPL,52,51,80.0,313.0,25040.0,2024-04-18
2024041803010336,JSLBB,34,51,40.0,1122.0,44880.0,2024-04-18
2024041804007017,AKJCL,14,59,32.0,206.2,6598.4,2024-04-18
2024041804007016,AKJCL,19,59,160.0,206.3,33008.0,2024-04-18
2024041804007015,AKJCL,55,59,100.0,206.3,20630.0,2024-04-18
2024041803010335,PMLI,57,41,55.0,499.9,27494.5,2024-04-18
2024041803010334,ALBSL,62,7,840.0,710.0,596400.0,2024-04-18
2024041803010333,ALBSL,62,57,10.0,709.0,7090.0,2024-04-18
2024041803010332,ALBSL,62,7,150.0,709.0,106350.0,2024-04-18
2024041801018643,MAKAR,42,26,20.0,387.0,7740.0,2024-04-18
2024041801018642,MAKAR,62,26,200.0,387.0,77400.0,2024-04-18
2024041801018641,MAKAR,19,26,100.0,387.1,38710.0,2024-04-18
2024041801018640,MAKAR,19,26,80.0,388.0,31040.0,2024-04-18
2024041803010331,KRBL,17,44,15.0,397.1,5956.5,2024-04-18
2024041804007014,SHL,34,56,200.0,430.0,86000.0,2024-04-18
2024041803010330,GUFL,53,38,50.0,821.0,41050.0,2024-04-18
2024041803010329,GUFL,48,38,50.0,821.0,41050.0,2024-04-18
2024041801018639,ILI,52,42,30.0,540.0,16200.0,2024-04-18
2024041801018638,BNT,51,55,10.0,12495.0,124950.0,2024-04-18
2024041803010328,SINDU,50,42,100.0,359.4,35940.0,2024-04-18
2024041804007013,UPPER,22,14,64.0,165.0,10560.0,2024-04-18
2024041804007012,NICL,37,48,11.0,804.0,8844.0,2024-04-18
2024041804007011,NICL,34,48,93.0,804.0,74772.0,2024-04-18
2024041803010327,MERO,64,7,300.0,610.3,183090.0,2024-04-18
2024041804007010,CHCL,83,34,500.0,443.0,221500.0,2024-04-18
2024041804007009,LEC,11,5,10.0,183.0,1830.0,2024-04-18
2024041801018637,MHCL,13,58,20.0,389.1,7782.0,2024-04-18
2024041804007008,NHPC,38,57,380.0,145.0,55100.0,2024-04-18
2024041801018636,CYCL,66,1,10.0,1530.0,15300.0,2024-04-18
2024041801018635,DOLTI,35,77,100.0,445.0,44500.0,2024-04-18
2024041801018634,DOLTI,42,77,50.0,445.0,22250.0,2024-04-18
2024041801018633,UNLB,50,32,20.0,1590.0,31800.0,2024-04-18
2024041801018632,MKHC,13,32,30.0,317.0,9510.0,2024-04-18
2024041801018631,MKHC,13,32,100.0,317.0,31700.0,2024-04-18
2024041801018630,MKHC,21,32,30.0,317.7,9531.0,2024-04-18
2024041801018629,MKHC,21,32,100.0,317.7,31770.0,2024-04-18
2024041801018628,MKHL,62,16,59.0,482.0,28438.0,2024-04-18
2024041801018627,MKHL,62,35,141.0,482.0,67962.0,2024-04-18
2024041801018626,CZBIL,22,37,40.0,158.0,6320.0,2024-04-18
2024041801018625,CZBIL,22,37,60.0,158.0,9480.0,2024-04-18
2024041801018624,PCBL,41,28,200.0,188.1,37620.0,2024-04-18
2024041801018623,NICA,4,49,22.0,384.2,8452.4,2024-04-18
2024041803010326,NFS,44,57,10.0,440.0,4400.0,2024-04-18
2024041803010325,NFS,44,38,50.0,439.9,21995.0,2024-04-18
2024041803010324,NFS,44,38,30.0,439.9,13197.0,2024-04-18
2024041801018622,CZBIL,58,37,30.0,158.0,4740.0,2024-04-18
2024041801018621,ILI,52,58,200.0,540.0,108000.0,2024-04-18
2024041805003429,NTC,48,46,167.0,820.0,136940.0,2024-04-18
2024041805003428,NTC,41,46,25.0,820.0,20500.0,2024-04-18
2024041805003427,NTC,34,46,10.0,820.0,8200.0,2024-04-18
2024041805003426,NTC,55,46,15.0,820.0,12300.0,2024-04-18
2024041805003425,NTC,29,46,10.0,820.0,8200.0,2024-04-18
2024041805003424,NTC,14,46,12.0,820.0,9840.0,2024-04-18
2024041805003423,NTC,38,46,20.0,820.0,16400.0,2024-04-18
2024041805003422,NTC,54,46,20.0,820.0,16400.0,2024-04-18
2024041805003421,NTC,19,46,50.0,820.0,41000.0,2024-04-18
2024041805003420,NTC,43,46,20.0,820.0,16400.0,2024-04-18
2024041805003419,NTC,25,46,100.0,820.0,82000.0,2024-04-18
2024041805003418,NTC,58,46,51.0,820.0,41820.0,2024-04-18
2024041801018620,KBL,41,40,14.0,133.0,1862.0,2024-04-18
2024041801018619,KBL,49,40,50.0,133.0,6650.0,2024-04-18
2024041804007007,MEN,17,59,140.0,502.0,70280.0,2024-04-18
2024041804007006,MEN,32,59,60.0,502.1,30126.0,2024-04-18
2024041803010323,SJLIC,22,71,10.0,504.7,5047.0,2024-04-18
2024041803010322,NFS,45,1,11.0,439.0,4829.0,2024-04-18
2024041801018618,PCBL,29,49,404.0,188.0,75952.0,2024-04-18
2024041801018617,PCBL,45,49,100.0,188.0,18800.0,2024-04-18
2024041801018616,PCBL,7,49,20.0,188.0,3760.0,2024-04-18
2024041801018615,PCBL,22,49,60.0,188.0,11280.0,2024-04-18
2024041801018614,PCBL,58,49,16.0,188.0,3008.0,2024-04-18
2024041805003417,HIDCL,34,35,100.0,162.0,16200.0,2024-04-18
2024041803010321,MNBBL,74,17,100.0,336.0,33600.0,2024-04-18
2024041803010320,MNBBL,74,41,62.0,336.0,20832.0,2024-04-18
2024041803010319,MNBBL,74,14,63.0,336.0,21168.0,2024-04-18
2024041801018613,BNHC,50,29,90.0,460.0,41400.0,2024-04-18
2024041803010318,GBBL,22,41,88.0,359.1,31600.8,2024-04-18
2024041803010317,GBBL,57,41,50.0,359.2,17960.0,2024-04-18
2024041803010316,GBBL,1,41,62.0,359.2,22270.4,2024-04-18
2024041801018612,MBL,58,45,51.0,169.7,8654.7,2024-04-18
2024041801018611,MBL,58,45,481.0,169.7,81625.7,2024-04-18
2024041801018610,MBL,49,45,10.0,170.0,1700.0,2024-04-18
2024041801018609,GBIME,48,42,500.0,175.5,87750.0,2024-04-18
2024041801018608,SRLI,22,34,10.0,427.7,4277.0,2024-04-18
2024041801018607,MHL,36,38,10.0,394.2,3942.0,2024-04-18
2024041801018606,ILI,52,58,10.0,540.0,5400.0,2024-04-18
2024041803010315,SJLIC,51,71,100.0,504.7,50470.0,2024-04-18
2024041804007005,RIDI,34,14,250.0,172.0,43000.0,2024-04-18
2024041805003416,HRL,19,57,65.0,600.0,39000.0,2024-04-18
2024041803010314,MPFL,17,7,10.0,369.9,3699.0,2024-04-18
2024041803010313,KSBBL,81,47,13.0,341.0,4433.0,2024-04-18
2024041803010312,KSBBL,19,47,100.0,341.0,34100.0,2024-04-18
2024041803010311,KSBBL,74,47,37.0,341.0,12617.0,2024-04-18
2024041803010310,KSBBL,44,47,50.0,341.1,17055.0,2024-04-18
2024041804007004,RADHI,58,45,250.0,227.0,56750.0,2024-04-18
2024041804007003,RADHI,62,45,200.0,227.0,45400.0,2024-04-18
2024041801018605,MHCL,45,6,150.0,389.5,58425.0,2024-04-18
2024041805003415,HRL,19,49,10.0,600.0,6000.0,2024-04-18
2024041803010309,RLFL,25,36,35.0,357.5,12512.5,2024-04-18
2024041801018604,SHIVM,6,34,75.0,498.0,37350.0,2024-04-18
2024041801018603,DOLTI,42,25,30.0,445.0,13350.0,2024-04-18
2024041803010308,SJLIC,45,52,10.0,504.3,5043.0,2024-04-18
2024041801018602,MCHL,28,43,10.0,406.0,4060.0,2024-04-18
2024041801018601,MEHL,13,41,10.0,313.0,3130.0,2024-04-18
2024041801018600,EBL,49,45,20.0,495.0,9900.0,2024-04-18
2024041804007002,UMRH,42,33,265.0,340.5,90232.5,2024-04-18
2024041804007001,UMRH,6,33,15.0,341.0,5115.0,2024-04-18
2024041804007000,UMRH,20,33,20.0,341.0,6820.0,2024-04-18
2024041804006999,UMRH,28,33,450.0,341.0,153450.0,2024-04-18
2024041804006998,UMRH,33,33,50.0,341.1,17055.0,2024-04-18
2024041803010307,SFCL,42,35,100.0,314.0,31400.0,2024-04-18
2024041803010306,SFCL,42,39,25.0,314.0,7850.0,2024-04-18
2024041804006997,HDHPC,79,47,10.0,130.0,1300.0,2024-04-18
2024041805003414,HIDCL,57,35,33.0,162.0,5346.0,2024-04-18
2024041805003413,HIDCL,57,56,467.0,162.0,75654.0,2024-04-18
2024041804006996,UPPER,17,14,322.0,165.0,53130.0,2024-04-18
2024041804006995,UPPER,17,29,678.0,165.0,111870.0,2024-04-18
2024041803010305,SJLIC,34,45,89.0,504.1,44864.9,2024-04-18
2024041803010304,SJLIC,44,45,100.0,504.1,50410.0,2024-04-18
2024041803010303,SJLIC,41,45,111.0,504.1,55955.1,2024-04-18
2024041803010302,SJLIC,43,47,10.0,504.8,5048.0,2024-04-18
2024041801018599,NMB,32,25,10.0,173.2,1732.0,2024-04-18
2024041801018598,NMB,58,25,490.0,173.2,84868.0,2024-04-18
2024041804006994,KKHC,34,4,10.0,227.2,2272.0,2024-04-18
2024041803010301,SJLIC,41,34,389.0,504.1,196094.9,2024-04-18
2024041803010300,SJLIC,35,34,400.0,504.1,201640.0,2024-04-18
2024041803010299,SJLIC,5,34,200.0,504.2,100840.0,2024-04-18
2024041803010298,SJLIC,76,34,11.0,504.2,5546.2,2024-04-18
2024041801018597,RAWA,34,56,10.0,470.0,4700.0,2024-04-18
2024041801018596,RAWA,34,57,350.0,470.0,164500.0,2024-04-18
2024041801018595,RAWA,34,33,52.0,470.0,24440.0,2024-04-18
2024041801018594,RAWA,34,7,200.0,469.9,93980.0,2024-04-18
2024041801018593,RAWA,34,28,10.0,469.9,4699.0,2024-04-18
2024041803010297,SFCL,46,34,857.0,313.5,268669.5,2024-04-18
2024041803010296,HLI,7,42,50.0,386.0,19300.0,2024-04-18
2024041805003412,HIDCL,42,56,15.0,162.0,2430.0,2024-04-18
2024041801018592,HBL,58,57,220.0,179.6,39512.0,2024-04-18
2024041801018591,SHLB,62,45,10.0,1240.0,12400.0,2024-04-18
2024041801018590,SHLB,62,6,10.0,1240.0,12400.0,2024-04-18
2024041801018589,SHLB,62,45,10.0,1239.0,12390.0,2024-04-18
2024041801018588,SHLB,62,45,120.0,1239.0,148680.0,2024-04-18
2024041801018587,SHLB,62,19,40.0,1238.0,49520.0,2024-04-18
2024041801018586,SHLB,62,49,10.0,1238.0,12380.0,2024-04-18
2024041801018585,SHLB,62,7,50.0,1238.0,61900.0,2024-04-18
2024041801018584,SHLB,62,32,10.0,1235.0,12350.0,2024-04-18
2024041801018583,SHLB,62,57,10.0,1223.0,12230.0,2024-04-18
2024041803010295,JBBL,5,49,200.0,281.0,56200.0,2024-04-18
2024041803010294,JBBL,5,10,300.0,281.0,84300.0,2024-04-18
2024041804006993,HPPL,52,47,90.0,257.1,23139.0,2024-04-18
2024041804006992,HPPL,52,47,10.0,257.1,2571.0,2024-04-18
2024041803010293,GMFBS,49,17,10.0,1110.0,11100.0,2024-04-18
2024041801018582,ADBL,21,57,90.0,223.5,20115.0,2024-04-18
