transaction,symbol,buyer,seller,quantity,rate,amount,date
2024050901019839,HDL,4,42,20.0,1304.9,26098.0,2024-05-09
2024050903017606,NFS,25,57,20.0,548.0,10960.0,2024-05-09
2024050904008436,SHL,34,6,100.0,461.0,46100.0,2024-05-09
2024050903017605,RSDC,45,26,40.0,758.4,30336.0,2024-05-09
2024050903017604,RSDC,65,26,10.0,758.5,7585.0,2024-05-09
2024050901019838,RHGCL,38,26,238.0,331.1,78801.8,2024-05-09
2024050901019837,RHGCL,25,26,412.0,337.5,139050.0,2024-05-09
2024050903017603,PFL,62,72,100.0,665.0,66500.0,2024-05-09
2024050903017602,PFL,62,3,50.0,664.9,33245.0,2024-05-09
2024050903017601,ACLBSL,62,26,10.0,916.6,9166.0,2024-05-09
2024050903017600,PFL,62,3,10.0,664.9,6649.0,2024-05-09
2024050903017599,RLFL,41,81,10.0,388.7,3887.0,2024-05-09
2024050901019836,DOLTI,28,58,127.0,446.5,56705.5,2024-05-09
2024050901019835,DOLTI,28,50,10.0,446.4,4464.0,2024-05-09
2024050901019834,DOLTI,28,45,500.0,446.2,223100.0,2024-05-09
2024050901019833,DOLTI,28,42,100.0,446.0,44600.0,2024-05-09
2024050901019832,DOLTI,28,28,350.0,446.0,156100.0,2024-05-09
2024050901019831,DOLTI,28,65,500.0,445.7,222850.0,2024-05-09
2024050901019830,DOLTI,28,43,300.0,445.7,133710.0,2024-05-09
2024050901019829,DOLTI,28,58,255.0,445.7,113653.5,2024-05-09
2024050901019828,DOLTI,28,42,10.0,445.5,4455.0,2024-05-09
2024050901019827,DOLTI,28,41,50.0,445.0,22250.0,2024-05-09
2024050901019826,DOLTI,28,56,500.0,445.0,222500.0,2024-05-09
2024050901019825,DOLTI,28,59,200.0,445.0,89000.0,2024-05-09
2024050901019824,DOLTI,28,53,1000.0,445.0,445000.0,2024-05-09
2024050901019823,DOLTI,28,21,100.0,445.0,44500.0,2024-05-09
2024050901019822,DOLTI,28,6,50.0,445.0,22250.0,2024-05-09
2024050901019821,DOLTI,28,5,200.0,445.0,89000.0,2024-05-09
2024050901019820,DOLTI,28,38,500.0,445.0,222500.0,2024-05-09
2024050901019819,DOLTI,28,17,100.0,444.0,44400.0,2024-05-09
2024050901019818,DOLTI,28,35,10.0,444.0,4440.0,2024-05-09
2024050901019817,DOLTI,28,59,60.0,442.0,26520.0,2024-05-09
2024050901019816,DOLTI,28,32,78.0,440.0,34320.0,2024-05-09
2024050903017598,VLBS,28,57,30.0,847.9,25437.0,2024-05-09
2024050903017597,VLBS,28,45,200.0,845.0,169000.0,2024-05-09
2024050903017596,VLBS,28,57,60.0,845.0,50700.0,2024-05-09
2024050903017595,VLBS,28,35,300.0,845.0,253500.0,2024-05-09
2024050903017594,VLBS,28,57,10.0,844.9,8449.0,2024-05-09
2024050901019815,ILI,28,58,10.0,536.0,5360.0,2024-05-09
2024050901019814,KBSH,28,34,10.0,1020.0,10200.0,2024-05-09
2024050903017593,MLBBL,58,35,10.0,1182.0,11820.0,2024-05-09
2024050903017592,PFL,41,35,75.0,664.0,49800.0,2024-05-09
2024050903017591,HLBSL,32,37,16.0,845.0,13520.0,2024-05-09
2024050901019813,SBI,77,45,10.0,270.2,2702.0,2024-05-09
2024050901019812,CYCL,45,29,10.0,1584.0,15840.0,2024-05-09
2024050904008435,SHEL,19,45,30.0,149.0,4470.0,2024-05-09
2024050903017590,GMFIL,77,19,485.0,397.1,192593.5,2024-05-09
2024050903017589,GMFIL,77,19,515.0,397.3,204609.5,2024-05-09
2024050903017588,GMFIL,77,19,1000.0,397.3,397300.0,2024-05-09
2024050903017587,BFC,88,16,85.0,403.0,34255.0,2024-05-09
2024050903017586,BFC,88,41,90.0,403.0,36270.0,2024-05-09
2024050903017585,BFC,88,38,50.0,403.0,20150.0,2024-05-09
2024050903017584,BFC,88,42,255.0,403.0,102765.0,2024-05-09
2024050903017583,BFC,88,51,20.0,403.0,8060.0,2024-05-09
2024050903017582,SKBBL,29,42,202.0,809.0,163418.0,2024-05-09
2024050903017581,SINDU,29,74,399.0,392.0,156408.0,2024-05-09
2024050903017580,SINDU,29,38,10.0,392.0,3920.0,2024-05-09
2024050903017579,SINDU,29,50,591.0,392.0,231672.0,2024-05-09
2024050903017578,MPFL,60,49,50.0,460.0,23000.0,2024-05-09
2024050901019811,NWCL,14,19,10.0,724.0,7240.0,2024-05-09
2024050903017577,NMFBS,44,7,10.0,1272.0,12720.0,2024-05-09
2024050904008434,UAIL,34,16,10.0,534.0,5340.0,2024-05-09
2024050901019810,SARBTM,34,34,40.0,745.2,29808.0,2024-05-09
2024050901019809,SARBTM,6,34,30.0,745.5,22365.0,2024-05-09
2024050901019808,SARBTM,29,34,30.0,745.8,22374.0,2024-05-09
2024050901019807,BNHC,34,90,10.0,445.0,4450.0,2024-05-09
2024050901019806,SONA,50,34,30.0,435.7,13071.0,2024-05-09
2024050903017576,PFL,71,3,20.0,664.9,13298.0,2024-05-09
2024050905003451,HRL,58,72,10.0,560.0,5600.0,2024-05-09
2024050903017575,SDLBSL,58,68,100.0,910.0,91000.0,2024-05-09
2024050903017574,NFS,71,57,10.0,548.0,5480.0,2024-05-09
2024050901019805,CKHL,58,32,34.0,510.0,17340.0,2024-05-09
2024050901019804,CKHL,58,57,10.0,509.9,5099.0,2024-05-09
2024050901019803,CKHL,58,58,10.0,509.9,5099.0,2024-05-09
2024050901019802,CKHL,58,18,10.0,506.1,5061.0,2024-05-09
2024050901019801,CKHL,58,52,36.0,506.0,18216.0,2024-05-09
2024050904008433,RHPL,1,45,10.0,265.0,2650.0,2024-05-09
2024050904008432,RHPL,1,52,30.0,265.0,7950.0,2024-05-09
2024050904008431,RHPL,1,8,20.0,265.0,5300.0,2024-05-09
2024050904008430,RHPL,1,21,900.0,264.9,238410.0,2024-05-09
2024050904008429,RHPL,1,8,100.0,264.9,26490.0,2024-05-09
2024050904008428,RHPL,1,58,80.0,264.3,21144.0,2024-05-09
2024050904008427,RHPL,1,58,90.0,264.2,23778.0,2024-05-09
2024050901019800,RNLI,1,36,10.0,421.0,4210.0,2024-05-09
2024050901019799,RNLI,1,36,10.0,421.0,4210.0,2024-05-09
2024050901019798,RNLI,1,38,23.0,420.9,9680.7,2024-05-09
2024050903017573,MLBBL,74,45,10.0,1190.0,11900.0,2024-05-09
2024050901019797,DLBS,48,64,10.0,1189.0,11890.0,2024-05-09
2024050901019796,MHL,13,42,10.0,399.0,3990.0,2024-05-09
2024050903017572,KSBBL,59,45,43.0,370.0,15910.0,2024-05-09
2024050903017571,KSBBL,59,38,32.0,370.0,11840.0,2024-05-09
2024050903017570,KSBBL,59,42,125.0,369.9,46237.5,2024-05-09
2024050904008426,TRH,59,46,425.0,747.0,317475.0,2024-05-09
2024050904008425,TRH,21,46,10.0,747.0,7470.0,2024-05-09
2024050904008424,TRH,21,46,10.0,747.0,7470.0,2024-05-09
2024050904008423,TRH,14,46,30.0,747.0,22410.0,2024-05-09
2024050904008422,TRH,34,46,10.0,747.0,7470.0,2024-05-09
2024050904008421,TRH,22,46,100.0,748.0,74800.0,2024-05-09
2024050904008420,TRH,51,46,50.0,748.0,37400.0,2024-05-09
2024050904008419,TRH,55,46,50.0,748.0,37400.0,2024-05-09
2024050904008418,TRH,14,46,300.0,749.0,224700.0,2024-05-09
2024050904008417,TRH,55,46,15.0,749.0,11235.0,2024-05-09
2024050905003450,HRL,57,32,10.0,557.9,5579.0,2024-05-09
2024050904008416,UPCL,57,40,470.0,189.0,88830.0,2024-05-09
2024050904008415,UPCL,57,58,150.0,189.0,28350.0,2024-05-09
2024050904008414,UPCL,57,34,490.0,189.0,92610.0,2024-05-09
2024050904008413,UPCL,57,13,80.0,188.9,15112.0,2024-05-09
2024050901019795,MMKJL,82,29,751.0,456.9,343131.9,2024-05-09
2024050901019794,MMKJL,82,57,10.0,456.9,4569.0,2024-05-09
2024050901019793,MMKJL,82,45,189.0,456.9,86354.1,2024-05-09
2024050901019792,MMKJL,82,48,50.0,455.0,22750.0,2024-05-09
2024050903017569,GUFL,72,52,10.0,711.0,7110.0,2024-05-09
2024050901019791,TPC,55,47,30.0,466.0,13980.0,2024-05-09
2024050901019790,MEHL,58,25,100.0,303.0,30300.0,2024-05-09
2024050904008412,CHL,73,6,10.0,315.0,3150.0,2024-05-09
2024050903017568,CBBL,49,38,12.0,822.1,9865.2,2024-05-09
2024050903017567,NADEP,64,45,14.0,781.0,10934.0,2024-05-09
2024050903017566,NADEP,64,39,42.0,780.0,32760.0,2024-05-09
2024050903017565,NADEP,64,45,100.0,778.2,77820.0,2024-05-09
2024050903017564,NADEP,64,38,20.0,778.0,15560.0,2024-05-09
2024050903017563,NADEP,64,33,100.0,772.0,77200.0,2024-05-09
2024050903017562,NADEP,64,57,124.0,770.0,95480.0,2024-05-09
2024050903017561,NADEP,64,72,100.0,769.0,76900.0,2024-05-09
2024050901019789,MKLB,49,26,10.0,1021.0,10210.0,2024-05-09
2024050903017560,ACLBSL,62,29,19.0,916.0,17404.0,2024-05-09
2024050903017559,ACLBSL,62,10,81.0,916.0,74196.0,2024-05-09
2024050903017558,GLBSL,62,32,20.0,2050.0,41000.0,2024-05-09
2024050903017557,GLBSL,62,13,10.0,2050.0,20500.0,2024-05-09
2024050903017556,GLBSL,62,45,100.0,2050.0,205000.0,2024-05-09
2024050903017555,GLBSL,62,34,20.0,2048.0,40960.0,2024-05-09
2024050903017554,GLBSL,62,45,20.0,2041.0,40820.0,2024-05-09
2024050903017553,GLBSL,62,65,10.0,2040.0,20400.0,2024-05-09
2024050901019788,MKCL,8,4,10.0,808.0,8080.0,2024-05-09
2024050903017552,PFL,62,3,10.0,664.9,6649.0,2024-05-09
2024050904008411,JOSHI,41,43,10.0,315.0,3150.0,2024-05-09
2024050904008410,NGPL,44,32,350.0,298.3,104405.0,2024-05-09
2024050901019787,MAKAR,38,40,10.0,355.0,3550.0,2024-05-09
2024050903017551,CBBL,25,38,40.0,822.1,32884.0,2024-05-09
2024050903017550,CBBL,45,38,10.0,822.1,8221.0,2024-05-09
2024050901019786,GCIL,52,45,21.0,478.9,10056.9,2024-05-09
2024050901019785,GCIL,52,49,11.0,478.0,5258.0,2024-05-09
2024050901019784,GCIL,52,42,11.0,478.0,5258.0,2024-05-09
2024050901019783,GCIL,52,18,46.0,476.5,21919.0,2024-05-09
2024050901019782,GCIL,52,17,11.0,476.0,5236.0,2024-05-09
2024050903017549,KRBL,39,52,98.0,434.0,42532.0,2024-05-09
2024050901019781,SMJC,56,52,221.0,351.4,77659.4,2024-05-09
2024050904008409,TRH,45,81,10.0,750.0,7500.0,2024-05-09
2024050904008408,HPPL,19,49,20.0,250.0,5000.0,2024-05-09
2024050901019780,SHIVM,5,16,100.0,496.0,49600.0,2024-05-09
2024050901019779,SHIVM,5,50,90.0,496.0,44640.0,2024-05-09
2024050901019778,SBI,5,59,25.0,274.7,6867.5,2024-05-09
2024050903017548,HLI,35,29,34.0,380.0,12920.0,2024-05-09
2024050903017547,HLI,26,29,66.0,380.0,25080.0,2024-05-09
2024050903017546,MLBL,41,60,20.0,326.0,6520.0,2024-05-09
2024050901019777,VLUCL,57,34,62.0,447.3,27732.6,2024-05-09
2024050901019776,VLUCL,35,34,15.0,447.5,6712.5,2024-05-09
2024050901019775,VLUCL,26,34,20.0,448.0,8960.0,2024-05-09
2024050901019774,VLUCL,49,34,100.0,448.0,44800.0,2024-05-09
2024050901019773,VLUCL,52,34,100.0,448.0,44800.0,2024-05-09
2024050901019772,VLUCL,21,34,30.0,448.0,13440.0,2024-05-09
2024050901019771,VLUCL,61,34,400.0,448.0,179200.0,2024-05-09
2024050901019770,VLUCL,34,34,100.0,448.1,44810.0,2024-05-09
2024050901019769,VLUCL,49,34,180.0,448.3,80694.0,2024-05-09
2024050901019768,VLUCL,21,34,55.0,448.4,24662.0,2024-05-09
2024050901019767,VLUCL,6,34,28.0,448.5,12558.0,2024-05-09
2024050901019766,DLBS,34,64,16.0,1189.0,19024.0,2024-05-09
2024050901019765,DLBS,34,85,19.0,1189.0,22591.0,2024-05-09
2024050904008407,MEN,18,34,10.0,520.0,5200.0,2024-05-09
2024050901019764,SBL,65,34,100.0,220.0,22000.0,2024-05-09
2024050903017545,NFS,71,57,10.0,548.0,5480.0,2024-05-09
2024050903017544,PFL,41,43,700.0,664.0,464800.0,2024-05-09
2024050903017543,WNLB,6,1,21.0,1330.0,27930.0,2024-05-09
2024050904008406,HURJA,1,42,11.0,276.0,3036.0,2024-05-09
2024050903017542,GUFL,22,1,410.0,710.9,291469.0,2024-05-09
2024050903017541,GMFIL,77,48,805.0,397.3,319826.5,2024-05-09
2024050901019763,TAMOR,86,8,725.0,355.0,257375.0,2024-05-09
2024050901019762,RHGCL,69,26,1093.0,346.0,378178.0,2024-05-09
2024050901019761,RHGCL,69,45,10.0,346.0,3460.0,2024-05-09
2024050901019760,RHGCL,69,69,100.0,344.0,34400.0,2024-05-09
2024050901019759,RHGCL,69,38,10.0,343.9,3439.0,2024-05-09
2024050901019758,RHGCL,69,13,100.0,342.7,34270.0,2024-05-09
2024050901019757,RHGCL,69,71,250.0,341.0,85250.0,2024-05-09
2024050901019756,RHGCL,69,14,500.0,340.0,170000.0,2024-05-09
2024050901019755,RHGCL,69,57,10.0,340.0,3400.0,2024-05-09
2024050901019754,RHGCL,69,42,10.0,340.0,3400.0,2024-05-09
2024050901019753,RHGCL,69,44,25.0,340.0,8500.0,2024-05-09
2024050901019752,RHGCL,69,26,200.0,339.9,67980.0,2024-05-09
2024050901019751,RHGCL,69,45,180.0,338.0,60840.0,2024-05-09
2024050901019750,RHGCL,69,49,1000.0,337.9,337900.0,2024-05-09
2024050903017540,KRBL,69,45,67.0,440.1,29486.7,2024-05-09
2024050903017539,KRBL,69,26,50.0,440.0,22000.0,2024-05-09
2024050903017538,KRBL,69,49,500.0,440.0,220000.0,2024-05-09
2024050903017537,KRBL,69,41,200.0,440.0,88000.0,2024-05-09
2024050903017536,KRBL,69,86,70.0,439.9,30793.0,2024-05-09
2024050903017535,KRBL,69,58,50.0,439.0,21950.0,2024-05-09
2024050903017534,KRBL,69,36,500.0,439.0,219500.0,2024-05-09
2024050903017533,KRBL,69,22,100.0,439.0,43900.0,2024-05-09
2024050903017532,KRBL,69,21,10.0,438.0,4380.0,2024-05-09
2024050903017531,KRBL,69,58,163.0,436.0,71068.0,2024-05-09
2024050903017530,KRBL,69,51,290.0,435.0,126150.0,2024-05-09
2024050901019749,MHCL,53,34,20.0,362.0,7240.0,2024-05-09
2024050901019748,KDL,57,13,40.0,809.0,32360.0,2024-05-09
2024050904008405,BARUN,13,4,10.0,220.0,2200.0,2024-05-09
2024050903017529,NFS,57,49,620.0,539.0,334180.0,2024-05-09
2024050903017528,NFS,36,49,100.0,539.1,53910.0,2024-05-09
2024050903017527,NFS,34,49,200.0,545.0,109000.0,2024-05-09
2024050903017526,NFS,7,49,80.0,545.0,43600.0,2024-05-09
2024050901019747,SBL,50,43,110.0,221.0,24310.0,2024-05-09
2024050901019746,SHIVM,8,50,500.0,496.0,248000.0,2024-05-09
2024050903017525,ILBS,62,42,17.0,1372.0,23324.0,2024-05-09
2024050903017524,ILBS,62,26,19.0,1370.0,26030.0,2024-05-09
2024050903017523,ILBS,62,75,99.0,1370.0,135630.0,2024-05-09
2024050903017522,ILBS,62,7,15.0,1369.0,20535.0,2024-05-09
2024050901019745,AVYAN,62,58,25.0,834.8,20870.0,2024-05-09
2024050901019744,AVYAN,62,53,20.0,834.5,16690.0,2024-05-09
2024050901019743,AVYAN,62,45,10.0,833.0,8330.0,2024-05-09
2024050901019742,AVYAN,62,35,10.0,830.0,8300.0,2024-05-09
2024050901019741,AVYAN,62,58,100.0,830.0,83000.0,2024-05-09
2024050901019740,AVYAN,62,5,15.0,830.0,12450.0,2024-05-09
2024050901019739,AVYAN,62,45,20.0,829.0,16580.0,2024-05-09
2024050903017521,ACLBSL,62,34,100.0,909.0,90900.0,2024-05-09
2024050903017520,PFL,41,3,10.0,664.9,6649.0,2024-05-09
2024050901019738,HHL,4,21,785.0,334.0,262190.0,2024-05-09
2024050901019737,HHL,52,21,20.0,334.1,6682.0,2024-05-09
2024050901019736,HHL,37,21,75.0,334.1,25057.5,2024-05-09
2024050903017519,SIFC,32,42,100.0,439.0,43900.0,2024-05-09
2024050901019735,CKHL,32,25,10.0,506.0,5060.0,2024-05-09
2024050901019734,UHEWA,35,45,40.0,385.0,15400.0,2024-05-09
2024050901019733,UHEWA,35,48,10.0,382.0,3820.0,2024-05-09
2024050903017518,GBLBS,63,35,684.0,763.0,521892.0,2024-05-09
2024050903017517,FMDBL,35,59,40.0,672.1,26884.0,2024-05-09
2024050904008404,NGPL,91,35,10.0,299.0,2990.0,2024-05-09
2024050903017516,SAPDBL,52,52,10.0,328.0,3280.0,2024-05-09
2024050904008403,SJCL,52,68,30.0,264.5,7935.0,2024-05-09
2024050905003449,NRN,26,45,20.0,487.2,9744.0,2024-05-09
2024050903017515,SIFC,45,42,10.0,439.0,4390.0,2024-05-09
2024050903017514,CORBL,45,42,10.0,467.5,4675.0,2024-05-09
2024050901019732,IHL,88,7,235.0,381.5,89652.5,2024-05-09
2024050901019731,IHL,88,58,265.0,381.5,101097.5,2024-05-09
2024050901019730,PHCL,42,55,10.0,284.9,2849.0,2024-05-09
2024050903017513,SFCL,37,42,321.0,351.0,112671.0,2024-05-09
2024050903017512,SFCL,21,42,500.0,351.1,175550.0,2024-05-09
2024050903017511,SFCL,49,42,142.0,352.0,49984.0,2024-05-09
2024050903017510,SFCL,34,42,50.0,352.0,17600.0,2024-05-09
2024050903017509,GUFL,22,26,50.0,710.9,35545.0,2024-05-09
2024050903017508,GUFL,22,70,100.0,710.0,71000.0,2024-05-09
2024050903017507,GUFL,22,34,100.0,710.0,71000.0,2024-05-09
2024050903017506,GUFL,22,32,300.0,710.0,213000.0,2024-05-09
2024050903017505,GUFL,22,19,20.0,709.0,14180.0,2024-05-09
2024050903017504,GUFL,22,54,50.0,709.0,35450.0,2024-05-09
2024050903017503,GUFL,22,4,50.0,705.0,35250.0,2024-05-09
2024050903017502,GUFL,22,22,50.0,704.0,35200.0,2024-05-09
2024050903017501,GUFL,22,19,20.0,703.0,14060.0,2024-05-09
2024050903017500,GUFL,22,41,402.0,703.0,282606.0,2024-05-09
2024050903017499,GUFL,22,57,100.0,703.0,70300.0,2024-05-09
2024050903017498,GUFL,22,22,144.0,702.0,101088.0,2024-05-09
2024050903017497,GUFL,22,32,33.0,701.0,23133.0,2024-05-09
2024050903017496,GUFL,22,52,40.0,701.0,28040.0,2024-05-09
2024050903017495,PFL,41,22,57.0,664.0,37848.0,2024-05-09
2024050901019729,PCBL,44,5,116.0,191.0,22156.0,2024-05-09
2024050901019728,PCBL,44,58,30.0,190.9,5727.0,2024-05-09
2024050904008402,LEC,11,42,10.0,178.0,1780.0,2024-05-09
2024050903017494,DDBL,34,55,10.0,715.0,7150.0,2024-05-09
2024050903017493,DDBL,34,71,34.0,715.0,24310.0,2024-05-09
2024050904008401,HPPL,43,49,10.0,250.0,2500.0,2024-05-09
2024050904008400,OHL,58,85,40.0,769.0,30760.0,2024-05-09
2024050904008399,OHL,58,6,10.0,768.9,7689.0,2024-05-09
2024050903017492,SIFC,58,42,10.0,439.0,4390.0,2024-05-09
2024050905003448,NRN,18,44,10.0,491.0,4910.0,2024-05-09
2024050901019727,DOLTI,58,32,10.0,440.0,4400.0,2024-05-09
2024050901019726,KBL,48,41,379.0,132.0,50028.0,2024-05-09
2024050901019725,KBL,48,25,41.0,131.9,5407.9,2024-05-09
2024050901019724,EBL,33,26,10.0,499.0,4990.0,2024-05-09
2024050903017491,SAPDBL,57,52,10.0,328.0,3280.0,2024-05-09
2024050904008398,RADHI,67,74,44.0,229.9,10115.6,2024-05-09
2024050904008397,RADHI,67,57,100.0,229.5,22950.0,2024-05-09
2024050904008396,RADHI,67,22,17.0,228.8,3889.6,2024-05-09
2024050904008395,RADHI,67,42,89.0,228.8,20363.2,2024-05-09
2024050901019723,RHGCL,25,29,300.0,337.5,101250.0,2024-05-09
2024050901019722,RHGCL,25,59,288.0,336.0,96768.0,2024-05-09
2024050904008394,API,25,32,10.0,163.3,1633.0,2024-05-09
2024050904008393,HEI,49,5,41.0,575.0,23575.0,2024-05-09
2024050904008392,HEI,49,49,59.0,575.0,33925.0,2024-05-09
2024050904008391,HEI,49,34,100.0,574.0,57400.0,2024-05-09
2024050904008390,SHL,34,6,500.0,461.0,230500.0,2024-05-09
2024050904008389,GHL,85,7,251.0,143.9,36118.9,2024-05-09
2024050904008388,GHL,85,49,585.0,143.8,84123.0,2024-05-09
2024050904008387,GHL,85,25,34.0,143.5,4879.0,2024-05-09
2024050904008386,GHL,85,86,50.0,143.0,7150.0,2024-05-09
2024050904008385,GHL,85,72,80.0,143.0,11440.0,2024-05-09
2024050903017490,NMFBS,81,34,10.0,1270.0,12700.0,2024-05-09
2024050904008384,TRH,55,81,460.0,749.0,344540.0,2024-05-09
2024050904008383,TRH,58,81,40.0,749.0,29960.0,2024-05-09
2024050901019721,NWCL,41,58,100.0,724.0,72400.0,2024-05-09
2024050901019720,UHEWA,21,45,20.0,385.0,7700.0,2024-05-09
2024050903017489,RLFL,10,58,10.0,388.9,3889.0,2024-05-09
2024050901019719,MMKJL,14,51,10.0,454.0,4540.0,2024-05-09
2024050904008382,SGIC,32,52,10.0,529.0,5290.0,2024-05-09
2024050901019718,SNLI,45,38,149.0,455.0,67795.0,2024-05-09
2024050901019717,SNLI,38,38,49.0,455.0,22295.0,2024-05-09
2024050901019716,SNLI,58,38,10.0,455.0,4550.0,2024-05-09
2024050901019715,SNLI,4,38,20.0,455.0,9100.0,2024-05-09
2024050901019714,SNLI,33,38,110.0,455.0,50050.0,2024-05-09
2024050901019713,SNLI,32,38,20.0,455.0,9100.0,2024-05-09
2024050901019712,SNLI,85,38,200.0,455.0,91000.0,2024-05-09
2024050901019711,SNLI,34,38,10.0,455.0,4550.0,2024-05-09
2024050901019710,SNLI,50,38,76.0,455.0,34580.0,2024-05-09
2024050901019709,SNLI,44,38,200.0,455.0,91000.0,2024-05-09
2024050901019708,SNLI,14,38,100.0,455.0,45500.0,2024-05-09
2024050901019707,SNLI,64,38,56.0,455.0,25480.0,2024-05-09
2024050901019706,SMH,88,45,100.0,645.2,64520.0,2024-05-09
2024050901019705,SONA,5,42,20.0,436.0,8720.0,2024-05-09
2024050904008381,UPCL,22,13,10.0,188.9,1889.0,2024-05-09
2024050903017488,RLFL,22,58,10.0,388.9,3889.0,2024-05-09
2024050903017487,EDBL,14,71,10.0,384.8,3848.0,2024-05-09
2024050903017486,EDBL,14,71,50.0,384.7,19235.0,2024-05-09
2024050903017485,EDBL,14,57,50.0,380.0,19000.0,2024-05-09
2024050903017484,EDBL,14,35,840.0,380.0,319200.0,2024-05-09
2024050903017483,EDBL,14,52,50.0,379.0,18950.0,2024-05-09
2024050905003447,NIFRA,62,14,54.0,192.0,10368.0,2024-05-09
2024050901019704,TSHL,77,1,140.0,520.0,72800.0,2024-05-09
2024050901019703,TSHL,77,58,10.0,520.0,5200.0,2024-05-09
2024050901019702,TSHL,77,45,20.0,520.0,10400.0,2024-05-09
2024050901019701,TSHL,77,35,90.0,519.9,46791.0,2024-05-09
2024050901019700,TSHL,77,62,100.0,515.7,51570.0,2024-05-09
2024050901019699,TSHL,77,48,50.0,515.0,25750.0,2024-05-09
2024050901019698,TSHL,77,34,10.0,515.0,5150.0,2024-05-09
2024050901019697,TSHL,77,57,10.0,515.0,5150.0,2024-05-09
2024050901019696,TSHL,77,48,20.0,512.1,10242.0,2024-05-09
2024050901019695,TSHL,77,58,10.0,512.0,5120.0,2024-05-09
2024050901019694,TSHL,77,45,10.0,508.0,5080.0,2024-05-09
2024050901019693,TSHL,77,57,10.0,505.0,5050.0,2024-05-09
2024050901019692,TSHL,77,18,10.0,504.0,5040.0,2024-05-09
2024050901019691,TSHL,77,39,10.0,503.9,5039.0,2024-05-09
2024050904008380,SALICO,39,55,10.0,634.5,6345.0,2024-05-09
2024050904008379,NICL,39,34,82.0,815.0,66830.0,2024-05-09
2024050904008378,NICL,39,59,174.0,815.0,141810.0,2024-05-09
2024050904008377,NICL,39,41,40.0,815.0,32600.0,2024-05-09
2024050904008376,NICL,39,34,300.0,814.9,244470.0,2024-05-09
2024050904008375,NICL,39,34,65.0,814.3,52929.5,2024-05-09
2024050904008374,NICL,39,42,36.0,813.0,29268.0,2024-05-09
2024050903017482,GBBL,34,80,92.0,362.1,33313.2,2024-05-09
2024050903017481,GBBL,14,80,50.0,363.0,18150.0,2024-05-09
2024050903017480,GBBL,36,80,100.0,363.0,36300.0,2024-05-09
2024050903017479,GBBL,58,80,50.0,363.0,18150.0,2024-05-09
2024050903017478,GBBL,42,80,300.0,363.2,108960.0,2024-05-09
2024050903017477,GBBL,21,80,250.0,364.0,91000.0,2024-05-09
2024050903017476,GBBL,42,80,46.0,364.0,16744.0,2024-05-09
2024050903017475,GBBL,26,80,310.0,364.0,112840.0,2024-05-09
2024050903017474,GBBL,57,80,500.0,364.0,182000.0,2024-05-09
2024050903017473,GBBL,17,80,50.0,364.0,18200.0,2024-05-09
2024050903017472,GBBL,42,80,18.0,364.0,6552.0,2024-05-09
2024050903017471,GBBL,58,80,16.0,364.0,5824.0,2024-05-09
2024050903017470,GBBL,62,80,107.0,364.0,38948.0,2024-05-09
2024050903017469,GBBL,26,80,445.0,364.1,162024.5,2024-05-09
2024050903017468,GBBL,42,80,100.0,364.2,36420.0,2024-05-09
2024050903017467,GBBL,48,80,550.0,365.0,200750.0,2024-05-09
2024050903017466,GBBL,35,80,1000.0,365.0,365000.0,2024-05-09
2024050903017465,GBBL,42,80,30.0,365.0,10950.0,2024-05-09
2024050903017464,GBBL,58,80,20.0,365.0,7300.0,2024-05-09
2024050903017463,GBBL,25,80,500.0,365.0,182500.0,2024-05-09
2024050903017462,GBBL,91,80,20.0,365.0,7300.0,2024-05-09
2024050903017461,GBBL,1,80,164.0,365.0,59860.0,2024-05-09
2024050903017460,GBBL,13,80,30.0,365.2,10956.0,2024-05-09
2024050903017459,GBBL,8,80,25.0,365.2,9130.0,2024-05-09
2024050903017458,GBBL,54,80,20.0,366.0,7320.0,2024-05-09
2024050903017457,GBBL,41,80,70.0,366.0,25620.0,2024-05-09
2024050903017456,GBBL,77,80,1073.0,366.0,392718.0,2024-05-09
2024050903017455,GBBL,17,80,100.0,366.1,36610.0,2024-05-09
2024050903017454,GBBL,38,80,400.0,366.1,146440.0,2024-05-09
2024050903017453,GBBL,17,80,50.0,366.2,18310.0,2024-05-09
2024050904008373,RADHI,33,42,10.0,228.8,2288.0,2024-05-09
2024050903017452,SABSL,74,7,111.0,840.0,93240.0,2024-05-09
2024050903017451,SABSL,22,7,10.0,840.0,8400.0,2024-05-09
2024050903017450,SABSL,13,7,12.0,840.0,10080.0,2024-05-09
2024050903017449,SABSL,32,7,30.0,840.0,25200.0,2024-05-09
2024050903017448,SABSL,28,7,50.0,841.0,42050.0,2024-05-09
2024050903017447,SABSL,49,7,25.0,841.0,21025.0,2024-05-09
2024050904008372,API,57,32,794.0,163.3,129660.2,2024-05-09
2024050904008371,API,57,35,206.0,163.3,33639.8,2024-05-09
2024050904008370,SHL,34,57,347.0,461.0,159967.0,2024-05-09
2024050903017446,PFL,41,25,500.0,664.0,332000.0,2024-05-09
2024050904008369,GHL,49,72,10.0,143.0,1430.0,2024-05-09
2024050904008368,SHL,55,58,100.0,461.6,46160.0,2024-05-09
2024050901019690,ILI,13,56,100.0,535.0,53500.0,2024-05-09
2024050904008367,SJCL,26,68,80.0,264.5,21160.0,2024-05-09
2024050903017445,KLBSL,62,42,17.0,908.9,15451.3,2024-05-09
2024050903017444,KLBSL,62,45,24.0,907.0,21768.0,2024-05-09
2024050903017443,KLBSL,62,58,13.0,907.0,11791.0,2024-05-09
2024050903017442,KLBSL,62,33,16.0,907.0,14512.0,2024-05-09
2024050903017441,KLBSL,62,16,30.0,906.0,27180.0,2024-05-09
2024050903017440,PROFL,33,16,140.0,343.5,48090.0,2024-05-09
2024050903017439,PROFL,32,16,100.0,343.5,34350.0,2024-05-09
2024050903017438,PROFL,55,16,100.0,343.6,34360.0,2024-05-09
2024050903017437,PROFL,6,16,50.0,344.0,17200.0,2024-05-09
2024050903017436,PROFL,14,16,50.0,344.0,17200.0,2024-05-09
2024050903017435,PROFL,51,16,50.0,344.1,17205.0,2024-05-09
2024050903017434,PROFL,32,16,10.0,344.8,3448.0,2024-05-09
2024050903017433,MDB,28,63,830.0,451.0,374330.0,2024-05-09
2024050903017432,GUFL,32,52,10.0,701.0,7010.0,2024-05-09
2024050901019689,SARBTM,38,25,10.0,749.0,7490.0,2024-05-09
2024050903017431,NLIC,51,42,200.0,569.1,113820.0,2024-05-09
2024050904008366,HPPL,22,49,10.0,250.0,2500.0,2024-05-09
2024050901019688,SONA,50,14,250.0,435.7,108925.0,2024-05-09
2024050905003446,CHDC,17,39,10.0,673.1,6731.0,2024-05-09
2024050904008365,JOSHI,58,43,173.0,315.0,54495.0,2024-05-09
2024050904008364,JOSHI,58,49,40.0,315.0,12600.0,2024-05-09
2024050904008363,JOSHI,58,38,50.0,315.0,15750.0,2024-05-09
2024050904008362,JOSHI,58,45,50.0,315.0,15750.0,2024-05-09
2024050904008361,JOSHI,58,36,50.0,315.0,15750.0,2024-05-09
2024050904008360,JOSHI,58,37,40.0,315.0,12600.0,2024-05-09
2024050905003445,CHDC,59,32,380.0,678.1,257678.0,2024-05-09
2024050905003444,CHDC,59,35,20.0,675.0,13500.0,2024-05-09
2024050903017430,PFL,41,72,100.0,664.0,66400.0,2024-05-09
2024050903017429,SHINE,7,57,10.0,393.4,3934.0,2024-05-09
2024050901019687,SHIVM,75,47,100.0,495.0,49500.0,2024-05-09
2024050903017428,SKBBL,58,4,25.0,808.0,20200.0,2024-05-09
2024050903017427,PFL,41,4,500.0,664.0,332000.0,2024-05-09
2024050903017426,ALBSL,10,25,10.0,824.1,8241.0,2024-05-09
2024050903017425,GBLBS,63,55,15.0,763.0,11445.0,2024-05-09
2024050903017424,KRBL,36,51,10.0,435.0,4350.0,2024-05-09
2024050905003443,HRL,28,36,21.0,557.3,11703.3,2024-05-09
2024050901019686,CYCL,62,41,47.0,1584.0,74448.0,2024-05-09
2024050901019685,CYCL,62,4,10.0,1584.0,15840.0,2024-05-09
2024050901019684,CYCL,62,14,200.0,1584.0,316800.0,2024-05-09
2024050901019683,CYCL,62,49,13.0,1584.0,20592.0,2024-05-09
2024050901019682,CYCL,62,56,50.0,1584.0,79200.0,2024-05-09
2024050901019681,CYCL,62,19,10.0,1584.0,15840.0,2024-05-09
2024050901019680,CYCL,62,57,90.0,1581.0,142290.0,2024-05-09
2024050901019679,CYCL,62,34,10.0,1580.0,15800.0,2024-05-09
2024050901019678,CYCL,62,26,20.0,1580.0,31600.0,2024-05-09
2024050901019677,CYCL,62,21,20.0,1580.0,31600.0,2024-05-09
2024050901019676,CYCL,62,21,10.0,1580.0,15800.0,2024-05-09
2024050901019675,CYCL,62,29,50.0,1579.9,78995.0,2024-05-09
2024050901019674,CYCL,62,46,50.0,1578.0,78900.0,2024-05-09
2024050901019673,CYCL,62,54,100.0,1575.0,157500.0,2024-05-09
2024050901019672,CYCL,62,45,10.0,1575.0,15750.0,2024-05-09
2024050901019671,CYCL,62,29,50.0,1574.9,78745.0,2024-05-09
2024050901019670,CYCL,62,77,10.0,1574.0,15740.0,2024-05-09
2024050901019669,CYCL,62,45,50.0,1570.0,78500.0,2024-05-09
2024050901019668,CYCL,62,92,150.0,1570.0,235500.0,2024-05-09
2024050901019667,CYCL,62,29,50.0,1570.0,78500.0,2024-05-09
2024050903017423,SWMF,33,21,50.0,802.0,40100.0,2024-05-09
2024050903017422,SHINE,49,40,10.0,389.1,3891.0,2024-05-09
2024050904008359,MHNL,28,34,50.0,228.0,11400.0,2024-05-09
2024050901019666,BHPL,35,18,400.0,533.0,213200.0,2024-05-09
2024050904008358,LEC,42,52,10.0,177.2,1772.0,2024-05-09
2024050904008357,LEC,41,52,10.0,177.2,1772.0,2024-05-09
2024050901019665,SONA,52,42,100.0,436.0,43600.0,2024-05-09
2024050904008356,CHL,66,19,10.0,315.1,3151.0,2024-05-09
2024050901019664,MKHC,5,67,20.0,308.0,6160.0,2024-05-09
2024050901019663,MKHC,5,44,10.0,307.9,3079.0,2024-05-09
2024050904008355,SHL,34,42,1000.0,461.0,461000.0,2024-05-09
2024050904008354,NGPL,45,35,36.0,299.0,10764.0,2024-05-09
2024050903017421,GRDBL,56,45,200.0,436.0,87200.0,2024-05-09
2024050901019662,PRVU,56,44,2000.0,134.0,268000.0,2024-05-09
2024050901019661,SARBTM,39,25,10.0,749.0,7490.0,2024-05-09
2024050901019660,KDL,41,13,30.0,809.0,24270.0,2024-05-09
2024050901019659,GCIL,13,17,63.0,475.0,29925.0,2024-05-09
2024050903017420,FMDBL,42,58,316.0,672.0,212352.0,2024-05-09
2024050903017419,PFL,41,58,300.0,664.0,199200.0,2024-05-09
2024050901019658,SHIVM,75,86,600.0,495.0,297000.0,2024-05-09
2024050903017418,MNBBL,42,4,11.0,345.3,3798.3,2024-05-09
2024050904008353,HDHPC,55,47,350.0,130.9,45815.0,2024-05-09
2024050901019657,NIMB,36,54,66.0,150.0,9900.0,2024-05-09
2024050901019656,NIMB,36,58,100.0,149.9,14990.0,2024-05-09
2024050903017417,RLFL,41,64,191.0,385.2,73573.2,2024-05-09
2024050903017416,RLFL,49,64,50.0,385.3,19265.0,2024-05-09
2024050903017415,RLFL,49,64,130.0,385.3,50089.0,2024-05-09
2024050903017414,RLFL,38,64,40.0,385.3,15412.0,2024-05-09
2024050903017413,RLFL,55,64,100.0,386.0,38600.0,2024-05-09
2024050903017412,RLFL,38,64,40.0,386.0,15440.0,2024-05-09
2024050903017411,RLFL,77,64,200.0,386.0,77200.0,2024-05-09
2024050903017410,RLFL,49,64,114.0,386.0,44004.0,2024-05-09
2024050903017409,SAPDBL,34,81,15.0,327.0,4905.0,2024-05-09
2024050903017408,SAPDBL,58,81,50.0,327.0,16350.0,2024-05-09
2024050903017407,SAPDBL,43,81,100.0,327.0,32700.0,2024-05-09
2024050903017406,SAPDBL,20,81,85.0,327.0,27795.0,2024-05-09
2024050903017405,SAPDBL,56,81,100.0,328.0,32800.0,2024-05-09
2024050903017404,SAPDBL,22,81,150.0,328.0,49200.0,2024-05-09
2024050904008352,BARUN,16,16,250.0,221.2,55300.0,2024-05-09
2024050904008351,SGIC,45,21,10.0,524.0,5240.0,2024-05-09
2024050903017403,MFIL,8,10,30.0,505.2,15156.0,2024-05-09
2024050901019655,TVCL,64,38,400.0,450.0,180000.0,2024-05-09
2024050901019654,RNLI,44,38,31.0,420.0,13020.0,2024-05-09
2024050901019653,RNLI,4,38,29.0,420.8,12203.2,2024-05-09
2024050903017402,NADEP,82,19,110.0,762.0,83820.0,2024-05-09
2024050905003442,NRIC,42,57,41.0,678.0,27798.0,2024-05-09
2024050903017401,JBBL,45,28,100.0,292.0,29200.0,2024-05-09
2024050904008350,JOSHI,14,37,10.0,315.0,3150.0,2024-05-09
2024050901019652,NESDO,45,43,90.0,1810.5,162945.0,2024-05-09
2024050901019651,NESDO,4,43,10.0,1812.0,18120.0,2024-05-09
2024050901019650,MEL,1,34,10.0,230.0,2300.0,2024-05-09
2024050901019649,KBL,48,25,459.0,131.9,60542.1,2024-05-09
2024050903017400,NLIC,48,8,500.0,570.0,285000.0,2024-05-09
2024050901019648,KBL,48,8,10.0,131.9,1319.0,2024-05-09
2024050901019647,KBL,48,60,390.0,131.8,51402.0,2024-05-09
2024050901019646,KBL,48,44,300.0,131.6,39480.0,2024-05-09
2024050901019645,KBL,48,42,400.0,131.5,52600.0,2024-05-09
2024050901019644,KBL,48,83,25.0,131.5,3287.5,2024-05-09
2024050901019643,KBL,48,42,150.0,131.5,19725.0,2024-05-09
2024050901019642,KBL,48,44,300.0,131.5,39450.0,2024-05-09
2024050901019641,KBL,48,16,153.0,131.5,20119.5,2024-05-09
2024050901019640,KBL,48,48,10.0,131.0,1310.0,2024-05-09
2024050901019639,KBL,48,32,100.0,131.0,13100.0,2024-05-09
2024050901019638,KBL,48,43,2383.0,131.0,312173.0,2024-05-09
2024050901019637,KBL,48,58,40.0,131.0,5240.0,2024-05-09
2024050901019636,KBL,48,38,130.0,131.0,17030.0,2024-05-09
2024050901019635,KBL,48,4,150.0,130.9,19635.0,2024-05-09
2024050901019634,HDL,57,34,10.0,1300.0,13000.0,2024-05-09
2024050901019633,MSHL,58,49,10.0,618.0,6180.0,2024-05-09
2024050901019632,MSHL,58,58,10.0,617.9,6179.0,2024-05-09
2024050903017399,GBBL,47,41,50.0,366.9,18345.0,2024-05-09
2024050905003441,NTC,48,36,20.0,807.0,16140.0,2024-05-09
2024050903017398,ACLBSL,62,10,19.0,916.0,17404.0,2024-05-09
2024050903017397,ACLBSL,62,22,20.0,915.0,18300.0,2024-05-09
2024050903017396,ACLBSL,62,19,61.0,909.0,55449.0,2024-05-09
2024050901019631,CITY,36,61,50.0,622.0,31100.0,2024-05-09
2024050901019630,CITY,50,61,20.0,622.0,12440.0,2024-05-09
2024050901019629,CITY,10,61,300.0,622.0,186600.0,2024-05-09
2024050901019628,CITY,57,61,100.0,622.1,62210.0,2024-05-09
2024050901019627,CITY,52,61,30.0,622.1,18663.0,2024-05-09
2024050905003440,NRN,26,41,20.0,487.2,9744.0,2024-05-09
2024050905003439,HRL,28,17,22.0,557.3,12260.6,2024-05-09
2024050901019626,MHL,47,28,10.0,395.1,3951.0,2024-05-09
2024050903017395,ILBS,91,41,20.0,1369.0,27380.0,2024-05-09
2024050903017394,ILBS,91,11,100.0,1368.9,136890.0,2024-05-09
2024050903017393,SJLIC,35,58,25.0,401.9,10047.5,2024-05-09
2024050905003438,NIFRA,62,35,54.0,192.0,10368.0,2024-05-09
2024050901019625,BHPL,35,18,110.0,533.0,58630.0,2024-05-09
2024050901019624,BHPL,35,59,20.0,532.5,10650.0,2024-05-09
2024050901019623,BHPL,35,45,10.0,530.0,5300.0,2024-05-09
2024050901019622,BHPL,35,29,10.0,530.0,5300.0,2024-05-09
2024050901019621,BHPL,35,45,500.0,529.0,264500.0,2024-05-09
2024050901019620,BHPL,35,87,50.0,528.0,26400.0,2024-05-09
2024050901019619,MHCL,38,58,27.0,361.3,9755.1,2024-05-09
2024050901019618,VLUCL,42,32,10.0,450.0,4500.0,2024-05-09
2024050904008349,AKJCL,42,42,106.0,203.9,21613.4,2024-05-09
2024050901019617,MEL,33,22,10.0,227.2,2272.0,2024-05-09
2024050901019616,DLBS,48,58,15.0,1164.0,17460.0,2024-05-09
2024050901019615,NRM,59,36,16.0,340.0,5440.0,2024-05-09
2024050904008348,BPCL,34,58,60.0,292.0,17520.0,2024-05-09
2024050903017392,SADBL,32,33,800.0,311.9,249520.0,2024-05-09
2024050901019614,HHL,57,4,18.0,337.5,6075.0,2024-05-09
2024050901019613,HHL,57,4,55.0,337.0,18535.0,2024-05-09
2024050901019612,HHL,57,14,127.0,335.0,42545.0,2024-05-09
2024050903017391,KRBL,39,57,200.0,434.0,86800.0,2024-05-09
2024050901019611,NMB,49,53,100.0,169.7,16970.0,2024-05-09
2024050901019610,GBIME,4,50,114.0,173.2,19744.8,2024-05-09
2024050903017390,GBLBS,63,49,100.0,763.0,76300.0,2024-05-09
2024050901019609,RNLI,44,36,11.0,420.0,4620.0,2024-05-09
2024050905003437,HRL,21,62,20.0,557.3,11146.0,2024-05-09
2024050901019608,PPL,32,40,800.0,511.0,408800.0,2024-05-09
2024050901019607,UHEWA,35,45,50.0,385.0,19250.0,2024-05-09
2024050901019606,BEDC,20,62,400.0,361.5,144600.0,2024-05-09
2024050901019605,BEDC,20,34,100.0,359.1,35910.0,2024-05-09
2024050903017389,PFL,41,20,500.0,664.0,332000.0,2024-05-09
2024050904008347,DHPL,34,38,140.0,198.0,27720.0,2024-05-09
2024050904008346,DHPL,1,38,50.0,198.0,9900.0,2024-05-09
2024050901019604,MAKAR,44,22,30.0,351.5,10545.0,2024-05-09
2024050905003436,NRN,26,42,18.0,487.2,8769.6,2024-05-09
2024050903017388,ICFC,22,54,474.0,521.0,246954.0,2024-05-09
2024050903017387,ICFC,22,54,16.0,521.0,8336.0,2024-05-09
2024050903017386,ICFC,22,39,10.0,520.9,5209.0,2024-05-09
2024050905003435,HRL,21,58,10.0,557.3,5573.0,2024-05-09
2024050901019603,SNLI,4,42,20.0,456.0,9120.0,2024-05-09
2024050904008345,SPIL,35,57,11.0,739.0,8129.0,2024-05-09
2024050904008344,SPIL,42,57,89.0,739.0,65771.0,2024-05-09
2024050901019602,UHEWA,57,45,40.0,385.0,15400.0,2024-05-09
2024050901019601,UHEWA,57,42,60.0,382.0,22920.0,2024-05-09
2024050901019600,GVL,34,57,20.0,441.9,8838.0,2024-05-09
2024050901019599,GVL,34,57,480.0,441.9,212112.0,2024-05-09
2024050903017385,MFIL,55,36,21.0,505.1,10607.1,2024-05-09
2024050903017384,MFIL,55,36,50.0,505.2,25260.0,2024-05-09
2024050903017383,MFIL,50,36,10.0,508.0,5080.0,2024-05-09
2024050903017382,MFIL,50,36,10.0,508.9,5089.0,2024-05-09
2024050903017381,MFIL,13,36,529.0,509.0,269261.0,2024-05-09
2024050903017380,NICLBSL,8,50,169.0,658.7,111320.3,2024-05-09
2024050904008343,RURU,6,62,10.0,502.7,5027.0,2024-05-09
2024050903017379,SKBBL,58,41,200.0,808.0,161600.0,2024-05-09
2024050904008342,PRIN,39,10,127.0,775.2,98450.4,2024-05-09
2024050903017378,PFL,41,35,170.0,664.0,112880.0,2024-05-09
2024050901019598,MLBS,29,38,10.0,1269.0,12690.0,2024-05-09
2024050903017377,SABSL,41,43,19.0,841.1,15980.9,2024-05-09
2024050903017376,NABBC,56,72,10.0,457.9,4579.0,2024-05-09
2024050901019597,CKHL,61,47,500.0,504.0,252000.0,2024-05-09
2024050901019596,GBIME,90,16,38.0,173.3,6585.4,2024-05-09
2024050901019595,GBIME,90,21,162.0,173.3,28074.6,2024-05-09
2024050903017375,NLICL,49,54,10.0,533.8,5338.0,2024-05-09
2024050903017374,ACLBSL,62,19,100.0,909.0,90900.0,2024-05-09
2024050903017373,ILBS,19,17,19.0,1366.0,25954.0,2024-05-09
2024050903017372,ICFC,16,10,20.0,520.6,10412.0,2024-05-09
2024050901019594,JBLB,51,42,10.0,1317.0,13170.0,2024-05-09
2024050901019593,JBLB,51,58,21.0,1315.0,27615.0,2024-05-09
2024050901019592,MANDU,28,50,480.0,810.0,388800.0,2024-05-09
2024050901019591,MANDU,28,41,10.0,805.8,8058.0,2024-05-09
2024050901019590,MANDU,28,28,10.0,805.8,8058.0,2024-05-09
2024050901019589,MANDU,28,21,50.0,805.0,40250.0,2024-05-09
2024050901019588,MANDU,28,58,10.0,805.0,8050.0,2024-05-09
2024050901019587,MANDU,28,49,10.0,805.0,8050.0,2024-05-09
2024050901019586,MANDU,28,4,20.0,805.0,16100.0,2024-05-09
2024050901019585,MANDU,28,45,200.0,800.0,160000.0,2024-05-09
2024050901019584,MANDU,28,59,210.0,795.6,167076.0,2024-05-09
2024050904008341,SHEL,19,45,505.0,149.0,75245.0,2024-05-09
2024050904008340,SHEL,19,48,200.0,148.9,29780.0,2024-05-09
2024050904008339,SHEL,19,29,50.0,148.8,7440.0,2024-05-09
2024050904008338,SHEL,19,28,20.0,148.0,2960.0,2024-05-09
2024050904008337,SHEL,19,29,25.0,147.7,3692.5,2024-05-09
2024050903017371,BFC,67,19,100.0,402.0,40200.0,2024-05-09
2024050904008336,SHL,43,40,159.0,462.0,73458.0,2024-05-09
2024050904008335,SHL,43,48,500.0,461.9,230950.0,2024-05-09
2024050904008334,SHL,43,58,157.0,461.9,72518.3,2024-05-09
2024050904008333,SHL,43,44,185.0,461.9,85451.5,2024-05-09
2024050904008332,PPCL,41,59,11.0,223.9,2462.9,2024-05-09
2024050904008331,PPCL,49,59,200.0,224.0,44800.0,2024-05-09
2024050904008330,PPCL,45,59,50.0,224.0,11200.0,2024-05-09
2024050904008329,PPCL,26,59,239.0,225.0,53775.0,2024-05-09
2024050901019583,ULHC,55,7,110.0,320.6,35266.0,2024-05-09
2024050901019582,ULHC,8,7,10.0,320.7,3207.0,2024-05-09
2024050901019581,ULHC,45,7,20.0,321.0,6420.0,2024-05-09
2024050901019580,ULHC,29,7,60.0,321.9,19314.0,2024-05-09
2024050904008328,UPCL,57,13,100.0,188.9,18890.0,2024-05-09
2024050903017370,RLFL,45,4,100.0,387.0,38700.0,2024-05-09
2024050901019579,GBIME,49,21,20.0,173.3,3466.0,2024-05-09
2024050901019578,NBL,62,58,230.0,208.0,47840.0,2024-05-09
2024050901019577,NBL,62,58,170.0,208.0,35360.0,2024-05-09
2024050901019576,NBL,62,52,200.0,207.0,41400.0,2024-05-09
2024050901019575,NBL,62,14,400.0,205.0,82000.0,2024-05-09
2024050901019574,RNLI,44,17,11.0,420.0,4620.0,2024-05-09
2024050901019573,EBL,46,40,83.0,498.0,41334.0,2024-05-09
2024050904008327,LEC,51,42,100.0,178.0,17800.0,2024-05-09
2024050903017369,JFL,41,42,200.0,516.0,103200.0,2024-05-09
2024050901019572,SRLI,45,22,200.0,426.0,85200.0,2024-05-09
2024050901019571,MAKAR,48,22,500.0,354.9,177450.0,2024-05-09
2024050904008326,UNHPL,58,34,10.0,216.0,2160.0,2024-05-09
2024050903017368,MERO,58,48,20.0,685.0,13700.0,2024-05-09
2024050901019570,DLBS,16,58,10.0,1164.0,11640.0,2024-05-09
2024050903017367,JFL,41,41,230.0,516.0,118680.0,2024-05-09
2024050903017366,GMFBS,41,26,10.0,1180.0,11800.0,2024-05-09
2024050904008325,UAIL,35,21,20.0,531.2,10624.0,2024-05-09
2024050903017365,KMCDB,39,38,500.0,921.0,460500.0,2024-05-09
2024050901019569,SARBTM,38,26,10.0,748.0,7480.0,2024-05-09
2024050904008324,NGPL,20,43,239.0,298.3,71293.7,2024-05-09
2024050904008323,NGPL,16,43,1000.0,298.5,298500.0,2024-05-09
2024050904008322,NGPL,44,43,1000.0,298.6,298600.0,2024-05-09
2024050904008321,NGPL,44,43,1000.0,298.6,298600.0,2024-05-09
2024050904008320,NGPL,44,43,100.0,298.7,29870.0,2024-05-09
2024050904008319,NGPL,68,43,560.0,298.8,167328.0,2024-05-09
2024050904008318,NGPL,84,43,100.0,298.9,29890.0,2024-05-09
2024050903017364,MFIL,13,55,71.0,509.0,36139.0,2024-05-09
2024050903017363,FMDBL,42,46,42.0,672.0,28224.0,2024-05-09
2024050901019568,ILI,13,67,123.0,535.0,65805.0,2024-05-09
2024050901019567,ILI,42,67,200.0,535.0,107000.0,2024-05-09
2024050901019566,ILI,14,67,1200.0,535.1,642120.0,2024-05-09
2024050901019565,ILI,35,67,97.0,535.1,51904.7,2024-05-09
2024050901019564,ILI,52,67,380.0,535.6,203528.0,2024-05-09
2024050904008317,GLH,48,57,177.0,203.0,35931.0,2024-05-09
2024050904008316,GLH,32,57,23.0,203.3,4675.9,2024-05-09
2024050903017362,SWBBL,89,6,15.0,772.4,11586.0,2024-05-09
2024050903017361,SWBBL,82,6,100.0,772.5,77250.0,2024-05-09
2024050903017360,SWBBL,18,6,200.0,772.6,154520.0,2024-05-09
2024050903017359,SWBBL,37,6,300.0,772.6,231780.0,2024-05-09
2024050903017358,SWBBL,37,6,385.0,772.7,297489.5,2024-05-09
2024050901019563,MLBS,29,66,10.0,1265.0,12650.0,2024-05-09
2024050905003434,SMATA,45,66,34.0,930.0,31620.0,2024-05-09
2024050905003433,SMATA,72,66,56.0,930.0,52080.0,2024-05-09
2024050905003432,SMATA,71,66,10.0,930.1,9301.0,2024-05-09
2024050904008315,SHL,34,8,145.0,461.0,66845.0,2024-05-09
2024050901019562,SHIVM,75,62,500.0,495.0,247500.0,2024-05-09
2024050905003431,NTC,45,41,154.0,806.5,124201.0,2024-05-09
2024050901019561,SNLI,51,42,50.0,456.0,22800.0,2024-05-09
2024050901019560,UNLB,21,33,40.0,1684.0,67360.0,2024-05-09
2024050901019559,UNLB,21,8,10.0,1683.0,16830.0,2024-05-09
2024050901019558,DOLTI,53,38,30.0,437.7,13131.0,2024-05-09
2024050904008314,UPPER,38,52,84.0,160.9,13515.6,2024-05-09
2024050904008313,UPPER,38,18,50.0,160.9,8045.0,2024-05-09
2024050904008312,UPPER,38,41,16.0,160.9,2574.4,2024-05-09
2024050904008311,CGH,48,29,200.0,808.0,161600.0,2024-05-09
2024050901019557,DOLTI,53,32,10.0,440.0,4400.0,2024-05-09
2024050901019556,DOLTI,53,84,40.0,440.0,17600.0,2024-05-09
2024050901019555,SHIVM,75,34,252.0,495.0,124740.0,2024-05-09
2024050903017357,MNBBL,42,49,160.0,345.3,55248.0,2024-05-09
2024050905003430,HRL,56,72,70.0,560.0,39200.0,2024-05-09
2024050905003429,HRL,56,1,500.0,559.0,279500.0,2024-05-09
2024050905003428,HRL,56,32,10.0,558.3,5583.0,2024-05-09
2024050905003427,HRL,56,19,100.0,557.9,55790.0,2024-05-09
2024050905003426,HRL,56,33,320.0,557.9,178528.0,2024-05-09
2024050901019554,SMJC,16,5,10.0,353.0,3530.0,2024-05-09
2024050904008310,RIDI,16,34,440.0,162.9,71676.0,2024-05-09
2024050904008309,RIDI,16,84,50.0,162.9,8145.0,2024-05-09
2024050904008308,RIDI,16,42,10.0,162.9,1629.0,2024-05-09
2024050901019553,UHEWA,35,42,50.0,382.0,19100.0,2024-05-09
2024050901019552,SMJC,59,52,200.0,351.5,70300.0,2024-05-09
2024050903017356,KMCDB,39,14,208.0,921.0,191568.0,2024-05-09
2024050901019551,PCBL,22,5,10.0,191.0,1910.0,2024-05-09
2024050903017355,SKBBL,29,42,100.0,809.0,80900.0,2024-05-09
2024050903017354,CFCL,58,11,15.0,401.0,6015.0,2024-05-09
2024050901019550,PPL,39,58,10.0,515.0,5150.0,2024-05-09
2024050903017353,MPFL,64,45,50.0,453.1,22655.0,2024-05-09
2024050903017352,MPFL,45,45,250.0,453.1,113275.0,2024-05-09
2024050901019549,MKLB,13,26,11.0,1035.0,11385.0,2024-05-09
2024050903017351,SJLIC,13,1,242.0,401.0,97042.0,2024-05-09
2024050903017350,SJLIC,17,1,242.0,401.0,97042.0,2024-05-09
2024050903017349,GLBSL,58,35,1.0,2032.0,2032.0,2024-05-09
2024050903017348,GLBSL,58,56,19.0,2031.5,38598.5,2024-05-09
2024050901019548,GBIME,58,21,30.0,173.3,5199.0,2024-05-09
2024050903017347,SWMF,57,45,100.0,808.0,80800.0,2024-05-09
2024050903017346,MFIL,36,55,196.0,509.0,99764.0,2024-05-09
2024050901019547,MMKJL,64,34,10.0,455.0,4550.0,2024-05-09
2024050903017345,SFCL,16,35,10.0,354.0,3540.0,2024-05-09
2024050903017344,PFL,41,16,200.0,664.0,132800.0,2024-05-09
2024050903017343,JBBL,17,28,760.0,292.0,221920.0,2024-05-09
2024050903017342,JBBL,17,32,50.0,292.0,14600.0,2024-05-09
2024050903017341,JBBL,17,26,190.0,292.0,55480.0,2024-05-09
2024050901019546,KDL,41,36,70.0,809.0,56630.0,2024-05-09
2024050903017340,JFL,44,41,30.0,516.0,15480.0,2024-05-09
2024050903017339,JFL,20,41,240.0,516.1,123864.0,2024-05-09
2024050901019545,MANDU,28,59,240.0,795.6,190944.0,2024-05-09
2024050901019544,MANDU,28,52,10.0,795.6,7956.0,2024-05-09
2024050901019543,MANDU,28,34,100.0,795.6,79560.0,2024-05-09
2024050901019542,MANDU,28,43,40.0,795.6,31824.0,2024-05-09
2024050901019541,MANDU,28,19,200.0,795.5,159100.0,2024-05-09
2024050901019540,MANDU,28,67,330.0,795.0,262350.0,2024-05-09
2024050901019539,MANDU,28,43,80.0,791.0,63280.0,2024-05-09
2024050904008307,SHL,21,44,285.0,461.9,131641.5,2024-05-09
2024050903017338,RLFL,21,45,10.0,389.0,3890.0,2024-05-09
2024050903017337,RLFL,21,13,10.0,388.0,3880.0,2024-05-09
2024050903017336,RLFL,21,43,480.0,388.0,186240.0,2024-05-09
2024050903017335,GRDBL,38,88,185.0,433.2,80142.0,2024-05-09
2024050903017334,GRDBL,39,88,200.0,433.2,86640.0,2024-05-09
2024050903017333,GRDBL,38,88,440.0,435.0,191400.0,2024-05-09
2024050903017332,GRDBL,7,88,175.0,436.0,76300.0,2024-05-09
2024050901019538,UHEWA,32,42,100.0,382.0,38200.0,2024-05-09
2024050901019537,HATHY,33,14,26.0,817.6,21257.6,2024-05-09
2024050901019536,HATHY,45,14,17.0,818.0,13906.0,2024-05-09
2024050901019535,HATHY,6,14,45.0,819.0,36855.0,2024-05-09
2024050901019534,HATHY,59,14,30.0,819.0,24570.0,2024-05-09
2024050901019533,HATHY,38,14,50.0,819.1,40955.0,2024-05-09
2024050901019532,HATHY,7,14,82.0,819.5,67199.0,2024-05-09
2024050903017331,KSBBL,45,29,100.0,368.2,36820.0,2024-05-09
2024050901019531,NABIL,42,36,450.0,422.7,190215.0,2024-05-09
2024050901019530,UHEWA,32,42,140.0,382.0,53480.0,2024-05-09
2024050901019529,MHCL,38,45,100.0,361.2,36120.0,2024-05-09
2024050901019528,MHCL,57,45,200.0,361.3,72260.0,2024-05-09
2024050901019527,MHCL,34,45,100.0,361.4,36140.0,2024-05-09
2024050901019526,VLUCL,6,48,10.0,448.5,4485.0,2024-05-09
2024050901019525,SPL,46,7,50.0,646.0,32300.0,2024-05-09
2024050905003425,NRN,26,90,100.0,487.2,48720.0,2024-05-09
2024050904008306,UMHL,34,58,150.0,226.1,33915.0,2024-05-09
2024050901019524,JBLB,57,57,42.0,1310.0,55020.0,2024-05-09
2024050903017330,SADBL,49,45,50.0,312.0,15600.0,2024-05-09
2024050901019523,CYCL,62,39,86.0,1570.0,135020.0,2024-05-09
2024050901019522,CYCL,62,44,79.0,1570.0,124030.0,2024-05-09
2024050901019521,CYCL,62,34,18.0,1569.8,28256.4,2024-05-09
2024050901019520,CYCL,62,21,200.0,1569.0,313800.0,2024-05-09
2024050901019519,CYCL,62,45,11.0,1569.0,17259.0,2024-05-09
2024050901019518,CYCL,62,49,30.0,1563.0,46890.0,2024-05-09
2024050901019517,CYCL,62,39,100.0,1562.0,156200.0,2024-05-09
2024050901019516,CYCL,62,34,200.0,1561.6,312320.0,2024-05-09
2024050901019515,CYCL,62,92,100.0,1560.0,156000.0,2024-05-09
2024050901019514,CYCL,62,25,29.0,1560.0,45240.0,2024-05-09
2024050901019513,CYCL,62,38,30.0,1560.0,46800.0,2024-05-09
2024050901019512,CYCL,62,38,30.0,1560.0,46800.0,2024-05-09
2024050901019511,CYCL,62,35,10.0,1560.0,15600.0,2024-05-09
2024050901019510,CYCL,62,55,25.0,1559.0,38975.0,2024-05-09
2024050901019509,CYCL,62,34,15.0,1559.0,23385.0,2024-05-09
2024050901019508,CYCL,62,6,25.0,1553.0,38825.0,2024-05-09
2024050901019507,CYCL,62,45,10.0,1553.0,15530.0,2024-05-09
2024050904008305,UMRH,58,16,300.0,330.0,99000.0,2024-05-09
2024050903017329,CBBL,41,1,10.0,824.0,8240.0,2024-05-09
2024050901019506,SANIMA,88,4,957.0,232.0,222024.0,2024-05-09
2024050901019505,SANIMA,88,4,498.0,232.0,115536.0,2024-05-09
2024050901019504,SARBTM,29,38,20.0,745.8,14916.0,2024-05-09
2024050901019503,SARBTM,42,38,20.0,745.9,14918.0,2024-05-09
2024050901019502,SARBTM,57,38,10.0,746.0,7460.0,2024-05-09
2024050903017328,NFS,57,52,110.0,539.0,59290.0,2024-05-09
2024050903017327,NFS,26,52,250.0,540.0,135000.0,2024-05-09
2024050903017326,NFS,34,52,200.0,540.0,108000.0,2024-05-09
2024050903017325,NFS,58,52,40.0,540.0,21600.0,2024-05-09
2024050903017324,NFS,51,52,200.0,540.0,108000.0,2024-05-09
2024050903017323,NFS,36,52,200.0,540.0,108000.0,2024-05-09
2024050903017322,HLI,52,43,10.0,381.0,3810.0,2024-05-09
2024050903017321,KRBL,39,29,10.0,434.0,4340.0,2024-05-09
2024050903017320,JFL,19,58,100.0,516.2,51620.0,2024-05-09
2024050903017319,GUFL,63,18,50.0,700.0,35000.0,2024-05-09
2024050903017318,GUFL,63,18,250.0,700.0,175000.0,2024-05-09
2024050901019501,CITY,45,62,55.0,622.7,34248.5,2024-05-09
2024050901019500,CITY,45,58,20.0,622.6,12452.0,2024-05-09
2024050901019499,CITY,45,42,10.0,622.6,6226.0,2024-05-09
2024050901019498,CITY,45,17,15.0,622.6,9339.0,2024-05-09
2024050901019497,BHPL,45,45,173.0,523.0,90479.0,2024-05-09
2024050901019496,BHPL,45,45,300.0,525.0,157500.0,2024-05-09
2024050901019495,BHPL,32,45,25.0,525.0,13125.0,2024-05-09
2024050901019494,BHPL,45,45,102.0,525.1,53560.2,2024-05-09
2024050903017317,GUFL,63,13,200.0,700.0,140000.0,2024-05-09
2024050901019493,SHIVM,59,50,10.0,496.0,4960.0,2024-05-09
2024050901019492,PRVU,56,55,34.0,134.0,4556.0,2024-05-09
2024050901019491,PRVU,57,55,20.0,134.0,2680.0,2024-05-09
2024050903017316,GUFL,57,45,20.0,701.0,14020.0,2024-05-09
2024050903017315,SIFC,65,36,232.0,431.0,99992.0,2024-05-09
2024050903017314,SIFC,45,36,50.0,431.2,21560.0,2024-05-09
2024050903017313,SIFC,43,36,230.0,431.5,99245.0,2024-05-09
2024050903017312,SIFC,36,36,10.0,432.0,4320.0,2024-05-09
2024050903017311,SIFC,56,36,500.0,432.0,216000.0,2024-05-09
2024050903017310,SIFC,14,36,1000.0,432.3,432300.0,2024-05-09
2024050903017309,SIFC,65,36,1740.0,433.0,753420.0,2024-05-09
2024050904008304,CHCL,16,34,833.0,435.0,362355.0,2024-05-09
2024050904008303,CHCL,16,50,167.0,435.0,72645.0,2024-05-09
2024050904008302,SHPC,35,8,105.0,324.0,34020.0,2024-05-09
2024050904008301,SHPC,35,33,95.0,324.0,30780.0,2024-05-09
2024050904008300,NGPL,29,35,100.0,299.0,29900.0,2024-05-09
2024050901019490,SONA,42,42,80.0,436.0,34880.0,2024-05-09
2024050901019489,SMH,91,45,100.0,645.3,64530.0,2024-05-09
2024050903017308,FMDBL,25,59,75.0,672.1,50407.5,2024-05-09
2024050904008299,LEC,59,42,1000.0,178.0,178000.0,2024-05-09
2024050904008298,MHNL,48,72,400.0,226.0,90400.0,2024-05-09
2024050901019488,SHLB,25,17,10.0,1248.0,12480.0,2024-05-09
2024050904008297,HURJA,1,58,1000.0,275.0,275000.0,2024-05-09
2024050903017307,GUFL,63,55,50.0,700.0,35000.0,2024-05-09
2024050903017306,GUFL,63,55,250.0,700.0,175000.0,2024-05-09
2024050903017305,ACLBSL,62,19,39.0,909.0,35451.0,2024-05-09
2024050903017304,ACLBSL,62,4,50.0,907.8,45390.0,2024-05-09
2024050903017303,ACLBSL,62,75,100.0,905.0,90500.0,2024-05-09
2024050903017302,ACLBSL,62,1,15.0,903.1,13546.5,2024-05-09
2024050903017301,ACLBSL,62,49,96.0,903.1,86697.6,2024-05-09
2024050903017300,GUFL,63,62,200.0,700.0,140000.0,2024-05-09
2024050904008296,UPPER,17,41,20.0,160.9,3218.0,2024-05-09
2024050904008295,AKPL,21,42,39.0,162.9,6353.1,2024-05-09
2024050903017299,SADBL,21,45,100.0,312.0,31200.0,2024-05-09
2024050901019487,USHEC,77,34,40.0,371.9,14876.0,2024-05-09
2024050901019486,USHEC,77,94,80.0,371.8,29744.0,2024-05-09
2024050901019485,USHEC,77,35,100.0,371.7,37170.0,2024-05-09
2024050901019484,USHEC,77,38,10.0,371.0,3710.0,2024-05-09
2024050901019483,USHEC,77,34,30.0,370.0,11100.0,2024-05-09
2024050901019482,USHEC,77,42,10.0,370.0,3700.0,2024-05-09
2024050901019481,USHEC,77,58,10.0,370.0,3700.0,2024-05-09
2024050901019480,USHEC,77,32,10.0,370.0,3700.0,2024-05-09
2024050901019479,USHEC,77,7,10.0,370.0,3700.0,2024-05-09
2024050903017298,DDBL,17,71,10.0,715.0,7150.0,2024-05-09
2024050903017297,DDBL,53,71,50.0,715.0,35750.0,2024-05-09
2024050903017296,PFL,71,3,400.0,664.9,265960.0,2024-05-09
2024050903017295,RSDC,64,42,30.0,760.0,22800.0,2024-05-09
2024050904008294,UPPER,32,45,34.0,160.4,5453.6,2024-05-09
2024050903017294,NICLBSL,42,50,60.0,658.7,39522.0,2024-05-09
2024050901019478,BEDC,56,55,200.0,358.1,71620.0,2024-05-09
2024050901019477,BEDC,16,55,100.0,358.2,35820.0,2024-05-09
2024050901019476,BEDC,6,55,30.0,359.0,10770.0,2024-05-09
2024050901019475,BEDC,13,55,69.0,359.0,24771.0,2024-05-09
2024050901019474,BEDC,38,55,100.0,359.1,35910.0,2024-05-09
2024050904008293,API,58,35,600.0,163.3,97980.0,2024-05-09
2024050904008292,SHEL,4,29,25.0,147.7,3692.5,2024-05-09
2024050903017293,ACLBSL,62,49,24.0,903.1,21674.4,2024-05-09
2024050903017292,ACLBSL,62,18,13.0,903.0,11739.0,2024-05-09
2024050903017291,ACLBSL,62,29,50.0,902.8,45140.0,2024-05-09
2024050903017290,ACLBSL,62,6,13.0,902.0,11726.0,2024-05-09
2024050903017289,ACLBSL,62,45,50.0,902.0,45100.0,2024-05-09
2024050903017288,ACLBSL,62,46,50.0,900.0,45000.0,2024-05-09
2024050903017287,KRBL,39,62,500.0,434.0,217000.0,2024-05-09
2024050903017286,MPFL,17,49,150.0,460.0,69000.0,2024-05-09
2024050903017285,MPFL,17,29,380.0,460.0,174800.0,2024-05-09
2024050903017284,MPFL,17,14,200.0,460.0,92000.0,2024-05-09
2024050903017283,MPFL,17,16,100.0,460.0,46000.0,2024-05-09
2024050903017282,MPFL,17,41,100.0,459.9,45990.0,2024-05-09
2024050903017281,MPFL,17,13,100.0,459.9,45990.0,2024-05-09
2024050903017280,MPFL,17,6,15.0,458.9,6883.5,2024-05-09
2024050903017279,MPFL,17,65,10.0,458.9,4589.0,2024-05-09
2024050903017278,MPFL,17,63,150.0,458.0,68700.0,2024-05-09
2024050903017277,MPFL,17,74,290.0,458.0,132820.0,2024-05-09
2024050903017276,MPFL,17,67,665.0,457.9,304503.5,2024-05-09
2024050903017275,MPFL,17,17,20.0,456.0,9120.0,2024-05-09
2024050903017274,MPFL,17,32,500.0,456.0,228000.0,2024-05-09
2024050903017273,MPFL,17,91,1000.0,455.0,455000.0,2024-05-09
2024050903017272,MPFL,17,47,100.0,455.0,45500.0,2024-05-09
2024050903017271,MPFL,17,38,50.0,455.0,22750.0,2024-05-09
2024050903017270,MPFL,17,7,70.0,455.0,31850.0,2024-05-09
2024050903017269,MPFL,17,66,100.0,454.9,45490.0,2024-05-09
2024050901019473,SNLI,41,25,21.0,455.1,9557.1,2024-05-09
2024050903017268,NICLBSL,42,28,10.0,658.7,6587.0,2024-05-09
2024050901019472,SAMAJ,38,44,10.0,1958.0,19580.0,2024-05-09
2024050904008291,DHPL,1,38,50.0,198.0,9900.0,2024-05-09
2024050904008290,DHPL,1,38,100.0,198.0,19800.0,2024-05-09
2024050904008289,DHPL,17,38,25.0,198.0,4950.0,2024-05-09
2024050904008288,DHPL,8,38,85.0,198.0,16830.0,2024-05-09
2024050904008287,DHPL,49,38,50.0,199.0,9950.0,2024-05-09
2024050901019471,GBIME,74,21,72.0,173.3,12477.6,2024-05-09
2024050903017267,SDLBSL,46,68,10.0,910.0,9100.0,2024-05-09
2024050903017266,PMLI,7,21,10.0,500.0,5000.0,2024-05-09
2024050903017265,PMLI,7,29,10.0,498.0,4980.0,2024-05-09
2024050903017264,NLIC,7,8,763.0,570.0,434910.0,2024-05-09
2024050903017263,NLIC,7,3,87.0,569.9,49581.3,2024-05-09
2024050901019470,SPHL,62,57,80.0,453.2,36256.0,2024-05-09
2024050901019469,DORDI,36,58,10.0,396.0,3960.0,2024-05-09
2024050905003424,NRN,26,57,10.0,487.2,4872.0,2024-05-09
2024050903017262,JBBL,41,49,75.0,290.0,21750.0,2024-05-09
2024050903017261,JBBL,17,49,500.0,290.0,145000.0,2024-05-09
2024050903017260,FMDBL,26,91,118.0,673.0,79414.0,2024-05-09
2024050903017259,FMDBL,26,38,30.0,673.0,20190.0,2024-05-09
2024050903017258,FMDBL,26,52,52.0,673.0,34996.0,2024-05-09
2024050904008286,DHPL,49,50,100.0,199.0,19900.0,2024-05-09
2024050901019468,TVCL,62,38,25.0,450.9,11272.5,2024-05-09
2024050901019467,TVCL,62,58,75.0,450.8,33810.0,2024-05-09
2024050905003423,NRIC,41,41,14.0,676.0,9464.0,2024-05-09
2024050903017257,SKBBL,51,16,100.0,809.0,80900.0,2024-05-09
2024050901019466,EBL,46,35,501.0,498.0,249498.0,2024-05-09
2024050901019465,MANDU,28,67,670.0,795.0,532650.0,2024-05-09
2024050901019464,MANDU,28,34,10.0,795.0,7950.0,2024-05-09
2024050901019463,MANDU,28,45,10.0,795.0,7950.0,2024-05-09
2024050901019462,MANDU,28,67,100.0,795.0,79500.0,2024-05-09
2024050901019461,MANDU,28,21,10.0,795.0,7950.0,2024-05-09
2024050901019460,MANDU,28,29,10.0,794.8,7948.0,2024-05-09
2024050901019459,MANDU,28,4,10.0,794.0,7940.0,2024-05-09
2024050901019458,MANDU,28,52,10.0,793.9,7939.0,2024-05-09
2024050901019457,MANDU,28,49,10.0,793.0,7930.0,2024-05-09
2024050901019456,MANDU,28,45,160.0,792.0,126720.0,2024-05-09
2024050903017256,JBBL,32,26,100.0,292.0,29200.0,2024-05-09
2024050903017255,JBBL,32,7,200.0,291.0,58200.0,2024-05-09
2024050901019455,CITY,52,38,10.0,622.1,6221.0,2024-05-09
2024050905003422,HRL,38,33,100.0,557.9,55790.0,2024-05-09
2024050904008285,BPCL,42,58,100.0,292.0,29200.0,2024-05-09
2024050903017254,JFL,20,45,260.0,516.1,134186.0,2024-05-09
2024050901019454,SONA,33,42,200.0,436.0,87200.0,2024-05-09
2024050903017253,RSDC,64,67,20.0,760.0,15200.0,2024-05-09
2024050901019453,KDL,47,36,100.0,809.0,80900.0,2024-05-09
2024050904008284,BPCL,36,58,10.0,292.0,2920.0,2024-05-09
2024050901019452,ILI,35,58,317.0,535.1,169626.7,2024-05-09
2024050901019451,ILI,72,58,30.0,535.2,16056.0,2024-05-09
2024050901019450,ILI,42,58,50.0,535.2,26760.0,2024-05-09
2024050901019449,ILI,34,58,30.0,535.2,16056.0,2024-05-09
2024050901019448,ILI,21,58,53.0,535.2,28365.6,2024-05-09
2024050901019447,ILI,52,58,30.0,535.3,16059.0,2024-05-09
2024050901019446,ILI,57,58,100.0,535.5,53550.0,2024-05-09
2024050901019445,ILI,19,58,100.0,535.6,53560.0,2024-05-09
2024050901019444,ILI,13,58,20.0,536.0,10720.0,2024-05-09
2024050901019443,ILI,45,58,100.0,536.0,53600.0,2024-05-09
2024050901019442,ILI,58,58,150.0,536.0,80400.0,2024-05-09
2024050901019441,NESDO,49,42,10.0,1824.0,18240.0,2024-05-09
2024050901019440,HDL,57,58,50.0,1300.0,65000.0,2024-05-09
2024050903017252,VLBS,70,57,40.0,844.9,33796.0,2024-05-09
2024050903017251,VLBS,70,7,20.0,844.0,16880.0,2024-05-09
2024050903017250,VLBS,70,55,200.0,840.0,168000.0,2024-05-09
2024050903017249,VLBS,70,57,40.0,839.9,33596.0,2024-05-09
2024050903017248,RLFL,10,43,20.0,388.0,7760.0,2024-05-09
2024050903017247,RLFL,10,59,30.0,388.0,11640.0,2024-05-09
2024050903017246,SHINE,95,35,738.0,389.0,287082.0,2024-05-09
2024050903017245,SHINE,22,35,60.0,389.0,23340.0,2024-05-09
2024050903017244,SHINE,33,35,200.0,390.0,78000.0,2024-05-09
2024050903017243,SHINE,14,35,182.0,390.0,70980.0,2024-05-09
2024050904008283,SGIC,32,52,10.0,529.0,5290.0,2024-05-09
2024050901019439,MKLB,58,22,10.0,1020.5,10205.0,2024-05-09
2024050903017242,KMCDB,39,22,88.0,921.0,81048.0,2024-05-09
2024050901019438,HBL,42,4,10.0,170.5,1705.0,2024-05-09
2024050901019437,HBL,42,49,465.0,170.5,79282.5,2024-05-09
2024050901019436,GCIL,13,17,200.0,475.0,95000.0,2024-05-09
2024050901019435,MEHL,45,42,50.0,304.8,15240.0,2024-05-09
2024050903017241,GMFIL,77,53,180.0,397.3,71514.0,2024-05-09
2024050903017240,GMFIL,56,53,200.0,397.7,79540.0,2024-05-09
2024050903017239,GMFIL,59,53,100.0,397.9,39790.0,2024-05-09
2024050903017238,GMFIL,46,53,20.0,398.0,7960.0,2024-05-09
2024050901019434,UHEWA,34,45,12.0,385.0,4620.0,2024-05-09
2024050901019433,NBL,62,58,330.0,208.0,68640.0,2024-05-09
2024050901019432,NBL,62,58,500.0,208.0,104000.0,2024-05-09
2024050901019431,NBL,62,19,1000.0,208.0,208000.0,2024-05-09
2024050901019430,NBL,62,84,20.0,208.0,4160.0,2024-05-09
2024050901019429,NBL,62,38,100.0,207.9,20790.0,2024-05-09
2024050901019428,NBL,62,34,50.0,200.0,10000.0,2024-05-09
2024050901019427,SMJC,63,5,20.0,353.0,7060.0,2024-05-09
2024050901019426,SMJC,63,52,10.0,352.0,3520.0,2024-05-09
2024050901019425,SMJC,63,57,30.0,352.0,10560.0,2024-05-09
2024050903017237,NUBL,16,49,74.0,670.0,49580.0,2024-05-09
2024050903017236,NUBL,16,1,15.0,670.0,10050.0,2024-05-09
2024050903017235,NUBL,16,50,31.0,670.0,20770.0,2024-05-09
2024050903017234,KMCDB,39,56,47.0,921.0,43287.0,2024-05-09
2024050903017233,PFL,41,25,200.0,664.0,132800.0,2024-05-09
2024050903017232,PFL,41,32,15.0,660.0,9900.0,2024-05-09
2024050903017231,NLIC,35,3,20.0,569.9,11398.0,2024-05-09
2024050903017230,NLIC,35,3,80.0,569.9,45592.0,2024-05-09
2024050903017229,GMFIL,5,56,275.0,399.9,109972.5,2024-05-09
2024050903017228,GMFIL,5,38,725.0,399.0,289275.0,2024-05-09
2024050901019424,ULHC,22,34,20.0,324.0,6480.0,2024-05-09
2024050903017227,SHINE,14,51,38.0,390.0,14820.0,2024-05-09
2024050904008282,CGH,58,14,70.0,810.0,56700.0,2024-05-09
2024050901019423,NRM,29,8,168.0,340.0,57120.0,2024-05-09
2024050901019422,TAMOR,64,59,120.0,353.3,42396.0,2024-05-09
2024050905003421,HRL,58,33,100.0,557.9,55790.0,2024-05-09
2024050901019421,MBJC,47,57,10.0,289.9,2899.0,2024-05-09
2024050901019420,MBJC,47,85,100.0,288.0,28800.0,2024-05-09
2024050901019419,MBJC,47,58,10.0,288.0,2880.0,2024-05-09
2024050901019418,MBJC,47,8,10.0,288.0,2880.0,2024-05-09
2024050901019417,MBJC,47,19,10.0,288.0,2880.0,2024-05-09
2024050901019416,MBJC,47,16,10.0,287.0,2870.0,2024-05-09
2024050901019415,MBJC,47,13,10.0,287.0,2870.0,2024-05-09
2024050901019414,MBJC,47,57,10.0,287.0,2870.0,2024-05-09
2024050901019413,SPL,57,21,10.0,650.0,6500.0,2024-05-09
2024050903017226,RLFL,57,59,10.0,388.0,3880.0,2024-05-09
2024050905003420,NTC,6,41,10.0,806.9,8069.0,2024-05-09
2024050903017225,SADBL,49,45,50.0,312.0,15600.0,2024-05-09
2024050904008281,SHL,58,44,230.0,461.9,106237.0,2024-05-09
2024050901019412,CYCL,22,62,50.0,1470.0,73500.0,2024-05-09
2024050901019411,CYCL,34,62,100.0,1472.0,147200.0,2024-05-09
2024050901019410,CYCL,29,62,200.0,1491.6,298320.0,2024-05-09
2024050901019409,CYCL,16,62,100.0,1496.0,149600.0,2024-05-09
2024050901019408,CYCL,55,62,20.0,1496.0,29920.0,2024-05-09
2024050901019407,CYCL,33,62,12.0,1497.5,17970.0,2024-05-09
2024050901019406,CYCL,48,62,43.0,1499.4,64474.2,2024-05-09
2024050901019405,CYCL,13,62,100.0,1500.0,150000.0,2024-05-09
2024050901019404,CYCL,52,62,100.0,1500.0,150000.0,2024-05-09
2024050901019403,CYCL,34,62,100.0,1500.0,150000.0,2024-05-09
2024050901019402,CYCL,62,62,40.0,1500.4,60016.0,2024-05-09
2024050901019401,CYCL,74,62,100.0,1500.4,150040.0,2024-05-09
2024050901019400,CYCL,45,62,25.0,1501.0,37525.0,2024-05-09
2024050901019399,CYCL,33,62,100.0,1501.0,150100.0,2024-05-09
2024050901019398,CYCL,10,62,20.0,1501.0,30020.0,2024-05-09
2024050901019397,CYCL,26,62,20.0,1501.0,30020.0,2024-05-09
2024050901019396,CYCL,22,62,87.0,1502.0,130674.0,2024-05-09
2024050901019395,CYCL,6,62,100.0,1505.0,150500.0,2024-05-09
2024050901019394,CYCL,63,62,50.0,1506.0,75300.0,2024-05-09
2024050901019393,CYCL,49,62,66.0,1510.0,99660.0,2024-05-09
2024050901019392,CYCL,63,62,50.0,1510.0,75500.0,2024-05-09
2024050901019391,CYCL,45,62,10.0,1510.0,15100.0,2024-05-09
2024050901019390,CYCL,48,62,50.0,1511.0,75550.0,2024-05-09
2024050901019389,CYCL,54,62,50.0,1522.0,76100.0,2024-05-09
2024050901019388,CYCL,5,62,73.0,1527.0,111471.0,2024-05-09
2024050901019387,CYCL,42,62,15.0,1528.0,22920.0,2024-05-09
2024050901019386,CYCL,34,62,11.0,1529.0,16819.0,2024-05-09
2024050901019385,GCIL,46,17,28.0,475.0,13300.0,2024-05-09
2024050901019384,MKLB,37,26,10.0,1035.0,10350.0,2024-05-09
2024050901019383,MKLB,37,58,10.0,1025.0,10250.0,2024-05-09
2024050901019382,MKLB,37,56,10.0,1025.0,10250.0,2024-05-09
2024050903017224,ICFC,16,32,60.0,520.6,31236.0,2024-05-09
2024050905003419,NIFRA,62,52,15.0,192.0,2880.0,2024-05-09
2024050903017223,RSDC,86,67,50.0,760.0,38000.0,2024-05-09
2024050904008280,SHEL,46,29,10.0,147.7,1477.0,2024-05-09
2024050901019381,UHEWA,35,45,50.0,387.0,19350.0,2024-05-09
2024050903017222,LLBS,13,40,102.0,1080.0,110160.0,2024-05-09
2024050904008279,TRH,58,45,60.0,749.0,44940.0,2024-05-09
2024050904008278,TRH,34,45,30.0,749.1,22473.0,2024-05-09
2024050903017221,GILB,38,72,100.0,1145.0,114500.0,2024-05-09
2024050904008277,KPCL,55,34,50.0,387.3,19365.0,2024-05-09
2024050901019380,TVCL,64,33,20.0,450.0,9000.0,2024-05-09
2024050901019379,RNLI,44,6,11.0,420.0,4620.0,2024-05-09
2024050901019378,RNLI,58,6,39.0,420.0,16380.0,2024-05-09
2024050904008276,BARUN,49,16,25.0,221.2,5530.0,2024-05-09
2024050901019377,SHIVM,63,50,100.0,496.0,49600.0,2024-05-09
2024050901019376,CKHL,61,37,175.0,504.0,88200.0,2024-05-09
2024050901019375,CKHL,59,37,25.0,504.0,12600.0,2024-05-09
2024050904008275,NHPC,56,25,200.0,142.9,28580.0,2024-05-09
2024050905003418,CHDC,42,35,280.0,675.0,189000.0,2024-05-09
2024050901019374,SONA,43,42,40.0,436.1,17444.0,2024-05-09
2024050904008274,SHL,25,48,350.0,461.0,161350.0,2024-05-09
2024050904008273,SHL,32,48,600.0,461.0,276600.0,2024-05-09
2024050904008272,SHL,1,48,100.0,461.5,46150.0,2024-05-09
2024050903017220,SJLIC,17,45,58.0,401.0,23258.0,2024-05-09
2024050903017219,SJLIC,32,45,100.0,401.0,40100.0,2024-05-09
2024050903017218,SJLIC,62,45,100.0,401.0,40100.0,2024-05-09
2024050903017217,SJLIC,49,45,100.0,401.1,40110.0,2024-05-09
2024050903017216,SJLIC,67,45,45.0,401.1,18049.5,2024-05-09
2024050903017215,SJLIC,48,45,314.0,401.2,125976.8,2024-05-09
2024050903017214,SJLIC,51,45,360.0,401.3,144468.0,2024-05-09
2024050903017213,SJLIC,32,45,200.0,401.3,80260.0,2024-05-09
2024050903017212,SJLIC,6,45,100.0,401.4,40140.0,2024-05-09
2024050903017211,SJLIC,43,45,100.0,401.5,40150.0,2024-05-09
2024050903017210,SJLIC,41,45,13.0,401.5,5219.5,2024-05-09
2024050903017209,SJLIC,1,45,10.0,401.7,4017.0,2024-05-09
2024050901019373,SNLI,64,45,44.0,455.0,20020.0,2024-05-09
2024050901019372,SNLI,34,45,100.0,455.0,45500.0,2024-05-09
2024050903017208,GMFIL,59,38,200.0,399.0,79800.0,2024-05-09
2024050901019371,NYADI,33,4,10.0,282.0,2820.0,2024-05-09
2024050904008271,HDHPC,55,57,447.0,131.0,58557.0,2024-05-09
2024050904008270,HDHPC,55,7,100.0,131.0,13100.0,2024-05-09
2024050904008269,HDHPC,55,18,1253.0,131.0,164143.0,2024-05-09
2024050901019370,SPC,57,44,50.0,470.0,23500.0,2024-05-09
2024050903017207,GUFL,63,57,50.0,700.0,35000.0,2024-05-09
2024050903017206,GUFL,36,57,200.0,700.0,140000.0,2024-05-09
2024050903017205,GUFL,38,57,100.0,700.0,70000.0,2024-05-09
2024050903017204,GUFL,14,57,50.0,700.0,35000.0,2024-05-09
2024050903017203,GUFL,22,57,50.0,700.1,35005.0,2024-05-09
2024050903017202,GUFL,34,57,200.0,700.1,140020.0,2024-05-09
2024050903017201,GUFL,34,57,50.0,700.2,35010.0,2024-05-09
2024050903017200,SHINE,58,51,62.0,390.0,24180.0,2024-05-09
2024050903017199,SHINE,58,28,120.0,390.0,46800.0,2024-05-09
2024050903017198,SHINE,58,39,18.0,390.0,7020.0,2024-05-09
2024050901019369,MANDU,28,45,340.0,792.0,269280.0,2024-05-09
2024050901019368,MANDU,28,65,460.0,789.0,362940.0,2024-05-09
2024050901019367,MANDU,28,22,200.0,786.0,157200.0,2024-05-09
2024050903017197,ILBS,62,52,19.0,1365.0,25935.0,2024-05-09
2024050901019366,SONA,43,43,10.0,436.1,4361.0,2024-05-09
2024050904008268,AHPC,45,76,100.0,157.0,15700.0,2024-05-09
2024050901019365,MEL,33,7,966.0,227.2,219475.2,2024-05-09
2024050901019364,MEL,48,7,50.0,227.3,11365.0,2024-05-09
2024050901019363,MEL,37,7,80.0,227.3,18184.0,2024-05-09
2024050901019362,MEL,58,7,797.0,229.9,183230.3,2024-05-09
2024050901019361,SHIVM,75,47,62.0,495.0,30690.0,2024-05-09
2024050901019360,SHIVM,55,47,680.0,495.1,336668.0,2024-05-09
2024050901019359,SHIVM,5,47,48.0,495.1,23764.8,2024-05-09
2024050901019358,SHIVM,56,47,10.0,495.2,4952.0,2024-05-09
2024050903017196,SADBL,32,50,118.0,311.9,36804.2,2024-05-09
2024050903017195,SADBL,86,50,82.0,311.9,25575.8,2024-05-09
2024050901019357,PPL,32,36,200.0,511.0,102200.0,2024-05-09
2024050901019356,MKHL,41,66,160.0,425.0,68000.0,2024-05-09
2024050901019355,MKHL,11,66,250.0,425.0,106250.0,2024-05-09
2024050904008267,UMRH,58,6,159.0,330.0,52470.0,2024-05-09
2024050904008266,UMRH,48,6,33.0,330.0,10890.0,2024-05-09
2024050904008265,UMRH,6,6,10.0,330.1,3301.0,2024-05-09
2024050901019354,CITY,52,49,20.0,622.1,12442.0,2024-05-09
2024050903017194,NABBC,16,63,100.0,458.0,45800.0,2024-05-09
2024050903017193,NABBC,16,4,290.0,458.0,132820.0,2024-05-09
2024050904008264,AKPL,45,41,300.0,162.4,48720.0,2024-05-09
2024050901019353,MEHL,28,22,10.0,305.0,3050.0,2024-05-09
2024050901019352,MEHL,28,38,10.0,305.0,3050.0,2024-05-09
2024050901019351,MEHL,28,38,10.0,304.9,3049.0,2024-05-09
2024050901019350,MEHL,28,34,10.0,304.0,3040.0,2024-05-09
2024050901019349,MEHL,28,16,10.0,304.0,3040.0,2024-05-09
2024050901019348,MEHL,28,21,10.0,304.0,3040.0,2024-05-09
2024050901019347,MEHL,28,14,10.0,304.0,3040.0,2024-05-09
2024050903017192,NUBL,21,13,51.0,665.0,33915.0,2024-05-09
2024050901019346,SPC,28,44,25.0,470.0,11750.0,2024-05-09
2024050901019345,BHL,71,45,10.0,319.5,3195.0,2024-05-09
2024050901019344,HDL,35,42,90.0,1300.0,117000.0,2024-05-09
2024050904008263,NGPL,43,35,200.0,299.0,59800.0,2024-05-09
2024050901019343,SONA,72,43,30.0,436.1,13083.0,2024-05-09
2024050901019342,SONA,72,16,50.0,436.0,21800.0,2024-05-09
2024050903017191,LBBL,53,33,10.0,375.0,3750.0,2024-05-09
2024050901019341,HDL,47,58,30.0,1305.0,39150.0,2024-05-09
2024050901019340,HDL,47,49,20.0,1305.0,26100.0,2024-05-09
2024050901019339,HDL,47,36,100.0,1305.0,130500.0,2024-05-09
2024050904008262,UNHPL,36,34,60.0,216.0,12960.0,2024-05-09
2024050901019338,KBSH,28,57,30.0,1011.0,30330.0,2024-05-09
2024050901019337,KBSH,45,57,70.0,1011.9,70833.0,2024-05-09
2024050904008261,SHL,49,44,100.0,461.9,46190.0,2024-05-09
2024050903017190,SHINE,49,39,22.0,390.0,8580.0,2024-05-09
2024050904008260,SHL,62,44,200.0,461.9,92380.0,2024-05-09
2024050903017189,RSDC,17,67,10.0,760.0,7600.0,2024-05-09
2024050903017188,NFS,71,44,500.0,549.0,274500.0,2024-05-09
2024050904008259,SICL,55,45,20.0,680.0,13600.0,2024-05-09
2024050904008258,SICL,4,45,30.0,680.0,20400.0,2024-05-09
2024050903017187,MPFL,45,7,20.0,453.1,9062.0,2024-05-09
2024050903017186,GRDBL,7,59,325.0,436.0,141700.0,2024-05-09
2024050903017185,GRDBL,22,59,155.0,436.1,67595.5,2024-05-09
2024050903017184,GRDBL,45,59,10.0,437.0,4370.0,2024-05-09
2024050903017183,LBBL,25,33,10.0,375.0,3750.0,2024-05-09
2024050903017182,USLB,55,32,10.0,2012.0,20120.0,2024-05-09
2024050901019336,NRM,45,81,78.0,339.0,26442.0,2024-05-09
2024050901019335,NRM,19,81,28.0,339.0,9492.0,2024-05-09
2024050901019334,NRM,49,81,50.0,339.0,16950.0,2024-05-09
2024050901019333,NRM,57,81,10.0,339.3,3393.0,2024-05-09
2024050901019332,NRM,6,81,10.0,339.4,3394.0,2024-05-09
2024050901019331,NRM,50,81,50.0,339.4,16970.0,2024-05-09
2024050901019330,NRM,5,81,150.0,339.5,50925.0,2024-05-09
2024050901019329,NRM,58,81,24.0,339.6,8150.4,2024-05-09
2024050901019328,MEL,58,43,333.0,229.9,76556.7,2024-05-09
2024050901019327,MEL,58,52,360.0,229.9,82764.0,2024-05-09
2024050901019326,MEL,58,45,510.0,229.0,116790.0,2024-05-09
2024050903017181,JFL,29,58,30.0,518.0,15540.0,2024-05-09
2024050903017180,JFL,57,58,10.0,519.0,5190.0,2024-05-09
2024050903017179,JFL,34,58,10.0,519.0,5190.0,2024-05-09
2024050903017178,JFL,39,58,100.0,520.0,52000.0,2024-05-09
2024050903017177,MPFL,45,62,630.0,453.1,285453.0,2024-05-09
2024050903017176,MPFL,52,62,100.0,454.0,45400.0,2024-05-09
2024050903017175,GLBSL,58,56,30.0,2031.5,60945.0,2024-05-09
2024050901019325,SARBTM,6,56,30.0,745.5,22365.0,2024-05-09
2024050901019324,SARBTM,6,56,20.0,745.5,14910.0,2024-05-09
2024050903017174,SAPDBL,44,22,100.0,328.0,32800.0,2024-05-09
2024050903017173,SAPDBL,44,13,120.0,328.0,39360.0,2024-05-09
2024050901019323,USHL,42,55,10.0,451.1,4511.0,2024-05-09
2024050901019322,RHGCL,69,59,712.0,336.0,239232.0,2024-05-09
2024050901019321,RHGCL,69,1,105.0,335.0,35175.0,2024-05-09
2024050901019320,RHGCL,69,45,10.0,334.0,3340.0,2024-05-09
2024050901019319,RHGCL,69,38,173.0,331.2,57297.6,2024-05-09
2024050904008257,UMHL,34,67,10.0,228.0,2280.0,2024-05-09
2024050901019318,GCIL,46,59,122.0,475.0,57950.0,2024-05-09
2024050901019317,GCIL,28,59,100.0,475.0,47500.0,2024-05-09
2024050901019316,GCIL,41,59,100.0,475.0,47500.0,2024-05-09
2024050901019315,GCIL,58,59,100.0,475.2,47520.0,2024-05-09
2024050901019314,GCIL,42,59,28.0,475.3,13308.4,2024-05-09
2024050901019313,GCIL,26,59,50.0,475.5,23775.0,2024-05-09
2024050903017172,DDBL,53,47,50.0,715.0,35750.0,2024-05-09
2024050903017171,DDBL,42,47,50.0,715.0,35750.0,2024-05-09
2024050903017170,SINDU,58,50,409.0,392.0,160328.0,2024-05-09
2024050903017169,SINDU,58,58,100.0,391.9,39190.0,2024-05-09
2024050903017168,SINDU,58,40,200.0,391.9,78380.0,2024-05-09
2024050903017167,SINDU,58,38,71.0,391.8,27817.8,2024-05-09
2024050903017166,SINDU,58,39,50.0,391.7,19585.0,2024-05-09
2024050903017165,SINDU,58,84,70.0,391.0,27370.0,2024-05-09
2024050903017164,SINDU,58,38,100.0,391.0,39100.0,2024-05-09
2024050901019312,SARBTM,42,17,10.0,745.5,7455.0,2024-05-09
2024050901019311,SARBTM,59,17,30.0,746.0,22380.0,2024-05-09
2024050904008256,RADHI,8,41,20.0,227.1,4542.0,2024-05-09
2024050901019310,SHIVM,56,56,90.0,495.2,44568.0,2024-05-09
2024050901019309,SHIVM,58,56,10.0,495.3,4953.0,2024-05-09
2024050903017163,MLBL,41,60,500.0,326.0,163000.0,2024-05-09
2024050903017162,GUFL,34,5,50.0,700.2,35010.0,2024-05-09
2024050901019308,PRVU,38,55,10.0,134.1,1341.0,2024-05-09
2024050901019307,MBL,45,44,150.0,162.0,24300.0,2024-05-09
2024050901019306,MBL,42,44,40.0,162.0,6480.0,2024-05-09
2024050901019305,MBL,42,44,50.0,162.5,8125.0,2024-05-09
2024050905003417,NRIC,17,29,11.0,675.6,7431.6,2024-05-09
2024050904008255,NGPL,42,35,50.0,299.0,14950.0,2024-05-09
2024050903017161,ICFC,42,54,100.0,521.0,52100.0,2024-05-09
2024050903017160,LICN,42,6,100.0,1250.0,125000.0,2024-05-09
2024050901019304,HDL,35,34,132.0,1300.0,171600.0,2024-05-09
2024050903017159,GFCL,34,70,10.0,469.0,4690.0,2024-05-09
2024050903017158,MFIL,34,55,10.0,509.0,5090.0,2024-05-09
2024050901019303,SONA,58,36,68.0,435.6,29620.8,2024-05-09
2024050901019302,SONA,1,36,82.0,436.0,35752.0,2024-05-09
2024050901019301,DORDI,36,57,160.0,396.0,63360.0,2024-05-09
2024050903017157,HLBSL,26,49,100.0,848.0,84800.0,2024-05-09
2024050904008254,MEN,16,57,10.0,522.0,5220.0,2024-05-09
2024050904008253,MEN,16,45,100.0,520.5,52050.0,2024-05-09
2024050901019300,SARBTM,59,14,100.0,746.0,74600.0,2024-05-09
2024050901019299,BHL,5,45,10.0,319.5,3195.0,2024-05-09
2024050901019298,RHGCL,35,38,387.0,331.2,128174.4,2024-05-09
2024050904008252,CGH,58,19,50.0,810.0,40500.0,2024-05-09
2024050903017156,ILBS,19,41,100.0,1369.0,136900.0,2024-05-09
2024050901019297,MKCL,36,42,190.0,803.5,152665.0,2024-05-09
2024050901019296,MKCL,58,42,10.0,803.6,8036.0,2024-05-09
2024050901019295,CITY,33,17,10.0,622.6,6226.0,2024-05-09
2024050901019294,SONA,1,34,18.0,436.0,7848.0,2024-05-09
2024050901019293,SONA,47,34,82.0,436.0,35752.0,2024-05-09
2024050904008251,GLH,32,6,10.0,203.3,2033.0,2024-05-09
2024050901019292,SAMAJ,49,45,10.0,1957.0,19570.0,2024-05-09
2024050903017155,GBLBS,63,49,201.0,763.0,153363.0,2024-05-09
2024050903017154,CFCL,91,34,10.0,401.9,4019.0,2024-05-09
2024050903017153,CFCL,91,49,90.0,400.0,36000.0,2024-05-09
2024050904008250,JOSHI,58,18,597.0,313.0,186861.0,2024-05-09
2024050903017152,SFCL,58,58,40.0,351.0,14040.0,2024-05-09
2024050903017151,SFCL,54,58,100.0,351.1,35110.0,2024-05-09
2024050903017150,SFCL,34,58,287.0,351.1,100765.7,2024-05-09
2024050903017149,SFCL,13,58,500.0,351.2,175600.0,2024-05-09
2024050903017148,SFCL,54,58,30.0,352.0,10560.0,2024-05-09
2024050903017147,SFCL,62,58,105.0,352.0,36960.0,2024-05-09
2024050903017146,GMFBS,41,45,10.0,1180.0,11800.0,2024-05-09
2024050903017145,SJLIC,22,58,35.0,401.9,14066.5,2024-05-09
2024050903017144,ICFC,16,29,115.0,520.6,59869.0,2024-05-09
2024050903017143,MDB,76,16,10.0,453.0,4530.0,2024-05-09
2024050903017142,NICLBSL,42,45,130.0,658.7,85631.0,2024-05-09
2024050903017141,NICLBSL,8,45,100.0,658.7,65870.0,2024-05-09
2024050903017140,NICLBSL,6,45,20.0,659.0,13180.0,2024-05-09
2024050901019291,VLUCL,42,49,10.0,451.0,4510.0,2024-05-09
2024050901019290,GCIL,26,57,50.0,475.5,23775.0,2024-05-09
2024050904008249,UNHPL,53,6,1000.0,214.5,214500.0,2024-05-09
2024050904008248,UNHPL,16,6,140.0,214.5,30030.0,2024-05-09
2024050904008247,UNHPL,21,6,360.0,214.5,77220.0,2024-05-09
2024050904008246,UNHPL,58,6,500.0,214.6,107300.0,2024-05-09
2024050901019289,SANIMA,49,4,20.0,232.0,4640.0,2024-05-09
2024050903017139,GBLBS,16,49,99.0,763.0,75537.0,2024-05-09
2024050903017138,GBLBS,16,41,50.0,762.0,38100.0,2024-05-09
2024050903017137,GBLBS,16,58,50.0,762.0,38100.0,2024-05-09
2024050903017136,GBLBS,16,22,69.0,761.0,52509.0,2024-05-09
2024050901019288,GVL,34,58,10.0,441.9,4419.0,2024-05-09
2024050904008245,SHL,32,32,100.0,461.0,46100.0,2024-05-09
2024050901019287,DOLTI,21,22,10.0,437.6,4376.0,2024-05-09
2024050903017135,NMBMF,22,21,15.0,660.0,9900.0,2024-05-09
2024050901019286,UHEWA,39,39,10.0,387.5,3875.0,2024-05-09
2024050903017134,LBBL,39,39,52.0,372.0,19344.0,2024-05-09
2024050903017133,GMFIL,70,38,75.0,399.0,29925.0,2024-05-09
2024050901019285,MHCL,1,42,10.0,362.0,3620.0,2024-05-09
2024050901019284,SARBTM,42,42,110.0,745.5,82005.0,2024-05-09
2024050901019283,SARBTM,36,42,220.0,745.7,164054.0,2024-05-09
2024050901019282,DLBS,33,58,50.0,1164.0,58200.0,2024-05-09
2024050901019281,CITY,55,86,48.0,622.6,29884.8,2024-05-09
2024050901019280,UHEWA,32,55,10.0,382.0,3820.0,2024-05-09
2024050901019279,BNHC,57,32,20.0,444.0,8880.0,2024-05-09
2024050901019278,NESDO,49,42,55.0,1820.0,100100.0,2024-05-09
2024050901019277,NESDO,49,22,10.0,1813.0,18130.0,2024-05-09
2024050903017132,ACLBSL,62,58,92.0,902.0,82984.0,2024-05-09
2024050903017131,ACLBSL,62,41,13.0,902.0,11726.0,2024-05-09
2024050903017130,ACLBSL,62,56,25.0,902.0,22550.0,2024-05-09
2024050903017129,ACLBSL,62,58,70.0,901.9,63133.0,2024-05-09
2024050903017128,ACLBSL,62,58,30.0,901.9,27057.0,2024-05-09
2024050903017127,ACLBSL,62,47,52.0,900.0,46800.0,2024-05-09
2024050903017126,ACLBSL,62,65,100.0,897.7,89770.0,2024-05-09
2024050903017125,ACLBSL,62,41,13.0,897.6,11668.8,2024-05-09
2024050903017124,ACLBSL,62,41,13.0,897.6,11668.8,2024-05-09
2024050903017123,ACLBSL,62,59,92.0,890.0,81880.0,2024-05-09
2024050901019276,MANDU,28,65,540.0,789.0,426060.0,2024-05-09
2024050901019275,MANDU,28,35,10.0,787.5,7875.0,2024-05-09
2024050901019274,MANDU,28,55,10.0,787.5,7875.0,2024-05-09
2024050901019273,MANDU,28,35,50.0,787.0,39350.0,2024-05-09
2024050901019272,MANDU,28,42,10.0,785.4,7854.0,2024-05-09
2024050901019271,MANDU,28,58,20.0,781.3,15626.0,2024-05-09
2024050901019270,MANDU,28,45,350.0,781.3,273455.0,2024-05-09
2024050901019269,MKCL,58,21,80.0,803.6,64288.0,2024-05-09
2024050903017122,SHINE,35,39,60.0,390.0,23400.0,2024-05-09
2024050901019268,MEHL,58,58,10.0,303.0,3030.0,2024-05-09
2024050905003416,NIFRA,34,32,122.0,192.0,23424.0,2024-05-09
2024050903017121,KRBL,39,22,100.0,434.0,43400.0,2024-05-09
2024050901019267,SAHAS,8,38,10.0,484.0,4840.0,2024-05-09
2024050904008244,SALICO,46,25,20.0,633.0,12660.0,2024-05-09
2024050901019266,SPHL,62,45,10.0,453.2,4532.0,2024-05-09
2024050901019265,SARBTM,36,42,80.0,745.7,59656.0,2024-05-09
2024050905003415,NIFRA,34,21,100.0,193.0,19300.0,2024-05-09
2024050905003414,NIFRA,34,41,200.0,193.0,38600.0,2024-05-09
2024050905003413,NIFRA,34,28,144.0,193.0,27792.0,2024-05-09
2024050905003412,NIFRA,34,48,50.0,192.8,9640.0,2024-05-09
2024050904008243,TRH,51,81,50.0,750.0,37500.0,2024-05-09
2024050904008242,TRH,57,81,20.0,750.0,15000.0,2024-05-09
2024050901019264,SARBTM,42,25,10.0,745.5,7455.0,2024-05-09
2024050904008241,UPCL,35,13,10.0,188.9,1889.0,2024-05-09
2024050904008240,SSHL,58,65,500.0,158.5,79250.0,2024-05-09
2024050903017120,GBLBS,57,52,71.0,760.0,53960.0,2024-05-09
2024050903017119,GBLBS,41,52,29.0,760.0,22040.0,2024-05-09
2024050904008239,UNHPL,32,74,50.0,215.0,10750.0,2024-05-09
2024050904008238,SHL,14,19,130.0,462.0,60060.0,2024-05-09
2024050901019263,TVCL,58,38,50.0,449.0,22450.0,2024-05-09
2024050904008237,GHL,53,38,159.0,142.0,22578.0,2024-05-09
2024050904008236,GHL,45,38,30.0,142.0,4260.0,2024-05-09
2024050904008235,GHL,58,38,220.0,142.0,31240.0,2024-05-09
2024050904008234,JOSHI,45,18,100.0,313.0,31300.0,2024-05-09
2024050904008233,JOSHI,33,18,20.0,313.0,6260.0,2024-05-09
2024050904008232,JOSHI,38,18,20.0,313.0,6260.0,2024-05-09
2024050904008231,JOSHI,32,18,28.0,313.0,8764.0,2024-05-09
2024050904008230,JOSHI,26,18,50.0,313.6,15680.0,2024-05-09
2024050904008229,JOSHI,42,18,19.0,314.0,5966.0,2024-05-09
2024050904008228,JOSHI,40,18,146.0,314.0,45844.0,2024-05-09
2024050904008227,JOSHI,42,18,20.0,314.1,6282.0,2024-05-09
2024050901019262,SHIVM,86,66,413.0,497.0,205261.0,2024-05-09
2024050901019261,SHIVM,86,36,87.0,497.0,43239.0,2024-05-09
2024050903017118,SLBBL,72,44,10.0,733.0,7330.0,2024-05-09
2024050903017117,MNBBL,42,13,442.0,345.3,152622.6,2024-05-09
2024050903017116,MNBBL,1,13,28.0,345.3,9668.4,2024-05-09
2024050903017115,MNBBL,54,13,30.0,345.3,10359.0,2024-05-09
2024050903017114,RSDC,58,67,20.0,760.0,15200.0,2024-05-09
2024050904008226,OHL,57,46,10.0,765.0,7650.0,2024-05-09
2024050904008225,SHL,32,57,200.0,461.0,92200.0,2024-05-09
2024050904008224,SALICO,33,62,1357.0,628.0,852196.0,2024-05-09
2024050904008223,SALICO,33,62,56.0,628.1,35173.6,2024-05-09
2024050904008222,SALICO,29,62,50.0,629.0,31450.0,2024-05-09
2024050904008221,SALICO,58,62,13.0,629.1,8178.3,2024-05-09
2024050904008220,SALICO,6,62,500.0,629.4,314700.0,2024-05-09
2024050904008219,SALICO,46,62,24.0,629.6,15110.4,2024-05-09
2024050901019260,ULHC,29,62,20.0,321.9,6438.0,2024-05-09
2024050903017113,ACLBSL,62,59,108.0,890.0,96120.0,2024-05-09
2024050903017112,ACLBSL,62,13,192.0,890.0,170880.0,2024-05-09
2024050903017111,PMLI,32,28,10.0,497.0,4970.0,2024-05-09
2024050901019259,CITY,52,41,40.0,622.1,24884.0,2024-05-09
2024050905003411,NTC,47,41,50.0,806.9,40345.0,2024-05-09
2024050905003410,NTC,19,41,41.0,807.0,33087.0,2024-05-09
2024050905003409,NTC,49,41,20.0,807.0,16140.0,2024-05-09
2024050905003408,NTC,36,41,100.0,807.0,80700.0,2024-05-09
2024050905003407,NTC,57,41,30.0,807.0,24210.0,2024-05-09
2024050904008218,CHL,14,35,163.0,309.0,50367.0,2024-05-09
2024050904008217,CHL,14,35,200.0,309.1,61820.0,2024-05-09
2024050904008216,CHL,26,35,581.0,310.0,180110.0,2024-05-09
2024050903017110,MNBBL,56,6,30.0,346.0,10380.0,2024-05-09
2024050901019258,CITY,56,86,100.0,622.6,62260.0,2024-05-09
2024050905003406,NRN,26,58,50.0,487.2,24360.0,2024-05-09
2024050904008215,SHL,32,14,100.0,461.0,46100.0,2024-05-09
2024050901019257,CZBIL,22,33,10.0,155.0,1550.0,2024-05-09
2024050901019256,CZBIL,22,32,90.0,154.5,13905.0,2024-05-09
2024050903017109,KSBBL,16,29,300.0,368.0,110400.0,2024-05-09
2024050903017108,KSBBL,67,29,500.0,368.1,184050.0,2024-05-09
2024050903017107,KSBBL,62,29,100.0,368.1,36810.0,2024-05-09
2024050903017106,KSBBL,21,29,300.0,368.1,110430.0,2024-05-09
2024050903017105,KMCDB,33,43,43.0,921.3,39615.9,2024-05-09
2024050903017104,USLB,55,45,10.0,2011.0,20110.0,2024-05-09
2024050903017103,CFCL,58,45,45.0,396.0,17820.0,2024-05-09
2024050904008214,SHEL,44,26,368.0,147.0,54096.0,2024-05-09
2024050904008213,SHEL,58,26,20.0,147.0,2940.0,2024-05-09
2024050904008212,SHEL,28,26,1000.0,147.0,147000.0,2024-05-09
2024050904008211,SHEL,17,26,500.0,147.0,73500.0,2024-05-09
2024050904008210,SHEL,38,26,100.0,147.0,14700.0,2024-05-09
2024050904008209,SHEL,67,26,500.0,147.0,73500.0,2024-05-09
2024050904008208,SHEL,13,26,200.0,147.0,29400.0,2024-05-09
2024050904008207,SHEL,49,26,300.0,147.0,44100.0,2024-05-09
2024050904008206,SHEL,57,26,25.0,147.0,3675.0,2024-05-09
2024050904008205,SHEL,49,26,500.0,147.0,73500.0,2024-05-09
2024050904008204,SHEL,21,26,20.0,147.0,2940.0,2024-05-09
2024050904008203,SHEL,13,26,50.0,147.0,7350.0,2024-05-09
2024050904008202,SHEL,29,26,300.0,147.0,44100.0,2024-05-09
2024050904008201,SHEL,49,26,500.0,147.0,73500.0,2024-05-09
2024050904008200,SHEL,41,26,50.0,147.0,7350.0,2024-05-09
2024050904008199,SHEL,19,26,100.0,147.0,14700.0,2024-05-09
2024050904008198,SHEL,49,26,50.0,147.0,7350.0,2024-05-09
2024050904008197,SHEL,57,26,1000.0,147.0,147000.0,2024-05-09
2024050904008196,SHEL,43,26,100.0,147.0,14700.0,2024-05-09
2024050904008195,SHEL,38,26,250.0,147.0,36750.0,2024-05-09
2024050904008194,SHEL,45,26,100.0,147.0,14700.0,2024-05-09
2024050904008193,SHEL,11,26,140.0,147.0,20580.0,2024-05-09
2024050904008192,SHEL,32,26,100.0,147.0,14700.0,2024-05-09
2024050904008191,SHEL,21,26,80.0,147.0,11760.0,2024-05-09
2024050904008190,SHEL,8,26,10.0,147.0,1470.0,2024-05-09
2024050904008189,SHEL,25,26,500.0,147.0,73500.0,2024-05-09
2024050904008188,SHEL,42,26,3450.0,147.0,507150.0,2024-05-09
2024050904008187,SHEL,54,26,200.0,147.0,29400.0,2024-05-09
2024050904008186,SHEL,4,26,20.0,147.0,2940.0,2024-05-09
2024050904008185,SHEL,7,26,2420.0,147.0,355740.0,2024-05-09
2024050904008184,SHEL,35,26,50.0,147.1,7355.0,2024-05-09
2024050904008183,SHEL,19,26,100.0,147.1,14710.0,2024-05-09
2024050904008182,SHEL,91,26,1797.0,147.2,264518.4,2024-05-09
2024050904008181,SHEL,6,26,100.0,147.3,14730.0,2024-05-09
2024050901019255,SNLI,43,25,429.0,455.1,195237.9,2024-05-09
2024050901019254,SNLI,58,25,50.0,455.8,22790.0,2024-05-09
2024050903017102,SLBBL,33,39,102.0,730.0,74460.0,2024-05-09
2024050903017101,SLBBL,33,39,20.0,730.2,14604.0,2024-05-09
2024050904008180,NICL,39,34,275.0,814.3,223932.5,2024-05-09
2024050904008179,NICL,39,34,345.0,814.0,280830.0,2024-05-09
2024050904008178,NICL,39,41,20.0,814.0,16280.0,2024-05-09
2024050904008177,NICL,39,59,60.0,813.0,48780.0,2024-05-09
2024050903017100,SLBBL,13,44,150.0,730.3,109545.0,2024-05-09
2024050901019253,AHL,18,57,10.0,436.0,4360.0,2024-05-09
2024050901019252,AHL,18,52,100.0,435.0,43500.0,2024-05-09
2024050903017099,RSDC,86,52,126.0,762.0,96012.0,2024-05-09
2024050903017098,RSDC,86,91,190.0,762.0,144780.0,2024-05-09
2024050903017097,RSDC,86,51,34.0,761.9,25904.6,2024-05-09
2024050903017096,GMFIL,70,19,425.0,399.0,169575.0,2024-05-09
2024050903017095,GMFIL,5,19,75.0,399.1,29932.5,2024-05-09
2024050901019251,CKHL,59,90,100.0,504.0,50400.0,2024-05-09
2024050901019250,EBL,46,59,500.0,498.0,249000.0,2024-05-09
2024050904008176,SPIL,42,66,111.0,739.0,82029.0,2024-05-09
2024050901019249,MHL,26,42,10.0,399.0,3990.0,2024-05-09
2024050905003405,HRL,38,17,10.0,557.2,5572.0,2024-05-09
2024050903017094,JFL,41,1,65.0,522.0,33930.0,2024-05-09
2024050903017093,JFL,41,49,125.0,520.0,65000.0,2024-05-09
2024050903017092,RSDC,21,52,193.0,760.0,146680.0,2024-05-09
2024050904008175,AHPC,45,76,129.0,157.0,20253.0,2024-05-09
2024050903017091,GBBL,17,45,35.0,366.2,12817.0,2024-05-09
2024050901019248,HDL,42,36,10.0,1305.0,13050.0,2024-05-09
2024050901019247,HDL,42,36,10.0,1305.0,13050.0,2024-05-09
2024050904008174,TRH,57,38,50.0,750.0,37500.0,2024-05-09
2024050904008173,TRH,57,42,30.0,750.0,22500.0,2024-05-09
2024050901019246,NBLD87,62,54,25.0,983.2,24580.0,2024-05-09
2024050904008172,UMRH,6,16,490.0,330.1,161749.0,2024-05-09
2024050904008171,UMRH,51,16,10.0,330.1,3301.0,2024-05-09
2024050904008170,NGPL,44,17,500.0,298.7,149350.0,2024-05-09
2024050903017090,BFC,21,51,20.0,403.0,8060.0,2024-05-09
2024050904008169,AHPC,35,34,10.0,157.9,1579.0,2024-05-09
2024050905003404,SMATA,38,47,50.0,938.0,46900.0,2024-05-09
2024050905003403,SMATA,38,57,10.0,937.0,9370.0,2024-05-09
2024050905003402,NTC,43,43,200.0,808.0,161600.0,2024-05-09
2024050903017089,LLBS,13,45,64.0,1078.0,68992.0,2024-05-09
2024050901019245,SARBTM,42,45,22.0,745.5,16401.0,2024-05-09
2024050901019244,SRLI,55,52,10.0,426.0,4260.0,2024-05-09
2024050901019243,SNLI,34,45,40.0,456.0,18240.0,2024-05-09
2024050901019242,SNLI,34,6,10.0,455.9,4559.0,2024-05-09
2024050903017088,NMFBS,81,26,60.0,1248.0,74880.0,2024-05-09
2024050903017087,NMFBS,17,26,50.0,1248.1,62405.0,2024-05-09
2024050903017086,NMFBS,41,26,100.0,1252.0,125200.0,2024-05-09
2024050903017085,NMFBS,46,26,90.0,1252.1,112689.0,2024-05-09
2024050901019241,VLUCL,39,62,410.0,450.0,184500.0,2024-05-09
2024050903017084,MDB,28,41,20.0,451.0,9020.0,2024-05-09
2024050903017083,MDB,28,41,10.0,452.0,4520.0,2024-05-09
2024050904008168,PMHPL,39,56,10.0,222.0,2220.0,2024-05-09
2024050903017082,CFCL,58,49,10.0,400.0,4000.0,2024-05-09
2024050903017081,RLFL,42,59,50.0,388.0,19400.0,2024-05-09
2024050903017080,RLFL,42,59,10.0,388.0,3880.0,2024-05-09
2024050901019240,SGHC,53,57,27.0,315.0,8505.0,2024-05-09
2024050901019239,SGHC,53,21,10.0,315.0,3150.0,2024-05-09
2024050901019238,SGHC,53,4,10.0,315.0,3150.0,2024-05-09
2024050901019237,SGHC,53,45,30.0,314.5,9435.0,2024-05-09
2024050901019236,SGHC,53,61,10.0,314.0,3140.0,2024-05-09
2024050901019235,SGHC,53,3,13.0,314.0,4082.0,2024-05-09
2024050904008167,NGPL,44,66,200.0,298.7,59740.0,2024-05-09
2024050904008166,SGIC,34,52,81.0,529.0,42849.0,2024-05-09
2024050904008165,SGIC,34,45,10.0,529.0,5290.0,2024-05-09
2024050904008164,SGIC,34,42,10.0,528.0,5280.0,2024-05-09
2024050904008163,SGIC,34,47,99.0,525.0,51975.0,2024-05-09
2024050905003401,STC,54,13,30.0,4275.0,128250.0,2024-05-09
2024050905003400,STC,54,13,10.0,4270.0,42700.0,2024-05-09
2024050905003399,STC,54,32,50.0,4254.0,212700.0,2024-05-09
2024050903017079,NLICL,49,65,300.0,533.8,160140.0,2024-05-09
2024050903017078,ACLBSL,62,13,200.0,890.0,178000.0,2024-05-09
2024050903017077,ILBS,49,75,20.0,1370.0,27400.0,2024-05-09
2024050903017076,PFL,49,41,30.0,660.0,19800.0,2024-05-09
2024050903017075,PFL,34,41,1000.0,660.0,660000.0,2024-05-09
2024050903017074,PFL,20,41,100.0,660.0,66000.0,2024-05-09
2024050903017073,PFL,7,41,228.0,660.0,150480.0,2024-05-09
2024050904008162,UPPER,14,41,64.0,160.9,10297.6,2024-05-09
2024050904008161,UPPER,14,36,36.0,160.9,5792.4,2024-05-09
2024050901019234,ULHC,22,34,20.0,324.0,6480.0,2024-05-09
2024050901019233,ULHC,22,62,10.0,323.0,3230.0,2024-05-09
2024050903017072,DDBL,42,22,50.0,715.0,35750.0,2024-05-09
2024050903017071,DDBL,6,22,50.0,715.1,35755.0,2024-05-09
2024050905003398,HRL,56,72,51.0,560.0,28560.0,2024-05-09
2024050903017070,SAPDBL,20,59,15.0,327.0,4905.0,2024-05-09
2024050903017069,MFIL,50,45,20.0,508.0,10160.0,2024-05-09
2024050901019232,SGHC,58,4,50.0,313.0,15650.0,2024-05-09
2024050903017068,ACLBSL,62,13,670.0,890.0,596300.0,2024-05-09
2024050903017067,ACLBSL,62,50,300.0,888.0,266400.0,2024-05-09
2024050903017066,ACLBSL,62,55,30.0,875.3,26259.0,2024-05-09
2024050901019231,MANDU,28,53,100.0,780.0,78000.0,2024-05-09
2024050901019230,MANDU,28,10,200.0,780.0,156000.0,2024-05-09
2024050901019229,MANDU,28,58,60.0,780.0,46800.0,2024-05-09
2024050901019228,MANDU,28,25,10.0,780.0,7800.0,2024-05-09
2024050901019227,MANDU,28,20,10.0,780.0,7800.0,2024-05-09
2024050901019226,MANDU,28,45,150.0,780.0,117000.0,2024-05-09
2024050901019225,MANDU,28,49,100.0,778.0,77800.0,2024-05-09
2024050901019224,MANDU,28,58,100.0,778.0,77800.0,2024-05-09
2024050901019223,MANDU,28,36,10.0,778.0,7780.0,2024-05-09
2024050901019222,MANDU,28,49,100.0,776.9,77690.0,2024-05-09
2024050901019221,MANDU,28,44,10.0,776.0,7760.0,2024-05-09
2024050901019220,MANDU,28,49,100.0,775.0,77500.0,2024-05-09
2024050901019219,MANDU,28,56,60.0,774.0,46440.0,2024-05-09
2024050901019218,HDL,10,36,30.0,1305.0,39150.0,2024-05-09
2024050901019217,HDL,10,44,60.0,1305.0,78300.0,2024-05-09
2024050901019216,HDL,10,18,10.0,1304.9,13049.0,2024-05-09
2024050905003397,STC,49,32,52.0,4250.0,221000.0,2024-05-09
2024050901019215,BHPL,45,11,98.0,525.1,51459.8,2024-05-09
2024050901019214,BHPL,28,11,62.0,525.5,32581.0,2024-05-09
2024050903017065,NFS,71,48,50.0,548.9,27445.0,2024-05-09
2024050903017064,NFS,71,45,300.0,547.0,164100.0,2024-05-09
2024050903017063,NFS,71,40,20.0,545.0,10900.0,2024-05-09
2024050903017062,NFS,71,71,130.0,545.0,70850.0,2024-05-09
2024050901019213,CITY,34,74,65.0,622.1,40436.5,2024-05-09
2024050904008160,HURJA,1,38,200.0,275.0,55000.0,2024-05-09
2024050903017061,PFL,7,33,10.0,660.0,6600.0,2024-05-09
2024050905003396,NIFRA,22,25,6.0,192.5,1155.0,2024-05-09
2024050905003395,NIFRA,58,25,26.0,192.5,5005.0,2024-05-09
2024050901019212,NBL,62,84,20.0,204.0,4080.0,2024-05-09
2024050903017060,ICFC,16,29,150.0,520.5,78075.0,2024-05-09
2024050903017059,VLBS,28,57,10.0,839.9,8399.0,2024-05-09
2024050903017058,ICFC,61,10,100.0,520.0,52000.0,2024-05-09
2024050904008159,API,57,35,194.0,163.3,31680.2,2024-05-09
2024050904008158,NLG,44,32,291.0,745.4,216911.4,2024-05-09
2024050904008157,NLG,44,32,300.0,745.5,223650.0,2024-05-09
2024050904008156,NLG,35,32,20.0,746.0,14920.0,2024-05-09
2024050904008155,NLG,57,32,10.0,749.0,7490.0,2024-05-09
2024050904008154,NLG,35,32,304.0,749.0,227696.0,2024-05-09
2024050904008153,NLG,38,32,50.0,750.0,37500.0,2024-05-09
2024050904008152,NLG,19,32,25.0,751.0,18775.0,2024-05-09
2024050903017057,PFL,71,72,274.0,665.0,182210.0,2024-05-09
2024050903017056,PFL,71,43,100.0,665.0,66500.0,2024-05-09
2024050903017055,PFL,71,7,86.0,665.0,57190.0,2024-05-09
2024050903017054,PFL,71,36,50.0,665.0,33250.0,2024-05-09
2024050903017053,PFL,71,46,10.0,665.0,6650.0,2024-05-09
2024050903017052,PFL,71,7,30.0,664.0,19920.0,2024-05-09
2024050903017051,PFL,71,45,50.0,664.0,33200.0,2024-05-09
2024050903017050,PFL,71,14,10.0,664.0,6640.0,2024-05-09
2024050903017049,PFL,71,38,10.0,664.0,6640.0,2024-05-09
2024050903017048,PFL,71,8,10.0,664.0,6640.0,2024-05-09
2024050903017047,PFL,71,32,100.0,664.0,66400.0,2024-05-09
2024050903017046,PFL,71,48,30.0,663.0,19890.0,2024-05-09
2024050903017045,PFL,71,43,100.0,663.0,66300.0,2024-05-09
2024050903017044,PFL,71,34,50.0,663.0,33150.0,2024-05-09
2024050903017043,PFL,71,45,200.0,663.0,132600.0,2024-05-09
2024050903017042,PFL,71,25,1000.0,663.0,663000.0,2024-05-09
2024050903017041,PFL,71,34,70.0,662.8,46396.0,2024-05-09
2024050903017040,PFL,71,14,200.0,661.0,132200.0,2024-05-09
2024050903017039,PFL,71,28,120.0,661.0,79320.0,2024-05-09
2024050901019211,MEHL,47,58,10.0,302.0,3020.0,2024-05-09
2024050903017038,GUFL,57,45,10.0,701.0,7010.0,2024-05-09
2024050903017037,GUFL,57,45,10.0,701.0,7010.0,2024-05-09
2024050903017036,GUFL,47,45,71.0,701.0,49771.0,2024-05-09
2024050904008151,BPCL,21,42,65.0,289.0,18785.0,2024-05-09
2024050904008150,BPCL,57,42,20.0,289.0,5780.0,2024-05-09
2024050904008149,BPCL,46,42,10.0,289.0,2890.0,2024-05-09
2024050904008148,BPCL,46,42,10.0,289.0,2890.0,2024-05-09
2024050903017035,MPFL,34,7,10.0,455.0,4550.0,2024-05-09
2024050903017034,MPFL,34,45,13.0,454.0,5902.0,2024-05-09
2024050903017033,MPFL,34,39,42.0,454.0,19068.0,2024-05-09
2024050901019210,NRM,34,8,200.0,340.0,68000.0,2024-05-09
2024050901019209,NICA,26,6,50.0,350.0,17500.0,2024-05-09
2024050904008147,UMRH,34,50,10.0,331.7,3317.0,2024-05-09
2024050901019208,NABIL,25,6,30.0,422.5,12675.0,2024-05-09
2024050903017032,LICN,25,6,150.0,1250.0,187500.0,2024-05-09
2024050903017031,LICN,26,6,100.0,1250.0,125000.0,2024-05-09
2024050903017030,LICN,32,6,12.0,1250.0,15000.0,2024-05-09
2024050901019207,HATHY,7,62,18.0,819.5,14751.0,2024-05-09
2024050901019206,HATHY,6,62,54.0,820.0,44280.0,2024-05-09
2024050901019205,HATHY,36,62,30.0,820.0,24600.0,2024-05-09
2024050901019204,HATHY,58,62,10.0,820.0,8200.0,2024-05-09
2024050901019203,HATHY,6,62,388.0,820.0,318160.0,2024-05-09
2024050905003394,NIFRA,14,28,56.0,193.0,10808.0,2024-05-09
2024050905003393,NIFRA,14,42,30.0,193.0,5790.0,2024-05-09
2024050905003392,NIFRA,14,58,14.0,193.0,2702.0,2024-05-09
2024050904008146,SHEL,11,29,40.0,147.7,5908.0,2024-05-09
2024050904008145,SHEL,11,48,20.0,147.6,2952.0,2024-05-09
2024050904008144,SHEL,11,6,140.0,147.6,20664.0,2024-05-09
2024050903017029,GUFL,1,57,150.0,703.0,105450.0,2024-05-09
2024050901019202,ILI,58,64,50.0,536.0,26800.0,2024-05-09
2024050903017028,GUFL,47,34,400.0,701.0,280400.0,2024-05-09
2024050901019201,HHL,57,14,200.0,335.0,67000.0,2024-05-09
2024050901019200,SONA,28,43,40.0,436.1,17444.0,2024-05-09
2024050905003391,HRL,56,87,20.0,560.0,11200.0,2024-05-09
2024050905003390,HRL,56,16,195.0,560.0,109200.0,2024-05-09
2024050905003389,HRL,56,45,70.0,560.0,39200.0,2024-05-09
2024050905003388,HRL,56,26,16.0,560.0,8960.0,2024-05-09
2024050905003387,HRL,56,17,10.0,560.0,5600.0,2024-05-09
2024050905003386,HRL,56,37,20.0,560.0,11200.0,2024-05-09
2024050905003385,HRL,56,42,10.0,560.0,5600.0,2024-05-09
2024050905003384,HRL,56,62,31.0,560.0,17360.0,2024-05-09
2024050905003383,HRL,56,49,42.0,560.0,23520.0,2024-05-09
2024050905003382,HRL,56,37,20.0,560.0,11200.0,2024-05-09
2024050905003381,HRL,56,58,10.0,560.0,5600.0,2024-05-09
2024050905003380,HRL,56,34,50.0,560.0,28000.0,2024-05-09
2024050905003379,HRL,56,49,10.0,560.0,5600.0,2024-05-09
2024050905003378,HRL,56,34,10.0,560.0,5600.0,2024-05-09
2024050905003377,HRL,56,59,100.0,560.0,56000.0,2024-05-09
2024050905003376,HRL,56,50,390.0,560.0,218400.0,2024-05-09
2024050905003375,HRL,56,62,55.0,560.0,30800.0,2024-05-09
2024050905003374,HRL,56,57,505.0,559.9,282749.5,2024-05-09
2024050905003373,HRL,56,46,10.0,559.0,5590.0,2024-05-09
2024050905003372,HRL,56,51,200.0,559.0,111800.0,2024-05-09
2024050905003371,HRL,56,35,10.0,559.0,5590.0,2024-05-09
2024050905003370,HRL,56,58,31.0,559.0,17329.0,2024-05-09
2024050905003369,HRL,56,44,10.0,558.0,5580.0,2024-05-09
2024050905003368,HRL,56,29,20.0,558.0,11160.0,2024-05-09
2024050905003367,HRL,56,34,104.0,557.9,58021.6,2024-05-09
2024050901019199,PPL,39,58,10.0,515.0,5150.0,2024-05-09
2024050903017027,PMLI,32,48,10.0,497.0,4970.0,2024-05-09
2024050903017026,PMLI,32,17,147.0,497.0,73059.0,2024-05-09
2024050903017025,PMLI,32,45,270.0,496.5,134055.0,2024-05-09
2024050901019198,HHL,32,4,100.0,337.0,33700.0,2024-05-09
2024050901019197,GVL,34,43,510.0,441.9,225369.0,2024-05-09
2024050901019196,GVL,47,43,90.0,442.0,39780.0,2024-05-09
2024050901019195,SHIVM,28,45,20.0,496.0,9920.0,2024-05-09
2024050905003366,HRL,38,45,100.0,557.2,55720.0,2024-05-09
2024050901019194,EHPL,42,71,10.0,442.9,4429.0,2024-05-09
2024050901019193,HHL,37,36,225.0,334.1,75172.5,2024-05-09
2024050901019192,HHL,22,36,50.0,334.1,16705.0,2024-05-09
2024050901019191,HHL,19,36,10.0,335.0,3350.0,2024-05-09
2024050901019190,HHL,25,36,25.0,335.0,8375.0,2024-05-09
2024050901019189,HHL,38,36,300.0,335.0,100500.0,2024-05-09
2024050901019188,HHL,57,36,40.0,335.0,13400.0,2024-05-09
2024050901019187,HHL,52,36,10.0,336.0,3360.0,2024-05-09
2024050901019186,HHL,52,36,10.0,336.0,3360.0,2024-05-09
2024050901019185,HHL,57,36,30.0,336.9,10107.0,2024-05-09
2024050903017024,GUFL,81,57,140.0,703.0,98420.0,2024-05-09
2024050903017023,ALBSL,70,57,10.0,830.0,8300.0,2024-05-09
2024050903017022,ALBSL,70,33,250.0,829.8,207450.0,2024-05-09
2024050903017021,ALBSL,70,19,50.0,829.7,41485.0,2024-05-09
2024050903017020,JSLBB,44,16,40.0,1223.1,48924.0,2024-05-09
2024050904008143,IGI,49,1,14.0,530.0,7420.0,2024-05-09
2024050904008142,IGI,49,8,486.0,530.0,257580.0,2024-05-09
2024050901019184,SHIVM,28,94,477.0,496.0,236592.0,2024-05-09
2024050901019183,GCIL,42,32,11.0,475.3,5228.3,2024-05-09
2024050901019182,GCIL,42,38,11.0,475.3,5228.3,2024-05-09
2024050901019181,BEDC,38,34,150.0,360.0,54000.0,2024-05-09
2024050901019180,PPL,32,38,261.0,511.0,133371.0,2024-05-09
2024050901019179,PPL,20,38,79.0,511.3,40392.7,2024-05-09
2024050903017019,JFL,34,1,390.0,519.0,202410.0,2024-05-09
2024050903017018,SAPDBL,7,13,80.0,328.0,26240.0,2024-05-09
2024050904008141,BARUN,13,42,30.0,220.0,6600.0,2024-05-09
2024050903017017,KSBBL,42,50,250.0,369.0,92250.0,2024-05-09
2024050903017016,ACLBSL,36,55,20.0,875.3,17506.0,2024-05-09
2024050904008140,SHL,57,19,100.0,462.0,46200.0,2024-05-09
2024050901019178,JBLB,57,3,22.0,1310.0,28820.0,2024-05-09
2024050901019177,JBLB,57,42,20.0,1310.0,26200.0,2024-05-09
2024050901019176,JBLB,57,39,20.0,1310.0,26200.0,2024-05-09
2024050901019175,JBLB,57,22,72.0,1310.0,94320.0,2024-05-09
2024050903017015,ILBS,91,14,50.0,1366.1,68305.0,2024-05-09
2024050901019174,NMB,34,53,500.0,169.7,84850.0,2024-05-09
2024050903017014,NFS,34,71,100.0,545.0,54500.0,2024-05-09
2024050905003365,GIBF1,17,34,3000.0,8.36,25080.0,2024-05-09
2024050901019173,DOLTI,38,41,10.0,437.5,4375.0,2024-05-09
2024050904008139,DHPL,8,56,175.0,198.0,34650.0,2024-05-09
2024050904008138,DHPL,42,56,325.0,199.0,64675.0,2024-05-09
2024050901019172,SNLI,95,45,16.0,456.0,7296.0,2024-05-09
2024050901019171,SNLI,95,45,34.0,456.0,15504.0,2024-05-09
2024050901019170,SNLI,95,78,50.0,455.9,22795.0,2024-05-09
2024050905003364,HRL,38,19,40.0,557.2,22288.0,2024-05-09
2024050905003363,CHDC,17,58,20.0,673.1,13462.0,2024-05-09
2024050903017013,CFCL,58,39,280.0,396.0,110880.0,2024-05-09
2024050903017012,NMBMF,45,21,10.0,660.0,6600.0,2024-05-09
2024050901019169,RNLI,48,54,21.0,419.0,8799.0,2024-05-09
2024050903017011,PFL,7,25,100.0,660.0,66000.0,2024-05-09
2024050903017010,MLBSL,5,8,10.0,1735.0,17350.0,2024-05-09
2024050903017009,LBBL,49,39,20.0,372.1,7442.0,2024-05-09
2024050903017008,PFL,7,18,200.0,660.0,132000.0,2024-05-09
2024050903017007,PROFL,29,38,100.0,344.8,34480.0,2024-05-09
2024050904008137,SHL,43,19,290.0,462.0,133980.0,2024-05-09
2024050904008136,SHL,43,6,100.0,461.8,46180.0,2024-05-09
2024050904008135,SHL,43,34,100.0,461.7,46170.0,2024-05-09
2024050904008134,SHL,43,25,100.0,461.5,46150.0,2024-05-09
2024050904008133,SHL,43,53,110.0,461.4,50754.0,2024-05-09
2024050904008132,SHL,43,42,200.0,461.4,92280.0,2024-05-09
2024050904008131,SHL,43,14,100.0,461.3,46130.0,2024-05-09
2024050903017006,RLFL,45,45,100.0,389.0,38900.0,2024-05-09
2024050904008130,NGPL,44,50,200.0,298.7,59740.0,2024-05-09
2024050903017005,GFCL,42,62,199.0,466.8,92893.2,2024-05-09
2024050903017004,GFCL,22,62,30.0,467.0,14010.0,2024-05-09
2024050905003362,HRL,38,1,135.0,557.1,75208.5,2024-05-09
2024050901019168,AVYAN,58,5,30.0,830.0,24900.0,2024-05-09
2024050905003361,NTC,45,57,27.0,808.5,21829.5,2024-05-09
2024050901019167,EBL,46,64,230.0,498.0,114540.0,2024-05-09
2024050903017003,EDBL,62,65,526.0,375.0,197250.0,2024-05-09
2024050903017002,EDBL,42,65,50.0,375.0,18750.0,2024-05-09
2024050903017001,EDBL,46,65,100.0,375.3,37530.0,2024-05-09
2024050903017000,EDBL,45,65,500.0,375.4,187700.0,2024-05-09
2024050903016999,EDBL,42,65,20.0,377.7,7554.0,2024-05-09
2024050903016998,EDBL,35,65,304.0,379.0,115216.0,2024-05-09
2024050901019166,UHEWA,57,39,20.0,387.5,7750.0,2024-05-09
2024050903016997,NABBC,16,4,10.0,458.0,4580.0,2024-05-09
2024050903016996,NABBC,16,34,200.0,455.0,91000.0,2024-05-09
2024050904008129,AKJCL,34,1,124.0,204.0,25296.0,2024-05-09
2024050904008128,AKJCL,34,51,1876.0,204.0,382704.0,2024-05-09
2024050901019165,DLBS,25,21,40.0,1152.0,46080.0,2024-05-09
2024050901019164,DLBS,14,21,100.0,1152.0,115200.0,2024-05-09
2024050901019163,DLBS,28,21,20.0,1153.0,23060.0,2024-05-09
2024050901019162,DLBS,48,21,30.0,1155.0,34650.0,2024-05-09
2024050901019161,DLBS,38,21,10.0,1155.2,11552.0,2024-05-09
2024050901019160,DLBS,43,21,10.0,1156.0,11560.0,2024-05-09
2024050901019159,EBL,46,35,406.0,498.0,202188.0,2024-05-09
2024050901019158,EBL,88,35,94.0,498.1,46821.4,2024-05-09
2024050901019157,CITY,52,86,100.0,622.6,62260.0,2024-05-09
2024050903016995,KSBBL,42,29,747.0,369.0,275643.0,2024-05-09
2024050903016994,KSBBL,58,29,60.0,369.0,22140.0,2024-05-09
2024050903016993,KSBBL,32,29,393.0,369.0,145017.0,2024-05-09
2024050903016992,GBLBS,41,7,21.0,760.0,15960.0,2024-05-09
2024050903016991,GBLBS,33,7,1579.0,760.1,1200197.9,2024-05-09
2024050901019156,RNLI,48,7,11.0,419.0,4609.0,2024-05-09
2024050903016990,ACLBSL,19,55,50.0,875.3,43765.0,2024-05-09
2024050901019155,MEHL,57,58,10.0,303.0,3030.0,2024-05-09
2024050901019154,MEHL,57,58,20.0,303.0,6060.0,2024-05-09
2024050901019153,MEHL,57,42,950.0,303.0,287850.0,2024-05-09
2024050903016989,GBLBS,49,22,100.0,761.0,76100.0,2024-05-09
2024050904008127,RURU,28,62,32.0,503.9,16124.8,2024-05-09
2024050901019152,SANIMA,88,52,545.0,231.5,126167.5,2024-05-09
2024050904008126,SALICO,29,25,26.0,633.0,16458.0,2024-05-09
2024050904008125,SALICO,29,16,50.0,633.0,31650.0,2024-05-09
2024050904008124,UPPER,32,38,163.0,160.3,26128.9,2024-05-09
