transaction,symbol,buyer,seller,quantity,rate,amount,date
2024062603016793,NFS,41,11,2000.0,1033.0,2066000.0,2024-06-26
2024062601025084,SAHAS,20,47,50.0,506.0,25300.0,2024-06-26
2024062601025083,SAHAS,45,47,105.0,506.0,53130.0,2024-06-26
2024062603016792,NFS,41,38,10.0,1033.0,10330.0,2024-06-26
2024062604008616,HURJA,36,38,500.0,283.1,141550.0,2024-06-26
2024062601025082,CITY,56,43,50.0,682.0,34100.0,2024-06-26
2024062601025081,NABIL,4,13,956.0,456.0,435936.0,2024-06-26
2024062601025080,NABIL,43,13,20.0,456.1,9122.0,2024-06-26
2024062601025079,NABIL,16,13,24.0,456.1,10946.4,2024-06-26
2024062601025078,MKLB,16,8,10.0,1342.2,13422.0,2024-06-26
2024062603016791,NFS,41,71,1000.0,1033.0,1033000.0,2024-06-26
2024062604008615,UMHL,44,39,20.0,238.0,4760.0,2024-06-26
2024062605004300,HRL,3,21,20.0,535.5,10710.0,2024-06-26
2024062601025077,SIKLES,60,65,10.0,708.0,7080.0,2024-06-26
2024062604008614,UMHL,60,39,20.0,238.0,4760.0,2024-06-26
2024062601025076,BHPL,35,38,10.0,665.0,6650.0,2024-06-26
2024062604008613,RIDI,46,18,10.0,163.5,1635.0,2024-06-26
2024062603016790,MPFL,32,57,370.0,513.2,189884.0,2024-06-26
2024062603016789,MPFL,37,57,130.0,513.5,66755.0,2024-06-26
2024062603016788,ACLBSL,57,41,18.0,1080.0,19440.0,2024-06-26
2024062603016787,ACLBSL,57,19,32.0,1079.9,34556.8,2024-06-26
2024062603016786,ACLBSL,57,19,50.0,1079.9,53995.0,2024-06-26
2024062601025075,MANDU,65,26,100.0,1050.0,105000.0,2024-06-26
2024062603016785,CFCL,50,72,10.0,461.0,4610.0,2024-06-26
2024062603016784,NABBC,22,56,10.0,547.0,5470.0,2024-06-26
2024062603016783,ILBS,34,70,127.0,1235.9,156959.3,2024-06-26
2024062603016782,ILBS,34,56,19.0,1235.0,23465.0,2024-06-26
2024062603016781,ILBS,34,39,70.0,1219.0,85330.0,2024-06-26
2024062603016780,ILBS,34,74,20.0,1216.2,24324.0,2024-06-26
2024062603016779,ILBS,34,51,264.0,1216.0,321024.0,2024-06-26
2024062601025074,BHL,42,64,100.0,361.0,36100.0,2024-06-26
2024062601025073,BHL,90,64,20.0,361.0,7220.0,2024-06-26
2024062601025072,BHL,44,64,33.0,361.0,11913.0,2024-06-26
2024062601025071,PPL,58,34,200.0,464.2,92840.0,2024-06-26
2024062603016778,GILB,34,38,10.0,1430.0,14300.0,2024-06-26
2024062603016777,SIFC,41,14,10.0,459.9,4599.0,2024-06-26
2024062603016776,NFS,41,35,300.0,1030.0,309000.0,2024-06-26
2024062603016775,NFS,41,32,960.0,1030.0,988800.0,2024-06-26
2024062603016774,NFS,41,92,2910.0,1025.0,2982750.0,2024-06-26
2024062603016773,NFS,41,25,17000.0,1020.0,17340000.0,2024-06-26
2024062601025070,SRLI,4,49,10.0,430.0,4300.0,2024-06-26
2024062601025069,NWCL,65,62,61.0,877.0,53497.0,2024-06-26
2024062601025068,NWCL,65,34,10.0,875.0,8750.0,2024-06-26
2024062601025067,NWCL,65,47,10.0,874.0,8740.0,2024-06-26
2024062601025066,NWCL,65,58,10.0,870.0,8700.0,2024-06-26
2024062601025065,NWCL,65,11,10.0,870.0,8700.0,2024-06-26
2024062601025064,NWCL,65,54,60.0,870.0,52200.0,2024-06-26
2024062601025063,NWCL,65,7,315.0,870.0,274050.0,2024-06-26
2024062601025062,NWCL,65,34,24.0,869.0,20856.0,2024-06-26
2024062601025061,BGWT,65,65,200.0,950.0,190000.0,2024-06-26
2024062601025060,BGWT,65,54,40.0,949.0,37960.0,2024-06-26
2024062601025059,BGWT,65,57,80.0,948.9,75912.0,2024-06-26
2024062601025058,BGWT,65,51,80.0,948.0,75840.0,2024-06-26
2024062603016772,CORBL,14,13,65.0,526.9,34248.5,2024-06-26
2024062603016771,CORBL,14,33,40.0,522.0,20880.0,2024-06-26
2024062603016770,PFL,59,41,104.0,642.0,66768.0,2024-06-26
2024062604008612,CHL,86,38,10.0,316.7,3167.0,2024-06-26
2024062601025057,IHL,49,25,290.0,430.3,124787.0,2024-06-26
2024062604008611,HEI,26,33,16.0,580.1,9281.6,2024-06-26
2024062604008610,HEI,34,33,100.0,580.2,58020.0,2024-06-26
2024062604008609,HEI,60,33,100.0,580.2,58020.0,2024-06-26
2024062604008608,HEI,56,33,20.0,581.0,11620.0,2024-06-26
2024062604008607,HEI,54,33,14.0,581.0,8134.0,2024-06-26
2024062603016769,NFS,29,92,50.0,1025.0,51250.0,2024-06-26
2024062601025056,PRVU,33,25,10.0,139.9,1399.0,2024-06-26
2024062603016768,GILB,62,42,90.0,1426.1,128349.0,2024-06-26
2024062603016767,NFS,72,92,10.0,1025.0,10250.0,2024-06-26
2024062603016766,NFS,72,92,10.0,1025.0,10250.0,2024-06-26
2024062603016765,ALBSL,55,8,12.0,983.0,11796.0,2024-06-26
2024062603016764,ALBSL,55,58,10.0,983.0,9830.0,2024-06-26
2024062601025055,USHEC,49,58,10.0,475.0,4750.0,2024-06-26
2024062603016763,NFS,49,92,10.0,1025.0,10250.0,2024-06-26
2024062605004299,NRIC,49,34,291.0,636.8,185308.8,2024-06-26
2024062601025054,BHDC,49,81,10.0,587.9,5879.0,2024-06-26
2024062603016762,NFS,49,92,10.0,1025.0,10250.0,2024-06-26
2024062603016761,SDLBSL,62,74,10.0,1215.0,12150.0,2024-06-26
2024062603016760,SDLBSL,62,74,178.0,1215.0,216270.0,2024-06-26
2024062603016759,SDLBSL,62,58,80.0,1198.5,95880.0,2024-06-26
2024062603016758,SDLBSL,62,36,181.0,1195.0,216295.0,2024-06-26
2024062603016757,SDLBSL,62,10,200.0,1191.0,238200.0,2024-06-26
2024062603016756,SDLBSL,62,35,80.0,1191.0,95280.0,2024-06-26
2024062603016755,SDLBSL,62,17,20.0,1190.0,23800.0,2024-06-26
2024062603016754,SDLBSL,62,4,150.0,1180.0,177000.0,2024-06-26
2024062603016753,SDLBSL,62,45,111.0,1169.0,129759.0,2024-06-26
2024062603016752,GILB,58,38,20.0,1430.0,28600.0,2024-06-26
2024062604008606,SSHL,58,89,1000.0,192.0,192000.0,2024-06-26
2024062604008605,SSHL,58,7,1000.0,192.0,192000.0,2024-06-26
2024062604008604,SSHL,58,25,100.0,188.8,18880.0,2024-06-26
2024062604008603,SSHL,58,38,200.0,188.8,37760.0,2024-06-26
2024062604008602,SSHL,58,50,50.0,188.8,9440.0,2024-06-26
2024062604008601,SSHL,58,38,200.0,188.7,37740.0,2024-06-26
2024062604008600,SSHL,58,17,5000.0,188.0,940000.0,2024-06-26
2024062604008599,SSHL,58,14,1000.0,188.0,188000.0,2024-06-26
2024062604008598,SSHL,58,58,300.0,188.0,56400.0,2024-06-26
2024062604008597,SSHL,58,43,1065.0,183.6,195534.0,2024-06-26
2024062604008596,SSHL,58,14,200.0,183.6,36720.0,2024-06-26
2024062604008595,SSHL,58,58,1000.0,183.6,183600.0,2024-06-26
2024062604008594,SSHL,58,57,550.0,183.0,100650.0,2024-06-26
2024062604008593,SSHL,58,16,50.0,183.0,9150.0,2024-06-26
2024062604008592,SSHL,58,49,100.0,183.0,18300.0,2024-06-26
2024062604008591,SSHL,58,20,450.0,183.0,82350.0,2024-06-26
2024062604008590,SSHL,58,17,200.0,183.0,36600.0,2024-06-26
2024062604008589,SSHL,58,56,200.0,183.0,36600.0,2024-06-26
2024062604008588,SSHL,58,44,50.0,183.0,9150.0,2024-06-26
2024062604008587,SSHL,58,48,1280.0,183.0,234240.0,2024-06-26
2024062604008586,SSHL,58,44,20.0,183.0,3660.0,2024-06-26
2024062604008585,SSHL,58,36,50.0,183.0,9150.0,2024-06-26
2024062604008584,SSHL,58,28,300.0,183.0,54900.0,2024-06-26
2024062604008583,SSHL,58,50,50.0,183.0,9150.0,2024-06-26
2024062604008582,SSHL,58,59,100.0,183.0,18300.0,2024-06-26
2024062604008581,SSHL,58,8,500.0,182.9,91450.0,2024-06-26
2024062604008580,SSHL,58,58,2000.0,182.9,365800.0,2024-06-26
2024062604008579,SSHL,58,44,20.0,182.7,3654.0,2024-06-26
2024062604008578,SSHL,58,29,500.0,182.5,91250.0,2024-06-26
2024062604008577,SSHL,58,32,100.0,182.5,18250.0,2024-06-26
2024062604008576,SSHL,58,58,500.0,182.5,91250.0,2024-06-26
2024062604008575,SSHL,58,49,10.0,182.4,1824.0,2024-06-26
2024062604008574,SSHL,58,59,500.0,182.4,91200.0,2024-06-26
2024062604008573,SSHL,58,58,25.0,182.0,4550.0,2024-06-26
2024062604008572,SSHL,58,55,150.0,182.0,27300.0,2024-06-26
2024062604008571,SSHL,58,55,1000.0,182.0,182000.0,2024-06-26
2024062604008570,SSHL,58,21,50.0,182.0,9100.0,2024-06-26
2024062604008569,SSHL,58,48,400.0,182.0,72800.0,2024-06-26
2024062604008568,SSHL,58,22,675.0,182.0,122850.0,2024-06-26
2024062604008567,SSHL,58,66,1000.0,182.0,182000.0,2024-06-26
2024062604008566,SSHL,58,25,700.0,181.5,127050.0,2024-06-26
2024062604008565,SSHL,58,69,300.0,181.5,54450.0,2024-06-26
2024062604008564,SSHL,58,32,500.0,181.5,90750.0,2024-06-26
2024062604008563,SSHL,58,46,500.0,181.5,90750.0,2024-06-26
2024062604008562,SSHL,58,36,60.0,181.4,10884.0,2024-06-26
2024062604008561,SSHL,58,59,1000.0,181.0,181000.0,2024-06-26
2024062604008560,SSHL,58,45,100.0,181.0,18100.0,2024-06-26
2024062604008559,SSHL,58,58,45.0,181.0,8145.0,2024-06-26
2024062604008558,SSHL,58,39,450.0,180.3,81135.0,2024-06-26
2024062604008557,SSHL,58,32,100.0,180.0,18000.0,2024-06-26
2024062604008556,SSHL,58,56,200.0,180.0,36000.0,2024-06-26
2024062604008555,SSHL,58,21,530.0,180.0,95400.0,2024-06-26
2024062604008554,SSHL,58,87,1000.0,180.0,180000.0,2024-06-26
2024062604008553,SSHL,58,39,500.0,180.0,90000.0,2024-06-26
2024062604008552,SSHL,58,39,325.0,180.0,58500.0,2024-06-26
2024062604008551,SSHL,58,16,50.0,179.9,8995.0,2024-06-26
2024062604008550,SSHL,58,16,50.0,179.9,8995.0,2024-06-26
2024062604008549,SSHL,58,45,50.0,179.5,8975.0,2024-06-26
2024062604008548,SSHL,58,45,500.0,179.0,89500.0,2024-06-26
2024062604008547,SSHL,58,56,100.0,179.0,17900.0,2024-06-26
2024062604008546,SSHL,58,57,675.0,179.0,120825.0,2024-06-26
2024062604008545,SSHL,58,56,166.0,178.9,29697.4,2024-06-26
2024062604008544,SSHL,58,45,200.0,178.4,35680.0,2024-06-26
2024062604008543,SSHL,58,49,100.0,178.3,17830.0,2024-06-26
2024062604008542,SSHL,58,26,1000.0,178.3,178300.0,2024-06-26
2024062604008541,SSHL,58,16,500.0,178.3,89150.0,2024-06-26
2024062604008540,SSHL,58,26,400.0,178.3,71320.0,2024-06-26
2024062604008539,SSHL,58,58,100.0,178.0,17800.0,2024-06-26
2024062604008538,SSHL,58,49,204.0,178.0,36312.0,2024-06-26
2024062604008537,SSHL,58,25,200.0,178.0,35600.0,2024-06-26
2024062604008536,SSHL,58,26,300.0,177.4,53220.0,2024-06-26
2024062604008535,SSHL,58,49,200.0,177.4,35480.0,2024-06-26
2024062604008534,SSHL,58,62,1000.0,177.0,177000.0,2024-06-26
2024062604008533,SSHL,58,6,25.0,177.0,4425.0,2024-06-26
2024062604008532,SSHL,58,59,425.0,177.0,75225.0,2024-06-26
2024062604008531,SSHL,58,35,100.0,177.0,17700.0,2024-06-26
2024062604008530,SSHL,58,68,1510.0,176.9,267119.0,2024-06-26
2024062604008529,SSHL,58,22,900.0,176.8,159120.0,2024-06-26
2024062604008528,SSHL,58,45,500.0,176.4,88200.0,2024-06-26
2024062604008527,SSHL,58,28,300.0,175.0,52500.0,2024-06-26
2024062604008526,SSHL,58,54,150.0,175.0,26250.0,2024-06-26
2024062604008525,SSHL,58,38,140.0,175.0,24500.0,2024-06-26
2024062601025053,BHPL,58,38,20.0,665.0,13300.0,2024-06-26
2024062601025052,NYADI,32,38,85.0,326.9,27786.5,2024-06-26
2024062601025051,NYADI,58,38,30.0,327.0,9810.0,2024-06-26
2024062601025050,NYADI,42,38,200.0,327.0,65400.0,2024-06-26
2024062601025049,NYADI,32,38,50.0,327.0,16350.0,2024-06-26
2024062601025048,NYADI,32,38,25.0,328.0,8200.0,2024-06-26
2024062601025047,JALPA,13,47,10.0,1320.0,13200.0,2024-06-26
2024062601025046,MEHL,38,25,50.0,347.0,17350.0,2024-06-26
2024062601025045,MEHL,38,48,200.0,347.0,69400.0,2024-06-26
2024062601025044,MEHL,38,38,50.0,346.0,17300.0,2024-06-26
2024062604008524,CHL,11,56,11.0,313.7,3450.7,2024-06-26
2024062603016751,SIFC,56,14,10.0,459.9,4599.0,2024-06-26
2024062604008523,CHCL,10,65,10.0,435.0,4350.0,2024-06-26
2024062601025043,MKJC,71,52,10.0,624.9,6249.0,2024-06-26
2024062604008522,SALICO,39,34,10.0,681.0,6810.0,2024-06-26
2024062603016750,ILBS,34,68,32.0,1212.0,38784.0,2024-06-26
2024062603016749,JBBL,51,35,537.0,284.2,152615.4,2024-06-26
2024062603016748,JBBL,38,35,30.0,285.0,8550.0,2024-06-26
2024062601025042,SBI,5,8,50.0,290.0,14500.0,2024-06-26
2024062601025041,SBL,50,86,110.0,242.0,26620.0,2024-06-26
2024062604008521,SPDL,45,45,971.0,237.4,230515.4,2024-06-26
2024062601025040,CYCL,48,14,10.0,1500.0,15000.0,2024-06-26
2024062601025039,MANDU,65,69,381.0,1050.0,400050.0,2024-06-26
2024062601025038,VLUCL,34,6,20.0,514.8,10296.0,2024-06-26
2024062603016747,SLBSL,16,59,20.0,1245.0,24900.0,2024-06-26
2024062605004298,ENL,48,42,10.0,985.1,9851.0,2024-06-26
2024062601025037,SONA,48,45,20.0,434.0,8680.0,2024-06-26
2024062601025036,DORDI,14,1,30.0,428.0,12840.0,2024-06-26
2024062603016746,NFS,22,32,40.0,1034.0,41360.0,2024-06-26
2024062601025035,DORDI,32,1,20.0,428.0,8560.0,2024-06-26
2024062601025034,MANDU,65,69,63.0,1050.0,66150.0,2024-06-26
2024062603016745,GRDBL,88,1,24.0,443.1,10634.4,2024-06-26
2024062601025033,GVL,66,49,674.0,609.5,410803.0,2024-06-26
2024062601025032,GVL,66,51,10.0,609.4,6094.0,2024-06-26
2024062601025031,GVL,66,1,10.0,609.0,6090.0,2024-06-26
2024062601025030,GVL,66,58,10.0,609.0,6090.0,2024-06-26
2024062601025029,GVL,66,51,504.0,609.0,306936.0,2024-06-26
2024062601025028,GVL,66,19,10.0,609.0,6090.0,2024-06-26
2024062601025027,GVL,66,58,10.0,609.0,6090.0,2024-06-26
2024062601025026,GVL,66,35,10.0,609.0,6090.0,2024-06-26
2024062601025025,GVL,66,56,50.0,609.0,30450.0,2024-06-26
2024062601025024,GVL,66,45,10.0,608.9,6089.0,2024-06-26
2024062601025023,GVL,66,22,10.0,608.9,6089.0,2024-06-26
2024062601025022,GVL,66,14,300.0,608.9,182670.0,2024-06-26
2024062601025021,GVL,66,35,10.0,608.9,6089.0,2024-06-26
2024062601025020,GVL,66,80,382.0,608.0,232256.0,2024-06-26
2024062604008520,UMRH,45,6,10000.0,420.0,4200000.0,2024-06-26
2024062604008519,SHPC,58,49,685.0,320.3,219405.5,2024-06-26
2024062603016744,GMFBS,62,87,10.0,1714.0,17140.0,2024-06-26
2024062601025019,GVL,66,43,20.0,598.0,11960.0,2024-06-26
2024062601025018,GVL,80,43,80.0,603.0,48240.0,2024-06-26
2024062603016743,JSLBB,54,14,15.0,1396.0,20940.0,2024-06-26
2024062601025017,MEHL,58,38,30.0,346.0,10380.0,2024-06-26
2024062603016742,KLBSL,58,29,216.0,1000.0,216000.0,2024-06-26
2024062603016741,KLBSL,58,44,100.0,1000.0,100000.0,2024-06-26
2024062603016740,NFS,22,13,4960.0,1034.0,5128640.0,2024-06-26
2024062603016739,ICFC,58,38,30.0,546.3,16389.0,2024-06-26
2024062603016738,ICFC,94,38,70.0,546.3,38241.0,2024-06-26
2024062603016737,ICFC,94,38,30.0,546.3,16389.0,2024-06-26
2024062603016736,ICFC,59,38,30.0,546.5,16395.0,2024-06-26
2024062601025016,AVYAN,58,77,10.0,939.1,9391.0,2024-06-26
2024062601025015,BHL,77,47,50.0,364.0,18200.0,2024-06-26
2024062601025014,SARBTM,71,38,10.0,783.0,7830.0,2024-06-26
2024062603016735,VLBS,71,28,10.0,1037.9,10379.0,2024-06-26
2024062603016734,VLBS,71,39,100.0,1029.9,102990.0,2024-06-26
2024062601025013,PCBL,44,56,20.0,194.9,3898.0,2024-06-26
2024062601025012,PCBL,44,58,600.0,194.0,116400.0,2024-06-26
2024062601025011,HDL,44,34,20.0,1203.0,24060.0,2024-06-26
2024062605004297,NMB50,78,60,20000.0,10.0,200000.0,2024-06-26
2024062605004296,NTC,57,51,10.0,812.9,8129.0,2024-06-26
2024062604008518,NGPL,45,37,10.0,308.0,3080.0,2024-06-26
2024062603016733,WNLB,45,25,10.0,1464.0,14640.0,2024-06-26
2024062603016732,GMFIL,51,34,10.0,440.0,4400.0,2024-06-26
2024062601025010,MANDU,65,4,591.0,1050.0,620550.0,2024-06-26
2024062603016731,BFC,4,53,10.0,468.0,4680.0,2024-06-26
2024062605004295,NRN,48,80,10.0,680.0,6800.0,2024-06-26
2024062601025009,RAWA,48,6,10.0,574.0,5740.0,2024-06-26
2024062603016730,CFCL,34,72,10.0,461.0,4610.0,2024-06-26
2024062601025008,BHPL,22,34,100.0,660.0,66000.0,2024-06-26
2024062605004294,HIDCL,59,32,10.0,160.6,1606.0,2024-06-26
2024062603016729,PFL,42,41,75.0,642.0,48150.0,2024-06-26
2024062601025007,BHPL,22,42,340.0,660.0,224400.0,2024-06-26
2024062604008517,SPIL,19,80,665.0,779.0,518035.0,2024-06-26
2024062604008516,SPIL,19,5,335.0,778.9,260931.5,2024-06-26
2024062603016728,KRBL,62,7,70.0,455.8,31906.0,2024-06-26
2024062603016727,KRBL,62,58,60.0,455.0,27300.0,2024-06-26
2024062603016726,KRBL,62,6,100.0,455.0,45500.0,2024-06-26
2024062603016725,KRBL,62,42,70.0,454.0,31780.0,2024-06-26
2024062601025006,KDL,62,35,50.0,1177.0,58850.0,2024-06-26
2024062601025005,KDL,62,58,10.0,1177.0,11770.0,2024-06-26
2024062601025004,KDL,62,5,40.0,1177.0,47080.0,2024-06-26
2024062603016724,KRBL,62,42,30.0,454.0,13620.0,2024-06-26
2024062603016723,KRBL,62,7,10.0,453.9,4539.0,2024-06-26
2024062603016722,KRBL,62,21,210.0,453.0,95130.0,2024-06-26
2024062603016721,GMFBS,41,62,20.0,1644.7,32894.0,2024-06-26
2024062603016720,KRBL,52,21,12.0,453.0,5436.0,2024-06-26
2024062603016719,SFCL,7,47,133.0,440.0,58520.0,2024-06-26
2024062603016718,SFCL,58,47,50.0,440.0,22000.0,2024-06-26
2024062603016717,SFCL,34,47,17.0,440.0,7480.0,2024-06-26
2024062601025003,ADBL,43,14,142.0,263.0,37346.0,2024-06-26
2024062601025002,HDL,58,34,10.0,1203.0,12030.0,2024-06-26
2024062603016716,BFC,45,8,60.0,467.2,28032.0,2024-06-26
2024062603016715,SDLBSL,21,56,10.0,1168.1,11681.0,2024-06-26
2024062603016714,SFCL,71,60,10.0,441.0,4410.0,2024-06-26
2024062603016713,GFCL,55,10,150.0,617.3,92595.0,2024-06-26
2024062603016712,ILBS,44,51,10.0,1216.0,12160.0,2024-06-26
2024062601025001,USHEC,67,58,60.0,475.0,28500.0,2024-06-26
2024062601025000,USHEC,67,48,40.0,474.9,18996.0,2024-06-26
2024062603016711,GILB,67,38,10.0,1430.0,14300.0,2024-06-26
2024062603016710,CBBL,58,63,22.0,830.0,18260.0,2024-06-26
2024062603016709,CBBL,40,63,43.0,830.1,35694.3,2024-06-26
2024062603016708,CBBL,17,63,15.0,830.1,12451.5,2024-06-26
2024062603016707,CBBL,28,63,170.0,830.1,141117.0,2024-06-26
2024062603016706,CBBL,54,63,50.0,830.2,41510.0,2024-06-26
2024062601024999,RAWA,45,18,12.0,565.9,6790.8,2024-06-26
2024062601024998,MHCL,50,32,342.0,410.0,140220.0,2024-06-26
2024062601024997,MHCL,50,58,10.0,409.9,4099.0,2024-06-26
2024062601024996,MHCL,50,18,10.0,409.4,4094.0,2024-06-26
2024062601024995,MHCL,50,56,100.0,408.0,40800.0,2024-06-26
2024062601024994,MHCL,50,44,28.0,408.0,11424.0,2024-06-26
2024062603016705,RLFL,45,81,733.0,422.3,309545.9,2024-06-26
2024062605004293,HIDCL,7,41,1242.0,159.8,198471.6,2024-06-26
2024062605004292,HIDCL,58,41,100.0,159.8,15980.0,2024-06-26
2024062605004291,HIDCL,86,41,500.0,159.9,79950.0,2024-06-26
2024062605004290,HIDCL,32,41,200.0,159.9,31980.0,2024-06-26
2024062605004289,HIDCL,20,41,100.0,159.9,15990.0,2024-06-26
2024062605004288,HIDCL,20,41,232.0,159.9,37096.8,2024-06-26
2024062605004287,HIDCL,26,41,300.0,160.0,48000.0,2024-06-26
2024062605004286,HIDCL,43,41,50.0,160.0,8000.0,2024-06-26
2024062605004285,HIDCL,10,41,200.0,160.0,32000.0,2024-06-26
2024062605004284,HIDCL,35,41,200.0,160.0,32000.0,2024-06-26
2024062605004283,HIDCL,52,41,1000.0,160.0,160000.0,2024-06-26
2024062605004282,HIDCL,14,41,50.0,160.0,8000.0,2024-06-26
2024062605004281,HIDCL,36,41,200.0,160.0,32000.0,2024-06-26
2024062601024993,GBIME,41,42,10.0,173.0,1730.0,2024-06-26
2024062601024992,GBIME,41,35,10.0,172.5,1725.0,2024-06-26
2024062601024991,UHEWA,65,32,10.0,472.2,4722.0,2024-06-26
2024062601024990,RNLI,38,4,149.0,420.1,62594.9,2024-06-26
2024062601024989,CLI,16,44,525.0,479.9,251947.5,2024-06-26
2024062601024988,CLI,16,44,475.0,479.9,227952.5,2024-06-26
2024062601024987,CITY,34,57,10.0,689.0,6890.0,2024-06-26
2024062601024986,NIMB,34,37,71.0,151.9,10784.9,2024-06-26
2024062604008515,SHPC,58,59,53.0,320.3,16975.9,2024-06-26
2024062603016704,GFCL,55,34,35.0,617.3,21605.5,2024-06-26
2024062603016703,GFCL,7,34,100.0,618.0,61800.0,2024-06-26
2024062603016702,GFCL,13,34,200.0,619.0,123800.0,2024-06-26
2024062603016701,GFCL,43,34,50.0,619.0,30950.0,2024-06-26
2024062603016700,GFCL,51,34,200.0,619.0,123800.0,2024-06-26
2024062603016699,GFCL,35,34,415.0,619.0,256885.0,2024-06-26
2024062601024985,MEL,34,19,10.0,223.0,2230.0,2024-06-26
2024062603016698,NFS,74,39,2090.0,1034.2,2161478.0,2024-06-26
2024062603016697,NFS,74,25,1000.0,1020.0,1020000.0,2024-06-26
2024062603016696,NFS,74,40,1500.0,946.0,1419000.0,2024-06-26
2024062603016695,NFS,74,32,2000.0,945.5,1891000.0,2024-06-26
2024062603016694,NFS,74,26,2500.0,944.6,2361500.0,2024-06-26
2024062603016693,NFS,74,22,50.0,944.0,47200.0,2024-06-26
2024062603016692,NFS,74,96,1000.0,944.0,944000.0,2024-06-26
2024062603016691,NFS,74,45,500.0,943.0,471500.0,2024-06-26
2024062603016690,NFS,74,45,1000.0,943.0,943000.0,2024-06-26
2024062603016689,NFS,74,3,1000.0,943.0,943000.0,2024-06-26
2024062603016688,NFS,74,16,100.0,942.0,94200.0,2024-06-26
2024062603016687,NFS,74,74,500.0,942.0,471000.0,2024-06-26
2024062603016686,NFS,74,51,50.0,942.0,47100.0,2024-06-26
2024062603016685,NFS,74,40,1002.0,942.0,943884.0,2024-06-26
2024062603016684,NFS,74,13,600.0,940.2,564120.0,2024-06-26
2024062603016683,NFS,74,51,500.0,940.0,470000.0,2024-06-26
2024062603016682,NFS,74,22,1000.0,940.0,940000.0,2024-06-26
2024062603016681,NFS,74,34,500.0,940.0,470000.0,2024-06-26
2024062603016680,NFS,74,3,55.0,940.0,51700.0,2024-06-26
2024062603016679,NFS,74,35,60.0,940.0,56400.0,2024-06-26
2024062603016678,NFS,74,45,47.0,940.0,44180.0,2024-06-26
2024062603016677,NFS,74,32,2000.0,939.9,1879800.0,2024-06-26
2024062603016676,NFS,74,7,55.0,939.9,51694.5,2024-06-26
2024062603016675,NFS,74,40,1000.0,939.0,939000.0,2024-06-26
2024062603016674,NFS,74,58,10.0,939.0,9390.0,2024-06-26
2024062603016673,NFS,74,17,100.0,938.0,93800.0,2024-06-26
2024062603016672,NFS,74,33,50.0,935.0,46750.0,2024-06-26
2024062603016671,NFS,74,39,10.0,931.2,9312.0,2024-06-26
2024062603016670,NFS,74,39,10.0,931.1,9311.0,2024-06-26
2024062603016669,NFS,74,49,170.0,930.0,158100.0,2024-06-26
2024062603016668,NFS,74,39,20.0,930.0,18600.0,2024-06-26
2024062603016667,NFS,74,51,111.0,929.9,103218.9,2024-06-26
2024062603016666,NFS,74,34,314.0,929.0,291706.0,2024-06-26
2024062603016665,NFS,74,46,46.0,929.0,42734.0,2024-06-26
2024062603016664,NFS,74,4,40.0,928.0,37120.0,2024-06-26
2024062603016663,NFS,74,62,10.0,928.0,9280.0,2024-06-26
2024062601024984,BEDC,88,35,70.0,432.0,30240.0,2024-06-26
2024062601024983,BEDC,88,38,110.0,432.0,47520.0,2024-06-26
2024062601024982,BEDC,88,55,100.0,432.0,43200.0,2024-06-26
2024062601024981,BEDC,88,11,100.0,432.0,43200.0,2024-06-26
2024062601024980,BEDC,88,34,20.0,430.0,8600.0,2024-06-26
2024062601024979,BEDC,88,36,500.0,430.0,215000.0,2024-06-26
2024062603016662,GFCL,35,32,143.0,619.0,88517.0,2024-06-26
2024062601024978,NRM,32,58,30.0,390.9,11727.0,2024-06-26
2024062601024977,NRM,32,34,10.0,390.8,3908.0,2024-06-26
2024062601024976,NRM,32,34,10.0,390.7,3907.0,2024-06-26
2024062601024975,NRM,32,34,10.0,390.6,3906.0,2024-06-26
2024062601024974,NRM,32,57,100.0,390.0,39000.0,2024-06-26
2024062601024973,NRM,32,38,10.0,390.0,3900.0,2024-06-26
2024062601024972,NRM,32,28,130.0,390.0,50700.0,2024-06-26
2024062601024971,NRM,32,13,10.0,389.0,3890.0,2024-06-26
2024062601024970,NRM,32,43,140.0,389.0,54460.0,2024-06-26
2024062603016661,HLI,20,29,10.0,374.9,3749.0,2024-06-26
2024062601024969,HHL,32,20,100.0,370.0,37000.0,2024-06-26
2024062605004280,HIDCL,42,32,10.0,160.6,1606.0,2024-06-26
2024062603016660,ACLBSL,42,19,19.0,1079.9,20518.1,2024-06-26
2024062604008514,SSHL,43,42,300.0,174.0,52200.0,2024-06-26
2024062601024968,HDL,55,34,20.0,1203.0,24060.0,2024-06-26
2024062603016659,SFCL,28,60,100.0,441.0,44100.0,2024-06-26
2024062603016658,LBBL,1,45,100.0,378.0,37800.0,2024-06-26
2024062603016657,LBBL,1,59,400.0,378.0,151200.0,2024-06-26
2024062601024967,SHLB,4,17,30.0,1760.0,52800.0,2024-06-26
2024062603016656,RLFL,17,81,45.0,422.3,19003.5,2024-06-26
2024062601024966,SAHAS,36,47,40.0,508.0,20320.0,2024-06-26
2024062601024965,GVL,80,80,100.0,608.0,60800.0,2024-06-26
2024062601024964,GVL,36,80,18.0,608.0,10944.0,2024-06-26
2024062603016655,PROFL,56,54,1000.0,406.0,406000.0,2024-06-26
2024062605004279,CIT,1,96,27.0,2096.0,56592.0,2024-06-26
2024062605004278,CIT,34,96,20.0,2096.0,41920.0,2024-06-26
2024062605004277,CIT,50,96,83.0,2096.0,173968.0,2024-06-26
2024062605004276,SMATA,77,17,110.0,1007.0,110770.0,2024-06-26
2024062601024963,SPL,6,56,10.0,766.0,7660.0,2024-06-26
2024062603016654,GMFBS,58,87,87.0,1714.0,149118.0,2024-06-26
2024062603016653,GMFBS,58,57,50.0,1714.0,85700.0,2024-06-26
2024062603016652,GMFBS,58,32,50.0,1701.4,85070.0,2024-06-26
2024062603016651,GMFBS,58,51,11.0,1700.0,18700.0,2024-06-26
2024062603016650,GMFBS,58,46,14.0,1699.0,23786.0,2024-06-26
2024062603016649,GMFBS,58,17,10.0,1693.0,16930.0,2024-06-26
2024062603016648,GMFBS,58,6,101.0,1693.0,170993.0,2024-06-26
2024062603016647,GMFBS,58,35,58.0,1693.0,98194.0,2024-06-26
2024062603016646,GMFBS,58,18,200.0,1692.0,338400.0,2024-06-26
2024062603016645,GMFBS,58,41,14.0,1690.0,23660.0,2024-06-26
2024062603016644,GMFBS,58,6,111.0,1690.0,187590.0,2024-06-26
2024062603016643,GMFBS,58,57,14.0,1677.1,23479.4,2024-06-26
2024062603016642,GMFBS,58,57,200.0,1677.0,335400.0,2024-06-26
2024062603016641,GMFBS,58,60,80.0,1675.0,134000.0,2024-06-26
2024062603016640,GLBSL,58,58,20.0,1789.0,35780.0,2024-06-26
2024062601024962,EBL,44,45,10.0,524.0,5240.0,2024-06-26
2024062604008513,JOSHI,72,39,500.0,290.1,145050.0,2024-06-26
2024062604008512,JOSHI,45,39,50.0,290.1,14505.0,2024-06-26
2024062604008511,JOSHI,38,39,100.0,290.2,29020.0,2024-06-26
2024062604008510,JOSHI,55,39,15.0,290.2,4353.0,2024-06-26
2024062604008509,JOSHI,57,39,16.0,290.3,4644.8,2024-06-26
2024062604008508,JOSHI,45,39,10.0,290.5,2905.0,2024-06-26
2024062603016639,GMFBS,18,60,10.0,1675.0,16750.0,2024-06-26
2024062601024961,SBI,5,8,11.0,290.0,3190.0,2024-06-26
2024062604008507,UPCL,35,38,24.0,189.7,4552.8,2024-06-26
2024062604008506,UPCL,35,38,54.0,189.0,10206.0,2024-06-26
2024062604008505,UPCL,35,6,25.0,189.0,4725.0,2024-06-26
2024062605004275,NIFRA,38,57,50.0,190.3,9515.0,2024-06-26
2024062604008504,AHPC,26,11,10.0,152.0,1520.0,2024-06-26
2024062603016638,GMFBS,22,60,10.0,1675.0,16750.0,2024-06-26
2024062603016637,RLFL,45,81,260.0,422.3,109798.0,2024-06-26
2024062601024960,MSHL,43,45,10.0,652.0,6520.0,2024-06-26
2024062601024959,MSHL,58,45,40.0,652.0,26080.0,2024-06-26
2024062603016636,SWMF,34,65,139.0,885.0,123015.0,2024-06-26
2024062605004274,HRL,3,51,10.0,535.5,5355.0,2024-06-26
2024062601024958,MEHL,16,38,40.0,346.0,13840.0,2024-06-26
2024062601024957,MEHL,16,48,120.0,346.0,41520.0,2024-06-26
2024062601024956,MEHL,16,48,90.0,345.0,31050.0,2024-06-26
2024062603016635,JFL,33,14,210.0,578.0,121380.0,2024-06-26
2024062603016634,MFIL,59,14,24.0,538.1,12914.4,2024-06-26
2024062603016633,MFIL,26,14,100.0,538.1,53810.0,2024-06-26
2024062603016632,MFIL,46,14,390.0,538.2,209898.0,2024-06-26
2024062603016631,MFIL,21,14,100.0,538.9,53890.0,2024-06-26
2024062603016630,MFIL,53,14,200.0,539.0,107800.0,2024-06-26
2024062603016629,MFIL,48,14,48.0,539.1,25876.8,2024-06-26
2024062603016628,MFIL,75,14,86.0,539.2,46371.2,2024-06-26
2024062603016627,MFIL,45,14,52.0,540.0,28080.0,2024-06-26
2024062601024955,MCHL,34,4,10.0,435.0,4350.0,2024-06-26
2024062601024954,SONA,32,59,24.0,434.0,10416.0,2024-06-26
2024062601024953,SONA,32,32,20.0,433.9,8678.0,2024-06-26
2024062601024952,SMH,29,47,10.0,816.0,8160.0,2024-06-26
2024062601024951,EBL,33,45,10.0,524.0,5240.0,2024-06-26
2024062601024950,EBL,33,18,100.0,524.0,52400.0,2024-06-26
2024062601024949,MCHL,70,4,40.0,435.0,17400.0,2024-06-26
2024062601024948,MCHL,70,58,10.0,435.0,4350.0,2024-06-26
2024062601024947,MCHL,70,21,100.0,434.0,43400.0,2024-06-26
2024062601024946,MCHL,70,57,100.0,434.0,43400.0,2024-06-26
2024062601024945,MCHL,70,88,130.0,433.0,56290.0,2024-06-26
2024062601024944,MCHL,70,41,10.0,433.0,4330.0,2024-06-26
2024062601024943,MCHL,70,42,50.0,432.0,21600.0,2024-06-26
2024062601024942,MCHL,70,42,50.0,431.9,21595.0,2024-06-26
2024062601024941,MCHL,70,34,50.0,431.9,21595.0,2024-06-26
2024062601024940,MCHL,70,42,200.0,431.0,86200.0,2024-06-26
2024062601024939,MCHL,70,43,250.0,431.0,107750.0,2024-06-26
2024062601024938,MCHL,70,42,10.0,430.0,4300.0,2024-06-26
2024062601024937,SMHL,74,1,100.0,614.1,61410.0,2024-06-26
2024062601024936,TPC,63,66,10.0,541.4,5414.0,2024-06-26
2024062601024935,USHEC,11,49,36.0,470.0,16920.0,2024-06-26
2024062601024934,USHEC,14,49,200.0,470.0,94000.0,2024-06-26
2024062601024933,USHEC,28,49,15.0,470.0,7050.0,2024-06-26
2024062601024932,USHEC,71,49,10.0,470.0,4700.0,2024-06-26
2024062601024931,USHEC,28,49,10.0,470.0,4700.0,2024-06-26
2024062601024930,USHEC,28,49,20.0,470.0,9400.0,2024-06-26
2024062601024929,USHEC,38,49,89.0,470.0,41830.0,2024-06-26
2024062605004273,HIDCL,53,32,10.0,160.6,1606.0,2024-06-26
2024062601024928,MEHL,47,48,10.0,345.0,3450.0,2024-06-26
2024062603016626,RLFL,35,43,100.0,422.2,42220.0,2024-06-26
2024062603016625,KMCDB,77,45,189.0,1075.0,203175.0,2024-06-26
2024062603016624,KMCDB,77,5,411.0,1074.9,441783.9,2024-06-26
2024062604008503,UMRH,45,63,100.0,420.0,42000.0,2024-06-26
2024062601024927,BHPL,35,45,10.0,664.9,6649.0,2024-06-26
2024062604008502,UPCL,14,6,10.0,189.0,1890.0,2024-06-26
2024062604008501,MHNL,34,6,10.0,240.9,2409.0,2024-06-26
2024062604008500,BARUN,74,48,707.0,300.0,212100.0,2024-06-26
2024062603016623,JFL,33,59,450.0,578.0,260100.0,2024-06-26
2024062601024926,TSHL,29,91,10.0,546.9,5469.0,2024-06-26
2024062601024925,PRVU,33,28,210.0,138.7,29127.0,2024-06-26
2024062605004272,CHDC,32,8,10.0,1012.0,10120.0,2024-06-26
2024062604008499,HPPL,42,28,109.0,295.8,32242.2,2024-06-26
2024062604008498,HPPL,42,6,70.0,295.8,20706.0,2024-06-26
2024062604008497,HPPL,42,53,100.0,295.0,29500.0,2024-06-26
2024062604008496,HPPL,42,1,720.0,295.0,212400.0,2024-06-26
2024062604008495,HPPL,42,45,100.0,295.0,29500.0,2024-06-26
2024062604008494,HPPL,42,58,110.0,295.0,32450.0,2024-06-26
2024062604008493,HPPL,42,47,338.0,295.0,99710.0,2024-06-26
2024062604008492,HPPL,42,53,500.0,295.0,147500.0,2024-06-26
2024062604008491,HPPL,42,59,200.0,294.9,58980.0,2024-06-26
2024062604008490,HPPL,42,5,500.0,294.9,147450.0,2024-06-26
2024062604008489,HPPL,42,54,200.0,294.8,58960.0,2024-06-26
2024062604008488,HPPL,42,34,100.0,294.5,29450.0,2024-06-26
2024062604008487,HPPL,42,52,100.0,294.5,29450.0,2024-06-26
2024062604008486,HPPL,42,45,100.0,294.4,29440.0,2024-06-26
2024062604008485,HPPL,42,18,100.0,294.0,29400.0,2024-06-26
2024062604008484,HPPL,42,17,100.0,294.0,29400.0,2024-06-26
2024062604008483,HPPL,42,3,300.0,293.9,88170.0,2024-06-26
2024062604008482,HPPL,42,70,1253.0,293.5,367755.5,2024-06-26
2024062603016622,ALICL,45,41,14.0,554.0,7756.0,2024-06-26
2024062603016621,ALICL,62,41,20.0,557.5,11150.0,2024-06-26
2024062605004271,CHDC,13,28,40.0,1003.0,40120.0,2024-06-26
2024062605004270,CHDC,39,28,100.0,1003.1,100310.0,2024-06-26
2024062605004269,CHDC,50,28,50.0,1004.0,50200.0,2024-06-26
2024062605004268,CHDC,36,28,10.0,1004.1,10041.0,2024-06-26
2024062604008481,MHNL,47,6,10.0,240.9,2409.0,2024-06-26
2024062604008480,API,47,74,170.0,168.5,28645.0,2024-06-26
2024062604008479,API,47,32,210.0,168.4,35364.0,2024-06-26
2024062604008478,API,47,5,500.0,168.4,84200.0,2024-06-26
2024062603016620,PROFL,56,47,300.0,406.0,121800.0,2024-06-26
2024062604008477,DHPL,3,49,10.0,205.7,2057.0,2024-06-26
2024062603016619,GFCL,35,10,50.0,619.0,30950.0,2024-06-26
2024062601024924,MBJC,48,63,280.0,298.4,83552.0,2024-06-26
2024062601024923,MBJC,48,63,120.0,298.5,35820.0,2024-06-26
2024062601024922,MKHL,34,35,30.0,461.0,13830.0,2024-06-26
2024062603016618,RLFL,35,35,100.0,422.2,42220.0,2024-06-26
2024062601024921,SIKLES,89,65,100.0,708.0,70800.0,2024-06-26
2024062603016617,MLBBL,40,39,10.0,1389.0,13890.0,2024-06-26
2024062601024920,SARBTM,14,57,10.0,777.0,7770.0,2024-06-26
2024062605004267,NRN,5,45,785.0,672.1,527598.5,2024-06-26
2024062605004266,NRN,45,45,500.0,672.1,336050.0,2024-06-26
2024062605004265,NRN,71,45,100.0,672.1,67210.0,2024-06-26
2024062605004264,NRN,29,45,200.0,672.3,134460.0,2024-06-26
2024062605004263,NRN,58,45,15.0,673.0,10095.0,2024-06-26
2024062605004262,NRN,52,45,100.0,673.0,67300.0,2024-06-26
2024062605004261,NRN,59,45,300.0,673.0,201900.0,2024-06-26
2024062603016616,GUFL,22,45,15.0,732.0,10980.0,2024-06-26
2024062603016615,GFCL,35,65,392.0,619.0,242648.0,2024-06-26
2024062603016614,NADEP,48,32,10.0,824.0,8240.0,2024-06-26
2024062603016613,MPFL,59,61,10.0,517.5,5175.0,2024-06-26
2024062604008476,UMRH,59,32,24.0,421.0,10104.0,2024-06-26
2024062604008475,UMRH,59,37,176.0,421.0,74096.0,2024-06-26
2024062604008474,UMRH,59,6,80.0,420.9,33672.0,2024-06-26
2024062601024919,SMHL,25,43,200.0,615.0,123000.0,2024-06-26
2024062601024918,ULHC,25,25,20.0,396.0,7920.0,2024-06-26
2024062603016612,SLBBL,48,32,50.0,812.4,40620.0,2024-06-26
2024062601024917,HBL,69,32,1377.0,174.2,239873.4,2024-06-26
2024062601024916,HBL,38,32,400.0,174.2,69680.0,2024-06-26
2024062601024915,HBL,26,32,1380.0,174.2,240396.0,2024-06-26
2024062601024914,HBL,22,32,300.0,174.3,52290.0,2024-06-26
2024062601024913,HBL,46,32,13.0,174.3,2265.9,2024-06-26
2024062601024912,HBL,49,32,500.0,174.4,87200.0,2024-06-26
2024062601024911,HBL,43,32,1000.0,174.5,174500.0,2024-06-26
2024062601024910,HBL,45,32,30.0,174.6,5238.0,2024-06-26
2024062605004260,NRIC,42,35,10.0,636.9,6369.0,2024-06-26
2024062603016611,HLBSL,49,6,238.0,1315.0,312970.0,2024-06-26
2024062603016610,HLBSL,49,42,350.0,1315.0,460250.0,2024-06-26
2024062603016609,HLBSL,49,47,347.0,1315.0,456305.0,2024-06-26
2024062603016608,HLBSL,49,34,65.0,1314.0,85410.0,2024-06-26
2024062601024909,GVL,80,38,10.0,608.9,6089.0,2024-06-26
2024062601024908,GVL,80,51,10.0,608.9,6089.0,2024-06-26
2024062601024907,GVL,80,1,75.0,608.9,45667.5,2024-06-26
2024062603016607,HLBSL,62,34,35.0,1314.0,45990.0,2024-06-26
2024062603016606,HLBSL,62,34,90.0,1313.0,118170.0,2024-06-26
2024062603016605,HLBSL,62,58,60.0,1310.0,78600.0,2024-06-26
2024062603016604,HLBSL,62,5,10.0,1310.0,13100.0,2024-06-26
2024062603016603,HLBSL,62,94,35.0,1310.0,45850.0,2024-06-26
2024062603016602,HLBSL,62,48,30.0,1305.0,39150.0,2024-06-26
2024062603016601,HLBSL,62,47,40.0,1303.0,52120.0,2024-06-26
2024062601024906,RAWA,45,85,250.0,565.9,141475.0,2024-06-26
2024062601024905,RAWA,39,85,50.0,566.0,28300.0,2024-06-26
2024062604008473,IGI,19,4,50.0,518.0,25900.0,2024-06-26
2024062601024904,MKHL,47,42,500.0,462.0,231000.0,2024-06-26
2024062601024903,SGHC,56,34,800.0,349.0,279200.0,2024-06-26
2024062601024902,SGHC,56,58,200.0,348.9,69780.0,2024-06-26
2024062603016600,MDB,58,51,10.0,507.4,5074.0,2024-06-26
2024062601024901,HHL,5,20,10.0,370.0,3700.0,2024-06-26
2024062601024900,HHL,5,49,10.0,370.0,3700.0,2024-06-26
2024062601024899,HHL,5,58,10.0,368.0,3680.0,2024-06-26
2024062603016599,MFIL,45,22,700.0,543.9,380730.0,2024-06-26
2024062605004259,CHDC,16,8,710.0,1012.0,718520.0,2024-06-26
2024062605004258,CHDC,16,71,90.0,1011.9,91071.0,2024-06-26
2024062605004257,CHDC,16,5,200.0,1011.0,202200.0,2024-06-26
2024062603016598,JFL,14,45,13.0,576.2,7490.6,2024-06-26
2024062603016597,JFL,42,45,87.0,577.0,50199.0,2024-06-26
2024062603016596,RLFL,14,81,200.0,422.3,84460.0,2024-06-26
2024062603016595,PFL,88,41,139.0,642.0,89238.0,2024-06-26
2024062603016594,SHINE,34,63,1540.0,380.0,585200.0,2024-06-26
2024062603016593,SHINE,34,35,210.0,379.4,79674.0,2024-06-26
2024062603016592,SHINE,34,36,250.0,379.0,94750.0,2024-06-26
2024062603016591,PFL,14,33,20.0,641.9,12838.0,2024-06-26
2024062601024898,NIMB,42,37,40.0,151.9,6076.0,2024-06-26
2024062604008472,SSHL,17,38,10.0,175.0,1750.0,2024-06-26
2024062601024897,VLUCL,45,49,310.0,511.7,158627.0,2024-06-26
2024062601024896,VLUCL,58,49,100.0,512.0,51200.0,2024-06-26
2024062601024895,VLUCL,21,49,390.0,512.0,199680.0,2024-06-26
2024062601024894,SPL,49,32,20.0,766.0,15320.0,2024-06-26
2024062603016590,GFCL,55,19,500.0,619.1,309550.0,2024-06-26
2024062603016589,GFCL,55,19,500.0,619.1,309550.0,2024-06-26
2024062603016588,GFCL,55,19,500.0,619.1,309550.0,2024-06-26
2024062603016587,GFCL,55,19,500.0,619.3,309650.0,2024-06-26
2024062603016586,KRBL,62,53,180.0,448.2,80676.0,2024-06-26
2024062603016585,KRBL,55,53,110.0,448.3,49313.0,2024-06-26
2024062603016584,KRBL,62,53,10.0,451.0,4510.0,2024-06-26
2024062603016583,PROFL,43,58,50.0,406.3,20315.0,2024-06-26
2024062601024893,ADBL,43,14,108.0,263.0,28404.0,2024-06-26
2024062601024892,ADBL,43,47,49.0,263.0,12887.0,2024-06-26
2024062601024891,ADBL,43,45,587.0,262.9,154322.3,2024-06-26
2024062601024890,ADBL,43,32,134.0,262.5,35175.0,2024-06-26
2024062601024889,ADBL,43,4,14.0,262.4,3673.6,2024-06-26
2024062603016582,USLB,96,50,10.0,1830.0,18300.0,2024-06-26
2024062603016581,USLB,96,67,20.0,1830.0,36600.0,2024-06-26
2024062603016580,USLB,96,55,10.0,1830.0,18300.0,2024-06-26
2024062603016579,USLB,96,58,10.0,1828.0,18280.0,2024-06-26
2024062603016578,JSLBB,56,14,10.0,1396.0,13960.0,2024-06-26
2024062601024888,MANDU,65,58,100.0,1050.0,105000.0,2024-06-26
2024062605004256,NRN,58,80,3664.0,680.0,2491520.0,2024-06-26
2024062605004255,NRN,58,41,40.0,680.0,27200.0,2024-06-26
2024062605004254,NRN,58,32,1000.0,680.0,680000.0,2024-06-26
2024062605004253,NRN,58,86,100.0,680.0,68000.0,2024-06-26
2024062605004252,NRN,58,7,250.0,680.0,170000.0,2024-06-26
2024062605004251,NRN,58,10,200.0,680.0,136000.0,2024-06-26
2024062605004250,NRN,58,36,50.0,680.0,34000.0,2024-06-26
2024062605004249,NRN,58,5,62.0,680.0,42160.0,2024-06-26
2024062605004248,NRN,58,88,1450.0,679.0,984550.0,2024-06-26
2024062605004247,NRN,58,38,40.0,679.0,27160.0,2024-06-26
2024062605004246,NRN,58,58,1000.0,679.0,679000.0,2024-06-26
2024062605004245,NRN,58,58,200.0,678.9,135780.0,2024-06-26
2024062605004244,NRN,58,17,300.0,677.9,203370.0,2024-06-26
2024062605004243,NRN,58,34,100.0,677.5,67750.0,2024-06-26
2024062605004242,NRN,58,74,600.0,677.4,406440.0,2024-06-26
2024062605004241,NRN,58,3,50.0,677.0,33850.0,2024-06-26
2024062605004240,NRN,58,58,154.0,676.0,104104.0,2024-06-26
2024062605004239,NRN,58,45,740.0,676.0,500240.0,2024-06-26
2024062601024887,MMKJL,58,26,100.0,509.9,50990.0,2024-06-26
2024062601024886,SBL,50,86,110.0,242.0,26620.0,2024-06-26
2024062603016577,NMFBS,22,13,10.0,1307.0,13070.0,2024-06-26
2024062603016576,MFIL,45,59,153.0,540.0,82620.0,2024-06-26
2024062603016575,MFIL,45,53,50.0,540.0,27000.0,2024-06-26
2024062603016574,MFIL,45,38,238.0,540.0,128520.0,2024-06-26
2024062601024885,NYADI,14,57,10.0,328.9,3289.0,2024-06-26
2024062601024884,HATHY,50,25,170.0,927.0,157590.0,2024-06-26
2024062601024883,RHGCL,32,34,20.0,354.9,7098.0,2024-06-26
2024062601024882,RHGCL,32,18,50.0,354.0,17700.0,2024-06-26
2024062601024881,RHGCL,32,43,250.0,352.8,88200.0,2024-06-26
2024062605004238,NRN,29,45,260.0,676.0,175760.0,2024-06-26
2024062605004237,NRN,29,48,40.0,676.0,27040.0,2024-06-26
2024062605004236,NRN,29,38,50.0,675.0,33750.0,2024-06-26
2024062605004235,NRN,29,66,350.0,675.0,236250.0,2024-06-26
2024062605004234,NRN,29,57,300.0,674.0,202200.0,2024-06-26
2024062605004233,HRL,13,42,282.0,535.0,150870.0,2024-06-26
2024062605004232,HRL,57,42,100.0,535.1,53510.0,2024-06-26
2024062605004231,HRL,25,42,300.0,535.1,160530.0,2024-06-26
2024062605004230,HRL,58,42,53.0,535.1,28360.3,2024-06-26
2024062605004229,HRL,49,42,141.0,535.1,75449.1,2024-06-26
2024062605004228,HRL,32,42,109.0,535.2,58336.8,2024-06-26
2024062605004227,HRL,20,42,15.0,535.3,8029.5,2024-06-26
2024062603016573,SJLIC,42,48,250.0,403.0,100750.0,2024-06-26
2024062603016572,GILB,26,42,50.0,1426.0,71300.0,2024-06-26
2024062603016571,GILB,62,42,50.0,1426.1,71305.0,2024-06-26
2024062605004226,ENL,41,42,10.0,985.1,9851.0,2024-06-26
2024062603016570,SHINE,53,34,90.0,378.2,34038.0,2024-06-26
2024062603016569,SHINE,53,34,10.0,378.2,3782.0,2024-06-26
2024062604008471,SPDL,17,57,15.0,238.1,3571.5,2024-06-26
2024062601024880,VLUCL,52,6,10.0,514.8,5148.0,2024-06-26
2024062601024879,NRM,57,49,386.0,386.0,148996.0,2024-06-26
2024062601024878,NRM,43,49,80.0,386.1,30888.0,2024-06-26
2024062601024877,NRM,45,49,100.0,387.0,38700.0,2024-06-26
2024062601024876,NRM,45,49,100.0,387.0,38700.0,2024-06-26
2024062601024875,NRM,63,49,265.0,387.0,102555.0,2024-06-26
2024062601024874,NRM,58,49,50.0,387.1,19355.0,2024-06-26
2024062601024873,NRM,7,49,19.0,387.7,7366.3,2024-06-26
2024062604008470,JOSHI,43,66,10.0,292.9,2929.0,2024-06-26
2024062604008469,DHPL,43,44,42.0,205.7,8639.4,2024-06-26
2024062603016568,GLBSL,47,33,30.0,1790.0,53700.0,2024-06-26
2024062603016567,GLBSL,47,68,20.0,1789.9,35798.0,2024-06-26
2024062601024872,IHL,21,34,10.0,433.0,4330.0,2024-06-26
2024062604008468,OHL,19,3,500.0,749.0,374500.0,2024-06-26
2024062601024871,MKJC,8,52,10.0,624.9,6249.0,2024-06-26
2024062603016566,JBBL,38,49,150.0,285.0,42750.0,2024-06-26
2024062603016565,JBBL,38,35,100.0,285.0,28500.0,2024-06-26
2024062603016564,JBBL,38,50,60.0,285.0,17100.0,2024-06-26
2024062603016563,GILB,35,38,10.0,1430.0,14300.0,2024-06-26
2024062603016562,NLIC,35,46,10.0,581.4,5814.0,2024-06-26
2024062604008467,NHDL,50,48,36.0,524.0,18864.0,2024-06-26
2024062604008466,NHDL,50,58,13.0,520.0,6760.0,2024-06-26
2024062604008465,NHDL,50,21,289.0,520.0,150280.0,2024-06-26
2024062604008464,NHDL,50,21,221.0,520.0,114920.0,2024-06-26
2024062604008463,NHDL,50,3,41.0,518.0,21238.0,2024-06-26
2024062601024870,USHEC,58,49,10.0,474.0,4740.0,2024-06-26
2024062601024869,MMKJL,58,8,10.0,509.9,5099.0,2024-06-26
2024062601024868,MMKJL,58,26,100.0,509.9,50990.0,2024-06-26
2024062601024867,MMKJL,58,50,600.0,509.8,305880.0,2024-06-26
2024062601024866,MMKJL,58,39,510.0,509.8,259998.0,2024-06-26
2024062601024865,MMKJL,58,45,10.0,509.1,5091.0,2024-06-26
2024062601024864,MMKJL,58,45,200.0,509.0,101800.0,2024-06-26
2024062601024863,MMKJL,58,34,10.0,509.0,5090.0,2024-06-26
2024062601024862,MMKJL,58,35,10.0,509.0,5090.0,2024-06-26
2024062601024861,MMKJL,58,57,500.0,509.0,254500.0,2024-06-26
2024062601024860,MMKJL,58,21,200.0,509.0,101800.0,2024-06-26
2024062601024859,MMKJL,58,34,10.0,508.9,5089.0,2024-06-26
2024062601024858,MMKJL,58,1,1000.0,508.9,508900.0,2024-06-26
2024062601024857,MMKJL,58,84,500.0,508.9,254450.0,2024-06-26
2024062601024856,MMKJL,58,17,10.0,508.0,5080.0,2024-06-26
2024062601024855,MMKJL,58,85,610.0,508.0,309880.0,2024-06-26
2024062601024854,MMKJL,58,21,100.0,507.0,50700.0,2024-06-26
2024062601024853,MMKJL,58,64,60.0,507.0,30420.0,2024-06-26
2024062601024852,MMKJL,58,43,300.0,507.0,152100.0,2024-06-26
2024062601024851,MANDU,65,42,10.0,1050.0,10500.0,2024-06-26
2024062601024850,MANDU,65,57,10.0,1050.0,10500.0,2024-06-26
2024062601024849,MANDU,65,41,10.0,1050.0,10500.0,2024-06-26
2024062601024848,MANDU,65,58,10.0,1050.0,10500.0,2024-06-26
2024062601024847,MANDU,65,22,10.0,1050.0,10500.0,2024-06-26
2024062601024846,MANDU,65,16,10.0,1050.0,10500.0,2024-06-26
2024062601024845,MANDU,65,5,10.0,1050.0,10500.0,2024-06-26
2024062601024844,MANDU,65,38,110.0,1050.0,115500.0,2024-06-26
2024062601024843,MANDU,65,43,100.0,1050.0,105000.0,2024-06-26
2024062601024842,MANDU,65,49,50.0,1050.0,52500.0,2024-06-26
2024062601024841,MANDU,65,38,10.0,1050.0,10500.0,2024-06-26
2024062601024840,MANDU,65,58,10.0,1050.0,10500.0,2024-06-26
2024062601024839,MANDU,65,41,10.0,1050.0,10500.0,2024-06-26
2024062601024838,MANDU,65,33,10.0,1050.0,10500.0,2024-06-26
2024062601024837,MANDU,65,49,27.0,1050.0,28350.0,2024-06-26
2024062601024836,MANDU,65,40,10.0,1050.0,10500.0,2024-06-26
2024062601024835,MANDU,65,67,500.0,1049.5,524750.0,2024-06-26
2024062601024834,MANDU,65,43,10.0,1049.5,10495.0,2024-06-26
2024062601024833,MANDU,65,65,200.0,1049.4,209880.0,2024-06-26
2024062601024832,MANDU,65,46,10.0,1049.0,10490.0,2024-06-26
2024062601024831,MANDU,65,49,10.0,1048.5,10485.0,2024-06-26
2024062601024830,MANDU,65,41,10.0,1047.0,10470.0,2024-06-26
2024062601024829,MANDU,65,28,89.0,1046.8,93165.2,2024-06-26
2024062601024828,MANDU,65,51,10.0,1046.0,10460.0,2024-06-26
2024062603016561,GFCL,55,4,500.0,619.3,309650.0,2024-06-26
2024062603016560,GFCL,36,4,100.0,619.4,61940.0,2024-06-26
2024062603016559,GFCL,53,4,100.0,619.5,61950.0,2024-06-26
2024062603016558,GFCL,53,4,55.0,619.5,34072.5,2024-06-26
2024062604008462,LEC,40,16,185.0,178.7,33059.5,2024-06-26
2024062604008461,LEC,33,16,400.0,178.7,71480.0,2024-06-26
2024062604008460,LEC,50,16,500.0,178.7,89350.0,2024-06-26
2024062604008459,LEC,49,16,1000.0,178.7,178700.0,2024-06-26
2024062604008458,LEC,29,16,400.0,178.8,71520.0,2024-06-26
2024062604008457,LEC,49,16,500.0,178.9,89450.0,2024-06-26
2024062601024827,DORDI,58,14,140.0,426.1,59654.0,2024-06-26
2024062601024826,MKHC,5,45,17.0,333.9,5676.3,2024-06-26
2024062604008456,CHCL,7,45,78.0,434.5,33891.0,2024-06-26
2024062604008455,CHCL,10,45,20.0,434.6,8692.0,2024-06-26
2024062601024825,MLBS,32,50,10.0,1440.0,14400.0,2024-06-26
2024062601024824,MLBS,32,48,10.0,1440.0,14400.0,2024-06-26
2024062601024823,MLBS,32,53,20.0,1440.0,28800.0,2024-06-26
2024062601024822,MLBS,32,91,60.0,1439.9,86394.0,2024-06-26
2024062601024821,MLBS,32,95,50.0,1420.0,71000.0,2024-06-26
2024062601024820,SRLI,11,69,10.0,428.0,4280.0,2024-06-26
2024062601024819,HATHY,50,72,43.0,927.0,39861.0,2024-06-26
2024062601024818,HATHY,96,72,18.0,927.2,16689.6,2024-06-26
2024062601024817,HATHY,45,72,111.0,927.3,102930.3,2024-06-26
2024062604008454,AHPC,45,42,2000.0,151.5,303000.0,2024-06-26
2024062601024816,KBL,41,3,250.0,134.3,33575.0,2024-06-26
2024062601024815,GVL,66,1,25.0,608.9,15222.5,2024-06-26
2024062601024814,GVL,66,45,10.0,608.3,6083.0,2024-06-26
2024062601024813,GVL,66,78,55.0,608.2,33451.0,2024-06-26
2024062601024812,GVL,66,25,10.0,608.0,6080.0,2024-06-26
2024062603016557,RLFL,62,81,200.0,422.3,84460.0,2024-06-26
2024062601024811,NABIL,16,13,976.0,456.1,445153.6,2024-06-26
2024062601024810,NABIL,16,13,24.0,456.1,10946.4,2024-06-26
2024062601024809,KBL,85,3,1000.0,134.3,134300.0,2024-06-26
2024062601024808,KBL,49,3,100.0,134.3,13430.0,2024-06-26
2024062601024807,KBL,58,3,12.0,134.3,1611.6,2024-06-26
2024062601024806,KBL,45,3,10.0,134.3,1343.0,2024-06-26
2024062601024805,KBL,19,3,115.0,134.4,15456.0,2024-06-26
2024062603016556,GBBL,38,58,500.0,355.0,177500.0,2024-06-26
2024062603016555,GBBL,38,35,500.0,354.9,177450.0,2024-06-26
2024062603016554,BFC,45,38,334.0,467.2,156044.8,2024-06-26
2024062603016553,BFC,57,38,50.0,467.4,23370.0,2024-06-26
2024062604008453,GHL,7,28,10.0,147.0,1470.0,2024-06-26
2024062605004225,CIT,50,22,13.0,2096.0,27248.0,2024-06-26
2024062601024804,SHIVM,45,39,65.0,474.5,30842.5,2024-06-26
2024062603016552,SADBL,58,66,199.0,314.0,62486.0,2024-06-26
2024062604008452,KKHC,32,57,130.0,227.0,29510.0,2024-06-26
2024062601024803,TAMOR,52,29,450.0,405.0,182250.0,2024-06-26
2024062601024802,MHL,62,62,206.0,575.0,118450.0,2024-06-26
2024062601024801,MHL,62,17,10.0,573.0,5730.0,2024-06-26
2024062601024800,MHL,62,62,10.0,572.2,5722.0,2024-06-26
2024062601024799,MHL,62,42,10.0,572.0,5720.0,2024-06-26
2024062601024798,MHL,62,78,150.0,572.0,85800.0,2024-06-26
2024062601024797,MHL,62,58,10.0,571.9,5719.0,2024-06-26
2024062601024796,MHL,62,5,400.0,571.9,228760.0,2024-06-26
2024062601024795,MHL,62,82,438.0,571.0,250098.0,2024-06-26
2024062601024794,MHL,62,28,10.0,571.0,5710.0,2024-06-26
2024062601024793,MHL,62,14,10.0,570.0,5700.0,2024-06-26
2024062601024792,MHL,62,49,500.0,570.0,285000.0,2024-06-26
2024062601024791,MHL,62,51,30.0,570.0,17100.0,2024-06-26
2024062601024790,MHL,62,21,35.0,570.0,19950.0,2024-06-26
2024062601024789,MHL,62,21,75.0,570.0,42750.0,2024-06-26
2024062601024788,MHL,62,34,10.0,569.6,5696.0,2024-06-26
2024062601024787,MHL,62,70,500.0,569.2,284600.0,2024-06-26
2024062601024786,MHL,62,26,200.0,569.0,113800.0,2024-06-26
2024062601024785,MHL,62,57,10.0,568.5,5685.0,2024-06-26
2024062601024784,MHL,62,38,66.0,568.1,37494.6,2024-06-26
2024062601024783,MHL,62,29,30.0,568.0,17040.0,2024-06-26
2024062601024782,MHL,62,48,10.0,568.0,5680.0,2024-06-26
2024062601024781,MHL,62,34,55.0,568.0,31240.0,2024-06-26
2024062601024780,MHL,62,45,100.0,567.1,56710.0,2024-06-26
2024062601024779,MHL,62,18,125.0,567.0,70875.0,2024-06-26
2024062603016551,KMCDB,77,50,386.0,1076.0,415336.0,2024-06-26
2024062603016550,KMCDB,77,57,100.0,1075.0,107500.0,2024-06-26
2024062603016549,KMCDB,77,57,14.0,1075.0,15050.0,2024-06-26
2024062601024778,AHL,32,10,170.0,513.1,87227.0,2024-06-26
2024062603016548,MLBBL,44,39,10.0,1389.0,13890.0,2024-06-26
2024062604008451,HURJA,36,1,215.0,283.0,60845.0,2024-06-26
2024062604008450,SGIC,64,59,10.0,528.0,5280.0,2024-06-26
2024062604008449,SGIC,50,59,10.0,528.0,5280.0,2024-06-26
2024062601024777,SIKLES,35,32,20.0,714.0,14280.0,2024-06-26
2024062601024776,SIKLES,35,28,10.0,713.0,7130.0,2024-06-26
2024062601024775,SIKLES,35,32,10.0,712.9,7129.0,2024-06-26
2024062601024774,SIKLES,35,49,10.0,711.9,7119.0,2024-06-26
2024062605004224,NIFRA,58,35,14.0,190.2,2662.8,2024-06-26
2024062605004223,NIFRA,4,35,186.0,190.3,35395.8,2024-06-26
2024062605004222,NRIC,52,45,40.0,636.0,25440.0,2024-06-26
2024062605004221,NRIC,45,45,10.0,636.0,6360.0,2024-06-26
2024062601024773,MKCL,28,81,10.0,1196.0,11960.0,2024-06-26
2024062605004220,ENL,45,42,30.0,985.1,29553.0,2024-06-26
2024062603016547,PFL,1,41,45.0,642.0,28890.0,2024-06-26
2024062603016546,PFL,25,41,200.0,642.0,128400.0,2024-06-26
2024062603016545,PFL,45,41,80.0,642.0,51360.0,2024-06-26
2024062603016544,PFL,6,41,50.0,642.0,32100.0,2024-06-26
2024062603016543,PFL,54,41,700.0,642.0,449400.0,2024-06-26
2024062603016542,PFL,25,41,200.0,642.0,128400.0,2024-06-26
2024062603016541,PFL,82,41,200.0,642.0,128400.0,2024-06-26
2024062603016540,PFL,58,41,20.0,642.0,12840.0,2024-06-26
2024062603016539,PFL,36,41,50.0,642.0,32100.0,2024-06-26
2024062603016538,PFL,43,41,100.0,642.1,64210.0,2024-06-26
2024062603016537,PFL,33,41,300.0,642.1,192630.0,2024-06-26
2024062603016536,PFL,88,41,100.0,642.1,64210.0,2024-06-26
2024062603016535,PFL,47,41,50.0,643.0,32150.0,2024-06-26
2024062603016534,PFL,1,41,22.0,643.0,14146.0,2024-06-26
2024062603016533,PFL,22,41,20.0,643.0,12860.0,2024-06-26
2024062603016532,PFL,88,41,45.0,644.0,28980.0,2024-06-26
2024062604008448,TRH,17,42,10.0,755.0,7550.0,2024-06-26
2024062601024772,GVL,80,78,45.0,608.2,27369.0,2024-06-26
2024062601024771,GVL,80,51,10.0,608.0,6080.0,2024-06-26
2024062601024770,GVL,80,42,10.0,608.0,6080.0,2024-06-26
2024062601024769,GVL,80,7,10.0,608.0,6080.0,2024-06-26
2024062601024768,GVL,80,45,25.0,608.0,15200.0,2024-06-26
2024062603016531,CBBL,34,22,10.0,832.9,8329.0,2024-06-26
2024062601024767,SONA,34,59,10.0,434.0,4340.0,2024-06-26
2024062603016530,SFCL,34,3,83.0,440.0,36520.0,2024-06-26
2024062603016529,SFCL,7,3,50.0,440.0,22000.0,2024-06-26
2024062603016528,SFCL,46,3,300.0,440.0,132000.0,2024-06-26
2024062603016527,SFCL,45,3,20.0,440.0,8800.0,2024-06-26
2024062603016526,SFCL,40,3,47.0,440.0,20680.0,2024-06-26
2024062604008447,NHDL,45,3,50.0,518.0,25900.0,2024-06-26
2024062604008446,NHDL,39,3,239.0,518.1,123825.9,2024-06-26
2024062604008445,NHDL,33,3,30.0,518.2,15546.0,2024-06-26
2024062604008444,NHDL,50,3,140.0,518.5,72590.0,2024-06-26
2024062603016525,MFIL,75,44,700.0,539.2,377440.0,2024-06-26
2024062603016524,MERO,8,39,25.0,702.9,17572.5,2024-06-26
2024062601024766,MEHL,49,63,100.0,342.0,34200.0,2024-06-26
2024062603016523,HLI,38,68,199.0,373.0,74227.0,2024-06-26
2024062603016522,HLI,38,68,100.0,373.0,37300.0,2024-06-26
2024062603016521,HLI,11,68,100.0,373.0,37300.0,2024-06-26
2024062603016520,HLI,42,68,49.0,373.0,18277.0,2024-06-26
2024062603016519,HLI,39,68,400.0,373.1,149240.0,2024-06-26
2024062603016518,HLI,58,68,90.0,373.1,33579.0,2024-06-26
2024062603016517,HLI,58,68,30.0,373.5,11205.0,2024-06-26
2024062603016516,HLI,58,68,863.0,374.0,322762.0,2024-06-26
2024062603016515,HLI,59,68,50.0,374.5,18725.0,2024-06-26
2024062603016514,HLI,35,68,20.0,374.9,7498.0,2024-06-26
2024062603016513,HLI,58,68,85.0,374.9,31866.5,2024-06-26
2024062604008443,UPCL,56,38,37.0,188.1,6959.7,2024-06-26
2024062604008442,UPCL,44,38,50.0,188.1,9405.0,2024-06-26
2024062604008441,UPCL,52,38,388.0,188.1,72982.8,2024-06-26
2024062604008440,UPCL,22,38,25.0,188.2,4705.0,2024-06-26
2024062603016512,KSBBL,1,46,324.0,368.0,119232.0,2024-06-26
2024062605004219,NIFRA,4,50,650.0,190.3,123695.0,2024-06-26
2024062605004218,NIFRA,35,50,350.0,190.4,66640.0,2024-06-26
2024062601024765,LSL,58,98,1635.0,149.1,243778.5,2024-06-26
2024062601024764,LSL,19,98,120.0,149.1,17892.0,2024-06-26
2024062601024763,LSL,25,98,500.0,149.1,74550.0,2024-06-26
2024062601024762,LSL,55,98,1000.0,149.1,149100.0,2024-06-26
2024062604008439,HPPL,16,70,10.0,293.5,2935.0,2024-06-26
2024062603016511,MFIL,75,58,214.0,539.2,115388.8,2024-06-26
2024062601024761,RFPL,94,44,30.0,360.0,10800.0,2024-06-26
2024062601024760,NESDO,57,42,20.0,2025.0,40500.0,2024-06-26
2024062601024759,ILI,42,57,95.0,421.9,40080.5,2024-06-26
2024062603016510,GFCL,53,41,25.0,619.5,15487.5,2024-06-26
2024062605004217,SMATA,19,17,30.0,1007.0,30210.0,2024-06-26
2024062605004216,SMATA,6,17,20.0,1007.1,20142.0,2024-06-26
2024062605004215,SMATA,77,17,100.0,1007.2,100720.0,2024-06-26
2024062605004214,SMATA,11,17,10.0,1007.5,10075.0,2024-06-26
2024062605004213,SMATA,34,17,10.0,1019.0,10190.0,2024-06-26
2024062601024758,MLBS,62,95,50.0,1420.0,71000.0,2024-06-26
2024062601024757,BHL,44,34,30.0,361.0,10830.0,2024-06-26
2024062601024756,BHL,42,34,100.0,361.2,36120.0,2024-06-26
2024062601024755,KDL,55,38,10.0,1160.0,11600.0,2024-06-26
2024062603016509,NLIC,51,37,60.0,581.0,34860.0,2024-06-26
2024062603016508,MNBBL,20,35,519.0,341.2,177082.8,2024-06-26
2024062603016507,MNBBL,56,35,481.0,341.3,164165.3,2024-06-26
2024062601024754,SMJC,22,34,412.0,410.0,168920.0,2024-06-26
2024062601024753,SMJC,22,42,88.0,410.0,36080.0,2024-06-26
2024062603016506,GMFIL,39,34,26.0,440.0,11440.0,2024-06-26
2024062603016505,GMFIL,39,4,50.0,440.0,22000.0,2024-06-26
2024062603016504,GMFIL,39,16,442.0,439.9,194435.8,2024-06-26
2024062603016503,GMFIL,39,37,300.0,439.8,131940.0,2024-06-26
2024062603016502,GMFIL,39,54,68.0,438.0,29784.0,2024-06-26
2024062603016501,GMFIL,39,22,114.0,438.0,49932.0,2024-06-26
2024062601024752,SMH,16,47,10.0,816.0,8160.0,2024-06-26
2024062604008438,UMHL,45,22,10.0,236.0,2360.0,2024-06-26
2024062601024751,HDL,42,34,110.0,1203.0,132330.0,2024-06-26
2024062604008437,HPPL,42,22,100.0,293.0,29300.0,2024-06-26
2024062604008436,HPPL,42,17,300.0,292.8,87840.0,2024-06-26
2024062601024750,SPC,49,49,10.0,560.0,5600.0,2024-06-26
2024062601024749,KBSH,49,51,10.0,1543.9,15439.0,2024-06-26
2024062601024748,KBSH,49,46,10.0,1530.0,15300.0,2024-06-26
2024062601024747,KBSH,49,35,10.0,1530.0,15300.0,2024-06-26
2024062603016500,SAPDBL,55,43,143.0,365.0,52195.0,2024-06-26
2024062603016499,SAPDBL,26,43,50.0,365.3,18265.0,2024-06-26
2024062603016498,SAPDBL,16,43,1000.0,365.6,365600.0,2024-06-26
2024062603016497,SAPDBL,58,43,104.0,365.8,38043.2,2024-06-26
2024062601024746,EBL,16,34,615.0,520.1,319861.5,2024-06-26
2024062601024745,EBL,57,34,58.0,520.3,30177.4,2024-06-26
2024062601024744,HDL,10,34,300.0,1203.0,360900.0,2024-06-26
2024062601024743,CYCL,58,44,40.0,1497.1,59884.0,2024-06-26
2024062603016496,CFCL,1,7,650.0,458.2,297830.0,2024-06-26
2024062601024742,CZBIL,35,6,200.0,163.0,32600.0,2024-06-26
2024062601024741,TAMOR,52,4,50.0,405.0,20250.0,2024-06-26
2024062604008435,RHPL,51,41,60.0,267.0,16020.0,2024-06-26
2024062603016495,SFCL,45,60,60.0,441.0,26460.0,2024-06-26
2024062604008434,BARUN,32,1,100.0,299.8,29980.0,2024-06-26
2024062604008433,SSHL,43,45,90.0,173.4,15606.0,2024-06-26
2024062604008432,SSHL,25,45,10.0,173.5,1735.0,2024-06-26
2024062604008431,SSHL,94,45,30.0,174.0,5220.0,2024-06-26
2024062604008430,SSHL,18,45,70.0,174.1,12187.0,2024-06-26
2024062603016494,MPFL,32,42,344.0,513.2,176540.8,2024-06-26
2024062603016493,MPFL,62,42,56.0,513.2,28739.2,2024-06-26
2024062603016492,MPFL,81,42,200.0,513.3,102660.0,2024-06-26
2024062603016491,ILBS,42,51,10.0,1216.0,12160.0,2024-06-26
2024062601024740,SMJC,62,42,105.0,410.0,43050.0,2024-06-26
2024062603016490,RSDC,57,34,50.0,680.0,34000.0,2024-06-26
2024062603016489,MFIL,8,38,155.0,540.0,83700.0,2024-06-26
2024062603016488,MFIL,8,42,50.0,540.0,27000.0,2024-06-26
2024062604008429,SGIC,38,59,10.0,528.0,5280.0,2024-06-26
2024062603016487,FOWAD,17,35,50.0,1260.0,63000.0,2024-06-26
2024062603016486,FOWAD,49,35,200.0,1260.0,252000.0,2024-06-26
2024062604008428,SSHL,18,57,30.0,174.1,5223.0,2024-06-26
2024062604008427,PPCL,14,48,150.0,233.4,35010.0,2024-06-26
2024062604008426,PPCL,6,48,200.0,233.5,46700.0,2024-06-26
2024062604008425,PPCL,88,48,500.0,233.6,116800.0,2024-06-26
2024062604008424,PPCL,48,48,150.0,233.7,35055.0,2024-06-26
2024062604008423,MEN,45,94,250.0,584.1,146025.0,2024-06-26
2024062604008422,MEN,14,94,200.0,584.2,116840.0,2024-06-26
2024062604008421,MEN,57,94,50.0,584.3,29215.0,2024-06-26
2024062603016485,CFCL,8,25,100.0,459.0,45900.0,2024-06-26
2024062603016484,SHINE,53,42,126.0,378.2,47653.2,2024-06-26
2024062603016483,SHINE,77,42,50.0,378.3,18915.0,2024-06-26
2024062603016482,SHINE,32,42,75.0,378.7,28402.5,2024-06-26
2024062603016481,SHINE,17,42,10.0,378.8,3788.0,2024-06-26
2024062603016480,SHINE,17,42,10.0,378.9,3789.0,2024-06-26
2024062601024739,GVL,80,45,100.0,608.0,60800.0,2024-06-26
2024062601024738,SHIVM,49,6,135.0,474.9,64111.5,2024-06-26
2024062601024737,SARBTM,62,38,16.0,783.0,12528.0,2024-06-26
2024062601024736,SARBTM,62,17,100.0,783.0,78300.0,2024-06-26
2024062601024735,SARBTM,62,39,40.0,782.5,31300.0,2024-06-26
2024062601024734,SARBTM,62,42,35.0,782.0,27370.0,2024-06-26
2024062601024733,SARBTM,62,63,699.0,782.0,546618.0,2024-06-26
2024062601024732,SARBTM,62,26,100.0,781.9,78190.0,2024-06-26
2024062601024731,SARBTM,62,49,10.0,781.0,7810.0,2024-06-26
2024062605004212,CIT,50,54,10.0,2096.0,20960.0,2024-06-26
2024062603016479,SFCL,40,43,240.0,440.0,105600.0,2024-06-26
2024062604008420,GLH,13,41,50.0,213.0,10650.0,2024-06-26
2024062601024730,CKHL,34,44,500.0,629.3,314650.0,2024-06-26
2024062603016478,HLI,58,36,245.0,374.9,91850.5,2024-06-26
2024062603016477,NFS,18,42,155.0,927.0,143685.0,2024-06-26
2024062603016476,NFS,18,38,20.0,925.0,18500.0,2024-06-26
2024062603016475,MLBSL,5,38,10.0,1918.9,19189.0,2024-06-26
2024062603016474,RLFL,50,81,100.0,422.3,42230.0,2024-06-26
2024062603016473,ICFC,94,57,200.0,546.3,109260.0,2024-06-26
2024062601024729,DOLTI,57,34,127.0,423.0,53721.0,2024-06-26
2024062601024728,DOLTI,57,54,23.0,423.0,9729.0,2024-06-26
2024062603016472,PFL,88,48,155.0,644.0,99820.0,2024-06-26
2024062603016471,PFL,45,48,100.0,644.0,64400.0,2024-06-26
2024062603016470,PFL,33,48,138.0,644.0,88872.0,2024-06-26
2024062603016469,SDLBSL,13,58,15.0,1168.1,17521.5,2024-06-26
2024062604008419,PPCL,33,48,200.0,234.9,46980.0,2024-06-26
2024062601024727,MEHL,55,48,70.0,346.0,24220.0,2024-06-26
2024062601024726,MKCL,28,56,10.0,1190.0,11900.0,2024-06-26
2024062603016468,SLBBL,56,29,100.0,812.3,81230.0,2024-06-26
2024062601024725,BEDC,88,45,455.0,429.0,195195.0,2024-06-26
2024062601024724,BEDC,51,45,10.0,429.1,4291.0,2024-06-26
2024062601024723,BEDC,49,45,45.0,429.2,19314.0,2024-06-26
2024062601024722,BEDC,88,45,490.0,429.3,210357.0,2024-06-26
2024062601024721,BEDC,50,45,100.0,429.3,42930.0,2024-06-26
2024062604008418,HPPL,42,17,200.0,291.0,58200.0,2024-06-26
2024062603016467,PROFL,56,19,228.0,406.0,92568.0,2024-06-26
2024062603016466,PROFL,42,19,50.0,406.0,20300.0,2024-06-26
2024062603016465,PROFL,38,19,50.0,406.0,20300.0,2024-06-26
2024062603016464,PROFL,13,19,500.0,406.3,203150.0,2024-06-26
2024062603016463,PROFL,45,19,122.0,406.3,49568.6,2024-06-26
2024062603016462,PROFL,49,19,50.0,406.3,20315.0,2024-06-26
2024062603016461,ICFC,19,57,200.0,547.0,109400.0,2024-06-26
2024062603016460,NMLBBL,53,25,10.0,674.0,6740.0,2024-06-26
2024062601024720,CITY,21,57,10.0,689.0,6890.0,2024-06-26
2024062603016459,GRDBL,56,38,40.0,445.0,17800.0,2024-06-26
2024062601024719,SMHL,74,38,116.0,614.1,71235.6,2024-06-26
2024062601024718,SMHL,22,38,300.0,614.5,184350.0,2024-06-26
2024062601024717,SMHL,22,38,84.0,614.5,51618.0,2024-06-26
2024062601024716,SIKLES,89,45,100.0,711.0,71100.0,2024-06-26
2024062601024715,NRM,32,43,10.0,389.0,3890.0,2024-06-26
2024062601024714,RNLI,38,33,100.0,420.1,42010.0,2024-06-26
2024062601024713,MKCL,28,56,10.0,1190.0,11900.0,2024-06-26
2024062601024712,LSL,53,1,10.0,150.0,1500.0,2024-06-26
2024062601024711,LSL,45,1,200.0,150.0,30000.0,2024-06-26
2024062601024710,LSL,17,1,200.0,150.0,30000.0,2024-06-26
2024062601024709,LSL,14,1,500.0,150.0,75000.0,2024-06-26
2024062601024708,LSL,18,1,10.0,150.0,1500.0,2024-06-26
2024062601024707,LSL,94,1,10.0,150.0,1500.0,2024-06-26
2024062601024706,SHIVM,45,1,100.0,474.5,47450.0,2024-06-26
2024062604008417,HURJA,50,1,455.0,283.0,128765.0,2024-06-26
2024062604008416,HURJA,41,1,50.0,283.0,14150.0,2024-06-26
2024062604008415,HURJA,33,1,70.0,283.0,19810.0,2024-06-26
2024062604008414,HURJA,28,1,100.0,283.1,28310.0,2024-06-26
2024062604008413,HURJA,26,1,50.0,284.0,14200.0,2024-06-26
2024062604008412,HURJA,49,1,10.0,285.0,2850.0,2024-06-26
2024062604008411,SPDL,45,45,1000.0,237.4,237400.0,2024-06-26
2024062603016458,LBBL,18,45,250.0,377.7,94425.0,2024-06-26
2024062601024705,MAKAR,25,41,200.0,459.3,91860.0,2024-06-26
2024062604008410,SHEL,6,41,100.0,156.5,15650.0,2024-06-26
2024062601024704,RNLI,38,6,11.0,420.1,4621.1,2024-06-26
2024062604008409,PRIN,49,42,110.0,770.0,84700.0,2024-06-26
2024062601024703,MANDU,57,47,115.0,1045.0,120175.0,2024-06-26
2024062603016457,SFCL,63,60,21.0,441.0,9261.0,2024-06-26
2024062603016456,SFCL,63,38,279.0,441.0,123039.0,2024-06-26
2024062605004211,NMB50,7,32,100.0,10.0,1000.0,2024-06-26
2024062601024702,TAMOR,60,16,91.0,405.0,36855.0,2024-06-26
2024062604008408,UMRH,45,14,200.0,420.0,84000.0,2024-06-26
2024062603016455,SWBBL,35,32,10.0,866.0,8660.0,2024-06-26
2024062603016454,SWBBL,17,32,190.0,866.0,164540.0,2024-06-26
2024062605004210,CHDC,32,71,10.0,1011.9,10119.0,2024-06-26
2024062601024701,MHL,66,18,375.0,567.0,212625.0,2024-06-26
2024062601024700,MHL,66,38,100.0,566.1,56610.0,2024-06-26
2024062601024699,MHL,66,56,10.0,566.0,5660.0,2024-06-26
2024062601024698,MHL,66,38,10.0,566.0,5660.0,2024-06-26
2024062601024697,MHL,66,74,200.0,565.9,113180.0,2024-06-26
2024062601024696,MHL,66,58,300.0,565.2,169560.0,2024-06-26
2024062601024695,MHL,66,53,500.0,565.0,282500.0,2024-06-26
2024062601024694,MHL,66,94,1000.0,565.0,565000.0,2024-06-26
2024062601024693,MHL,66,16,400.0,565.0,226000.0,2024-06-26
2024062601024692,MHL,66,37,600.0,565.0,339000.0,2024-06-26
2024062601024691,MHL,66,66,400.0,565.0,226000.0,2024-06-26
2024062601024690,MHL,66,58,65.0,565.0,36725.0,2024-06-26
2024062601024689,MHL,66,4,10.0,565.0,5650.0,2024-06-26
2024062601024688,MHL,66,85,200.0,564.1,112820.0,2024-06-26
2024062601024687,MHL,66,29,200.0,564.0,112800.0,2024-06-26
2024062601024686,MHL,66,35,500.0,564.0,282000.0,2024-06-26
2024062601024685,MHL,66,58,10.0,564.0,5640.0,2024-06-26
2024062601024684,MHL,66,26,120.0,564.0,67680.0,2024-06-26
2024062601024683,GVL,66,45,100.0,608.0,60800.0,2024-06-26
2024062604008407,TRH,17,42,65.0,755.0,49075.0,2024-06-26
2024062604008406,TRH,17,49,10.0,754.0,7540.0,2024-06-26
2024062601024682,MANDU,57,45,70.0,1045.0,73150.0,2024-06-26
2024062603016453,GILB,62,42,11.0,1427.1,15698.1,2024-06-26
2024062603016452,GILB,63,42,189.0,1427.1,269721.9,2024-06-26
2024062605004209,HRL,49,42,59.0,535.1,31570.9,2024-06-26
2024062605004208,HRL,42,42,139.0,535.1,74378.9,2024-06-26
2024062601024681,GVL,80,45,100.0,608.0,60800.0,2024-06-26
2024062601024680,MANDU,57,49,10.0,1045.0,10450.0,2024-06-26
2024062604008405,NHPC,54,58,70.0,141.0,9870.0,2024-06-26
2024062604008404,NHPC,54,43,430.0,141.0,60630.0,2024-06-26
2024062603016451,KMCDB,77,52,130.0,1070.0,139100.0,2024-06-26
2024062603016450,KMCDB,77,58,18.0,1060.9,19096.2,2024-06-26
2024062601024679,TPC,63,67,20.0,541.4,10828.0,2024-06-26
2024062601024678,TPC,49,67,30.0,541.5,16245.0,2024-06-26
2024062603016449,DDBL,34,45,10.0,788.0,7880.0,2024-06-26
2024062601024677,CKHL,34,44,230.0,629.3,144739.0,2024-06-26
2024062601024676,CKHL,34,48,10.0,629.0,6290.0,2024-06-26
2024062601024675,CKHL,34,58,100.0,629.0,62900.0,2024-06-26
2024062601024674,CKHL,34,22,10.0,629.0,6290.0,2024-06-26
2024062601024673,CKHL,34,52,10.0,628.0,6280.0,2024-06-26
2024062601024672,CKHL,34,38,30.0,628.0,18840.0,2024-06-26
2024062601024671,CKHL,34,48,50.0,628.0,31400.0,2024-06-26
2024062601024670,CKHL,34,49,50.0,626.4,31320.0,2024-06-26
2024062601024669,CKHL,34,4,50.0,626.0,31300.0,2024-06-26
2024062601024668,CKHL,34,57,10.0,626.0,6260.0,2024-06-26
2024062601024667,CKHL,34,58,10.0,626.0,6260.0,2024-06-26
2024062601024666,CKHL,34,4,50.0,625.0,31250.0,2024-06-26
2024062601024665,CKHL,34,57,10.0,625.0,6250.0,2024-06-26
2024062601024664,CKHL,34,58,10.0,625.0,6250.0,2024-06-26
2024062601024663,CKHL,34,4,200.0,624.9,124980.0,2024-06-26
2024062601024662,CKHL,34,7,150.0,624.8,93720.0,2024-06-26
2024062601024661,CKHL,34,41,20.0,622.0,12440.0,2024-06-26
2024062604008403,UMRH,45,63,200.0,420.0,84000.0,2024-06-26
2024062604008402,UMRH,45,44,140.0,420.0,58800.0,2024-06-26
2024062604008401,SHPC,5,59,10.0,321.3,3213.0,2024-06-26
2024062603016448,GFCL,53,26,120.0,619.5,74340.0,2024-06-26
2024062603016447,RLFL,35,35,100.0,422.2,42220.0,2024-06-26
2024062603016446,BFC,65,53,320.0,468.0,149760.0,2024-06-26
2024062603016445,JFL,42,57,708.0,577.0,408516.0,2024-06-26
2024062604008400,SJCL,57,57,200.0,260.0,52000.0,2024-06-26
2024062604008399,SJCL,57,32,40.0,260.0,10400.0,2024-06-26
2024062604008398,SJCL,57,58,615.0,260.0,159900.0,2024-06-26
2024062604008397,NHDL,50,48,60.0,518.5,31110.0,2024-06-26
2024062601024660,SPHL,14,48,20.0,561.2,11224.0,2024-06-26
2024062604008396,GHL,39,25,200.0,146.8,29360.0,2024-06-26
2024062604008395,GHL,29,25,200.0,147.0,29400.0,2024-06-26
2024062601024659,PPL,26,58,167.0,464.0,77488.0,2024-06-26
2024062601024658,BGWT,57,20,30.0,937.0,28110.0,2024-06-26
2024062601024657,BGWT,37,20,20.0,937.1,18742.0,2024-06-26
2024062603016444,PFL,72,59,10.0,645.0,6450.0,2024-06-26
2024062601024656,MEL,43,32,177.0,221.0,39117.0,2024-06-26
2024062601024655,MEL,45,32,20.0,221.1,4422.0,2024-06-26
2024062601024654,MEL,57,32,35.0,221.1,7738.5,2024-06-26
2024062601024653,MEL,32,32,18.0,221.2,3981.6,2024-06-26
2024062601024652,MLBS,48,17,100.0,1420.0,142000.0,2024-06-26
2024062604008394,NIL,42,44,95.0,800.0,76000.0,2024-06-26
2024062604008393,NIL,42,32,10.0,799.0,7990.0,2024-06-26
2024062604008392,NIL,42,51,100.0,796.0,79600.0,2024-06-26
2024062604008391,NIL,42,55,154.0,796.0,122584.0,2024-06-26
2024062604008390,NIL,42,45,60.0,794.0,47640.0,2024-06-26
2024062604008389,NIL,42,44,234.0,794.0,185796.0,2024-06-26
2024062604008388,NIL,42,13,100.0,793.0,79300.0,2024-06-26
2024062604008387,NIL,42,49,247.0,792.0,195624.0,2024-06-26
2024062603016443,JFL,42,14,205.0,577.0,118285.0,2024-06-26
2024062601024651,KSBBLD87,21,13,25.0,997.5,24937.5,2024-06-26
2024062603016442,SDLBSL,35,56,20.0,1168.1,23362.0,2024-06-26
2024062603016441,SDLBSL,35,56,50.0,1168.1,58405.0,2024-06-26
2024062603016440,SDLBSL,58,56,140.0,1168.1,163534.0,2024-06-26
2024062603016439,SFCL,8,38,50.0,441.0,22050.0,2024-06-26
2024062604008386,RIDI,25,34,45.0,163.2,7344.0,2024-06-26
2024062604008385,RIDI,52,34,270.0,163.3,44091.0,2024-06-26
2024062604008384,RIDI,18,34,90.0,163.5,14715.0,2024-06-26
2024062604008383,RIDI,57,34,95.0,163.5,15532.5,2024-06-26
2024062601024650,SMHL,22,46,216.0,614.5,132732.0,2024-06-26
2024062601024649,SMHL,41,46,100.0,615.0,61500.0,2024-06-26
2024062601024648,SMHL,65,46,184.0,615.0,113160.0,2024-06-26
2024062603016438,SAPDBL,58,46,56.0,365.8,20484.8,2024-06-26
2024062601024647,MKHC,35,44,200.0,334.0,66800.0,2024-06-26
2024062601024646,MANDU,57,22,100.0,1045.0,104500.0,2024-06-26
2024062604008382,PPCL,48,48,350.0,233.7,81795.0,2024-06-26
2024062604008381,PPCL,36,48,50.0,233.8,11690.0,2024-06-26
2024062603016437,GRDBL,14,38,10.0,445.0,4450.0,2024-06-26
2024062603016436,PFL,14,33,45.0,645.0,29025.0,2024-06-26
2024062604008380,GLH,55,41,10.0,213.0,2130.0,2024-06-26
2024062604008379,BARUN,32,48,94.0,300.0,28200.0,2024-06-26
2024062604008378,BARUN,32,48,100.0,300.0,30000.0,2024-06-26
2024062604008377,BARUN,32,57,806.0,300.0,241800.0,2024-06-26
2024062603016435,HLBSL,45,94,65.0,1310.0,85150.0,2024-06-26
2024062603016434,HLBSL,45,58,120.0,1310.0,157200.0,2024-06-26
2024062603016433,HLBSL,45,14,50.0,1309.0,65450.0,2024-06-26
2024062603016432,HLBSL,45,34,100.0,1309.0,130900.0,2024-06-26
2024062603016431,HLBSL,45,46,300.0,1308.8,392640.0,2024-06-26
2024062603016430,HLBSL,45,46,300.0,1308.8,392640.0,2024-06-26
2024062603016429,HLBSL,45,6,10.0,1308.0,13080.0,2024-06-26
2024062603016428,HLBSL,45,34,55.0,1306.0,71830.0,2024-06-26
2024062604008376,UMRH,45,37,500.0,420.0,210000.0,2024-06-26
2024062604008375,UMRH,45,57,100.0,420.0,42000.0,2024-06-26
2024062604008374,UMRH,45,43,196.0,420.0,82320.0,2024-06-26
2024062604008373,UMRH,45,48,50.0,420.0,21000.0,2024-06-26
2024062604008372,UMRH,45,42,10.0,420.0,4200.0,2024-06-26
2024062604008371,UMRH,45,35,150.0,420.0,63000.0,2024-06-26
2024062604008370,UMRH,45,70,100.0,420.0,42000.0,2024-06-26
2024062604008369,UMRH,45,58,79.0,420.0,33180.0,2024-06-26
2024062604008368,UMRH,45,35,10.0,420.0,4200.0,2024-06-26
2024062604008367,UMRH,45,44,50.0,420.0,21000.0,2024-06-26
2024062604008366,UMRH,45,40,300.0,420.0,126000.0,2024-06-26
2024062604008365,UMRH,45,40,200.0,420.0,84000.0,2024-06-26
2024062604008364,UMRH,45,20,45.0,420.0,18900.0,2024-06-26
2024062604008363,UMRH,45,57,120.0,419.5,50340.0,2024-06-26
2024062604008362,UMRH,45,60,800.0,419.0,335200.0,2024-06-26
2024062604008361,UMRH,45,5,1000.0,419.0,419000.0,2024-06-26
2024062604008360,UMRH,45,44,100.0,418.4,41840.0,2024-06-26
2024062604008359,UMRH,45,58,300.0,418.0,125400.0,2024-06-26
2024062604008358,UMRH,45,29,490.0,418.0,204820.0,2024-06-26
2024062604008357,UMRH,45,55,200.0,418.0,83600.0,2024-06-26
2024062604008356,UMRH,45,26,500.0,418.0,209000.0,2024-06-26
2024062604008355,UMRH,45,6,500.0,417.9,208950.0,2024-06-26
2024062604008354,UMRH,45,14,240.0,417.9,100296.0,2024-06-26
2024062604008353,UMRH,45,17,26.0,417.9,10865.4,2024-06-26
2024062604008352,UMRH,45,38,10.0,417.9,4179.0,2024-06-26
2024062603016427,MLBSL,58,45,19.0,1905.0,36195.0,2024-06-26
2024062601024645,HDL,44,34,250.0,1203.0,300750.0,2024-06-26
2024062603016426,SWMF,34,41,30.0,885.0,26550.0,2024-06-26
2024062603016425,SWMF,34,58,10.0,884.0,8840.0,2024-06-26
2024062603016424,SWMF,34,36,121.0,884.0,106964.0,2024-06-26
2024062601024644,MCHL,44,38,90.0,426.8,38412.0,2024-06-26
2024062601024643,MCHL,14,38,50.0,426.9,21345.0,2024-06-26
2024062601024642,MCHL,70,38,460.0,430.0,197800.0,2024-06-26
2024062601024641,GVL,80,38,10.0,603.0,6030.0,2024-06-26
2024062603016423,PFL,33,38,50.0,644.0,32200.0,2024-06-26
2024062604008351,BARUN,32,48,150.0,299.8,44970.0,2024-06-26
2024062604008350,CGH,25,21,12.0,845.0,10140.0,2024-06-26
2024062601024640,MHCL,58,38,10.0,407.0,4070.0,2024-06-26
2024062601024639,NYADI,32,35,30.0,328.0,9840.0,2024-06-26
2024062601024638,NYADI,32,62,20.0,327.9,6558.0,2024-06-26
2024062603016422,GBLBS,21,17,300.0,775.0,232500.0,2024-06-26
2024062601024637,RFPL,6,44,10.0,360.0,3600.0,2024-06-26
2024062601024636,PRVU,42,28,100.0,138.7,13870.0,2024-06-26
2024062603016421,USLB,96,38,340.0,1825.0,620500.0,2024-06-26
2024062603016420,USLB,96,55,10.0,1820.0,18200.0,2024-06-26
2024062603016419,USLB,96,70,50.0,1820.0,91000.0,2024-06-26
2024062603016418,USLB,96,55,20.0,1819.0,36380.0,2024-06-26
2024062603016417,USLB,96,55,40.0,1818.0,72720.0,2024-06-26
2024062603016416,USLB,96,16,39.0,1817.0,70863.0,2024-06-26
2024062601024635,MEHL,47,48,10.0,346.0,3460.0,2024-06-26
2024062605004207,NRN,51,60,124.0,673.0,83452.0,2024-06-26
2024062605004206,NRN,45,60,150.0,673.0,100950.0,2024-06-26
2024062605004205,NRN,7,60,451.0,673.0,303523.0,2024-06-26
2024062605004204,NRN,49,60,330.0,674.0,222420.0,2024-06-26
2024062601024634,NYADI,38,35,170.0,328.0,55760.0,2024-06-26
2024062601024633,HDL,29,22,17.0,1202.0,20434.0,2024-06-26
2024062605004203,NRN,57,66,200.0,675.0,135000.0,2024-06-26
2024062601024632,BEDC,50,94,100.0,429.3,42930.0,2024-06-26
2024062601024631,BEDC,42,94,300.0,429.4,128820.0,2024-06-26
2024062601024630,BEDC,88,94,600.0,429.4,257640.0,2024-06-26
2024062601024629,SMJC,71,51,10.0,409.1,4091.0,2024-06-26
2024062601024628,RFPL,57,59,100.0,360.0,36000.0,2024-06-26
2024062601024627,RFPL,57,53,400.0,360.0,144000.0,2024-06-26
2024062601024626,RFPL,57,45,500.0,360.0,180000.0,2024-06-26
2024062601024625,VLUCL,58,41,10.0,515.0,5150.0,2024-06-26
2024062605004202,HRL,42,17,60.0,535.1,32106.0,2024-06-26
2024062604008349,MEN,45,45,20.0,585.0,11700.0,2024-06-26
2024062601024624,MCHL,70,42,50.0,430.0,21500.0,2024-06-26
2024062604008348,MEN,26,45,125.0,585.0,73125.0,2024-06-26
2024062604008347,MEN,26,52,75.0,585.0,43875.0,2024-06-26
2024062604008346,MEN,26,52,50.0,585.0,29250.0,2024-06-26
2024062604008345,MEN,91,52,35.0,585.0,20475.0,2024-06-26
2024062601024623,USHEC,38,32,10.0,470.0,4700.0,2024-06-26
2024062601024622,USHEC,39,32,40.0,470.2,18808.0,2024-06-26
2024062605004201,STC,54,49,10.0,4608.9,46089.0,2024-06-26
2024062603016415,NFS,34,71,30.0,924.0,27720.0,2024-06-26
2024062603016414,SFCL,40,3,515.0,440.0,226600.0,2024-06-26
2024062603016413,SFCL,36,3,485.0,440.6,213691.0,2024-06-26
2024062603016412,SWMF,52,60,34.0,875.0,29750.0,2024-06-26
2024062601024621,NYADI,32,56,50.0,327.0,16350.0,2024-06-26
2024062605004200,NRN,49,38,70.0,674.0,47180.0,2024-06-26
2024062603016411,FOWAD,57,7,10.0,1261.0,12610.0,2024-06-26
2024062604008344,AKJCL,25,34,250.0,207.0,51750.0,2024-06-26
2024062601024620,GVL,80,45,100.0,608.0,60800.0,2024-06-26
2024062601024619,VLUCL,42,41,330.0,515.0,169950.0,2024-06-26
2024062605004199,ENL,41,26,10.0,994.0,9940.0,2024-06-26
2024062604008343,SHPC,58,49,80.0,320.3,25624.0,2024-06-26
2024062604008342,SHPC,52,49,20.0,320.4,6408.0,2024-06-26
2024062604008341,SHPC,42,49,700.0,321.0,224700.0,2024-06-26
2024062601024618,BNHC,42,49,30.0,641.1,19233.0,2024-06-26
2024062601024617,SARBTM,35,32,100.0,776.0,77600.0,2024-06-26
2024062604008340,API,33,43,1360.0,168.0,228480.0,2024-06-26
2024062604008339,API,48,43,200.0,168.0,33600.0,2024-06-26
2024062604008338,API,32,43,50.0,168.0,8400.0,2024-06-26
2024062604008337,API,44,43,30.0,168.0,5040.0,2024-06-26
2024062604008336,API,38,43,593.0,168.1,99683.3,2024-06-26
2024062604008335,API,1,43,40.0,168.2,6728.0,2024-06-26
2024062604008334,API,1,43,100.0,168.2,16820.0,2024-06-26
2024062604008333,API,32,43,100.0,168.2,16820.0,2024-06-26
2024062601024616,NABIL,16,13,272.0,456.1,124059.2,2024-06-26
2024062601024615,NABIL,43,13,50.0,456.2,22810.0,2024-06-26
2024062601024614,NABIL,46,13,10.0,456.2,4562.0,2024-06-26
2024062601024613,SHIVM,47,6,100.0,474.9,47490.0,2024-06-26
2024062603016410,NICLBSL,44,26,40.0,649.0,25960.0,2024-06-26
2024062603016409,NICLBSL,44,4,10.0,649.0,6490.0,2024-06-26
2024062603016408,NICLBSL,44,8,20.0,648.9,12978.0,2024-06-26
2024062603016407,NICLBSL,44,36,10.0,648.5,6485.0,2024-06-26
2024062603016406,NICLBSL,44,58,20.0,646.0,12920.0,2024-06-26
2024062604008332,HDHPC,5,74,400.0,127.0,50800.0,2024-06-26
2024062603016405,GUFL,45,34,200.0,733.0,146600.0,2024-06-26
2024062603016404,GUFL,14,34,127.0,733.0,93091.0,2024-06-26
2024062601024612,BHPL,22,33,89.0,660.0,58740.0,2024-06-26
2024062601024611,BHPL,57,33,86.0,660.0,56760.0,2024-06-26
2024062601024610,HDL,6,34,100.0,1203.0,120300.0,2024-06-26
2024062603016403,LLBS,49,51,10.0,1218.9,12189.0,2024-06-26
2024062601024609,MKLB,37,34,90.0,1355.0,121950.0,2024-06-26
2024062601024608,MKLB,37,58,10.0,1345.0,13450.0,2024-06-26
2024062601024607,MMKJL,89,26,10.0,502.0,5020.0,2024-06-26
2024062601024606,SIKLES,89,45,100.0,711.0,71100.0,2024-06-26
2024062604008331,UMRH,22,25,64.0,417.0,26688.0,2024-06-26
2024062604008330,UMRH,22,29,100.0,417.0,41700.0,2024-06-26
2024062604008329,UMRH,22,17,316.0,417.0,131772.0,2024-06-26
2024062604008328,UMRH,22,44,20.0,417.0,8340.0,2024-06-26
2024062601024605,MKCL,69,34,10.0,1187.5,11875.0,2024-06-26
2024062603016402,NMFBS,34,48,10.0,1306.0,13060.0,2024-06-26
2024062603016401,SDLBSL,58,57,100.0,1168.1,116810.0,2024-06-26
2024062604008327,UPPER,6,25,30.0,155.0,4650.0,2024-06-26
2024062603016400,HLBSL,42,58,154.0,1298.1,199907.4,2024-06-26
2024062603016399,HLBSL,33,58,286.0,1298.5,371371.0,2024-06-26
2024062603016398,HLBSL,62,58,50.0,1299.0,64950.0,2024-06-26
2024062603016397,HLBSL,28,58,10.0,1300.0,13000.0,2024-06-26
2024062603016396,KSBBL,33,46,60.0,369.8,22188.0,2024-06-26
2024062603016395,KSBBL,33,36,110.0,369.0,40590.0,2024-06-26
2024062604008326,UPPER,6,41,450.0,155.0,69750.0,2024-06-26
2024062604008325,JOSHI,57,45,284.0,290.3,82445.2,2024-06-26
2024062604008324,JOSHI,1,45,100.0,290.4,29040.0,2024-06-26
2024062604008323,JOSHI,33,45,500.0,290.4,145200.0,2024-06-26
2024062604008322,JOSHI,34,45,30.0,290.5,8715.0,2024-06-26
2024062604008321,JOSHI,32,45,50.0,290.5,14525.0,2024-06-26
2024062604008320,JOSHI,54,45,170.0,290.5,49385.0,2024-06-26
2024062604008319,JOSHI,42,45,50.0,290.6,14530.0,2024-06-26
2024062604008318,JOSHI,19,45,200.0,290.6,58120.0,2024-06-26
2024062601024604,ILI,10,57,10.0,421.9,4219.0,2024-06-26
2024062601024603,ADBL,38,56,25.0,262.0,6550.0,2024-06-26
2024062603016394,SDLBSL,58,56,50.0,1168.1,58405.0,2024-06-26
2024062601024602,UHEWA,38,65,10.0,472.3,4723.0,2024-06-26
2024062601024601,RNLI,38,38,40.0,420.1,16804.0,2024-06-26
2024062601024600,SIKLES,80,50,100.0,698.0,69800.0,2024-06-26
2024062605004198,NTC,39,58,20.0,805.0,16100.0,2024-06-26
2024062604008317,SHEL,22,34,10.0,157.0,1570.0,2024-06-26
2024062601024599,CKHL,34,41,40.0,622.0,24880.0,2024-06-26
2024062601024598,CKHL,34,38,250.0,622.0,155500.0,2024-06-26
2024062601024597,CKHL,34,56,10.0,620.0,6200.0,2024-06-26
2024062601024596,CKHL,34,35,10.0,620.0,6200.0,2024-06-26
2024062601024595,CKHL,34,32,100.0,620.0,62000.0,2024-06-26
2024062601024594,CKHL,34,4,90.0,619.0,55710.0,2024-06-26
2024062601024593,UHEWA,34,65,10.0,472.3,4723.0,2024-06-26
2024062601024592,MND84/85,58,6,184.0,1002.9,184533.6,2024-06-26
2024062601024591,NRM,63,14,250.0,387.0,96750.0,2024-06-26
2024062601024590,NRM,41,14,120.0,387.1,46452.0,2024-06-26
2024062601024589,NRM,33,14,80.0,387.6,31008.0,2024-06-26
2024062601024588,MSHL,21,45,25.0,655.0,16375.0,2024-06-26
2024062601024587,CITY,5,57,10.0,689.0,6890.0,2024-06-26
2024062603016393,SDLBSL,58,35,10.0,1168.1,11681.0,2024-06-26
2024062603016392,SDLBSL,34,35,20.0,1168.1,23362.0,2024-06-26
2024062601024586,AVYAN,33,22,24.0,939.0,22536.0,2024-06-26
2024062605004197,NRN,48,66,50.0,675.0,33750.0,2024-06-26
2024062601024585,MKHL,16,42,10.0,462.0,4620.0,2024-06-26
2024062601024584,JBLB,58,38,16.0,1324.0,21184.0,2024-06-26
2024062601024583,JALPA,35,28,10.0,1314.0,13140.0,2024-06-26
2024062604008316,CGH,28,21,448.0,845.0,378560.0,2024-06-26
2024062604008315,CGH,28,38,85.0,845.0,71825.0,2024-06-26
2024062604008314,CGH,28,41,100.0,844.9,84490.0,2024-06-26
2024062603016391,HLI,58,28,100.0,374.9,37490.0,2024-06-26
2024062601024582,GVL,80,45,75.0,608.0,45600.0,2024-06-26
2024062601024581,GVL,80,43,25.0,608.0,15200.0,2024-06-26
2024062601024580,KDL,62,5,160.0,1177.0,188320.0,2024-06-26
2024062601024579,KDL,62,52,45.0,1175.0,52875.0,2024-06-26
2024062601024578,KDL,62,45,10.0,1175.0,11750.0,2024-06-26
2024062601024577,KDL,62,51,10.0,1173.1,11731.0,2024-06-26
2024062601024576,KDL,62,38,50.0,1173.1,58655.0,2024-06-26
2024062601024575,KDL,62,18,10.0,1173.0,11730.0,2024-06-26
2024062601024574,KDL,62,58,10.0,1173.0,11730.0,2024-06-26
2024062601024573,KDL,62,34,265.0,1173.0,310845.0,2024-06-26
2024062601024572,KDL,62,7,285.0,1172.0,334020.0,2024-06-26
2024062601024571,KDL,62,59,150.0,1172.0,175800.0,2024-06-26
2024062601024570,KDL,62,38,200.0,1171.0,234200.0,2024-06-26
2024062601024569,KDL,62,28,200.0,1170.0,234000.0,2024-06-26
2024062601024568,KDL,62,22,20.0,1170.0,23400.0,2024-06-26
2024062601024567,KDL,62,4,560.0,1169.0,654640.0,2024-06-26
2024062601024566,KDL,62,48,25.0,1165.0,29125.0,2024-06-26
2024062601024565,SHIVM,45,45,65.0,474.5,30842.5,2024-06-26
2024062601024564,SHIVM,38,45,50.0,474.5,23725.0,2024-06-26
2024062601024563,SNLI,17,52,10.0,456.0,4560.0,2024-06-26
2024062603016390,MLBL,21,42,10.0,321.8,3218.0,2024-06-26
2024062603016389,HLBSL,60,34,45.0,1306.0,58770.0,2024-06-26
2024062603016388,HLBSL,60,57,385.0,1305.0,502425.0,2024-06-26
2024062603016387,HLBSL,60,81,70.0,1305.0,91350.0,2024-06-26
2024062603016386,VLBS,56,39,100.0,1029.9,102990.0,2024-06-26
2024062603016385,VLBS,56,38,100.0,1028.0,102800.0,2024-06-26
2024062603016384,SDLBSL,62,46,10.0,1168.1,11681.0,2024-06-26
2024062603016383,RLFL,7,81,150.0,422.3,63345.0,2024-06-26
2024062605004196,NTC,4,58,20.0,805.0,16100.0,2024-06-26
2024062604008313,NLG,22,52,70.0,753.0,52710.0,2024-06-26
2024062601024562,MEL,34,41,10.0,222.0,2220.0,2024-06-26
2024062603016382,GLBSL,34,74,10.0,1789.0,17890.0,2024-06-26
2024062603016381,RLFL,36,81,817.0,422.3,345019.1,2024-06-26
2024062603016380,RLFL,70,81,495.0,422.4,209088.0,2024-06-26
2024062601024561,GVL,66,43,100.0,608.0,60800.0,2024-06-26
2024062601024560,CKHL,62,58,20.0,617.0,12340.0,2024-06-26
2024062601024559,MHL,62,26,380.0,564.0,214320.0,2024-06-26
2024062601024558,MHL,62,38,100.0,563.0,56300.0,2024-06-26
2024062601024557,MHL,62,58,90.0,563.0,50670.0,2024-06-26
2024062601024556,MHL,62,46,10.0,562.0,5620.0,2024-06-26
2024062601024555,MHL,62,6,80.0,562.0,44960.0,2024-06-26
2024062601024554,MHL,62,56,20.0,562.0,11240.0,2024-06-26
2024062601024553,MHL,62,34,10.0,561.9,5619.0,2024-06-26
2024062601024552,MHL,62,16,100.0,561.8,56180.0,2024-06-26
2024062601024551,MHL,62,44,100.0,560.0,56000.0,2024-06-26
2024062601024550,MHL,62,52,10.0,560.0,5600.0,2024-06-26
2024062601024549,MHL,62,52,10.0,560.0,5600.0,2024-06-26
2024062601024548,MHL,62,57,500.0,560.0,280000.0,2024-06-26
2024062601024547,MHL,62,62,500.0,560.0,280000.0,2024-06-26
2024062601024546,MHL,62,45,100.0,560.0,56000.0,2024-06-26
2024062601024545,MHL,62,57,400.0,559.9,223960.0,2024-06-26
2024062601024544,MHL,62,57,150.0,559.8,83970.0,2024-06-26
2024062601024543,MHL,62,42,10.0,558.0,5580.0,2024-06-26
2024062601024542,MHL,62,58,330.0,556.0,183480.0,2024-06-26
2024062601024541,MHL,62,45,100.0,555.5,55550.0,2024-06-26
2024062605004195,NTC,42,58,10.0,805.0,8050.0,2024-06-26
2024062601024540,TAMOR,60,42,10.0,405.0,4050.0,2024-06-26
2024062601024539,TSHL,70,45,50.0,540.0,27000.0,2024-06-26
2024062605004194,NTC,11,58,20.0,805.0,16100.0,2024-06-26
2024062601024538,VLUCL,42,32,250.0,515.0,128750.0,2024-06-26
2024062603016379,GUFL,14,43,300.0,733.0,219900.0,2024-06-26
2024062601024537,NYADI,32,36,150.0,327.0,49050.0,2024-06-26
2024062601024536,NYADI,32,36,50.0,327.0,16350.0,2024-06-26
2024062601024535,NYADI,43,36,100.0,327.0,32700.0,2024-06-26
2024062601024534,ULHC,6,56,175.0,394.8,69090.0,2024-06-26
2024062601024533,ULHC,57,56,280.0,395.0,110600.0,2024-06-26
2024062601024532,ULHC,52,56,25.0,395.1,9877.5,2024-06-26
2024062601024531,ULHC,8,56,20.0,395.2,7904.0,2024-06-26
2024062601024530,MHCL,49,38,990.0,407.3,403227.0,2024-06-26
2024062604008312,SPIL,83,40,21.0,776.2,16300.2,2024-06-26
2024062604008311,RHPL,37,35,50.0,266.2,13310.0,2024-06-26
2024062601024529,NIMB,28,37,232.0,151.9,35240.8,2024-06-26
2024062605004193,NRN,7,1,49.0,673.0,32977.0,2024-06-26
2024062605004192,NRN,17,1,200.0,673.1,134620.0,2024-06-26
2024062605004191,NRN,71,1,90.0,673.1,60579.0,2024-06-26
2024062605004190,NRN,80,1,100.0,673.2,67320.0,2024-06-26
2024062605004189,NRN,48,1,50.0,674.0,33700.0,2024-06-26
2024062605004188,NRN,17,1,111.0,674.0,74814.0,2024-06-26
2024062601024528,SGHC,14,34,400.0,349.0,139600.0,2024-06-26
2024062601024527,SGHC,14,52,600.0,348.9,209340.0,2024-06-26
2024062601024526,PPL,26,62,105.0,464.0,48720.0,2024-06-26
2024062601024525,PPL,33,62,895.0,464.1,415369.5,2024-06-26
2024062603016378,BFC,42,53,211.0,468.0,98748.0,2024-06-26
2024062604008310,AHPC,52,42,832.0,151.4,125964.8,2024-06-26
2024062604008309,AHPC,42,42,100.0,151.5,15150.0,2024-06-26
2024062604008308,AHPC,57,42,500.0,151.5,75750.0,2024-06-26
2024062604008307,AHPC,49,42,368.0,151.6,55788.8,2024-06-26
2024062604008306,AHPC,18,42,100.0,151.7,15170.0,2024-06-26
2024062604008305,AHPC,16,42,100.0,151.7,15170.0,2024-06-26
2024062603016377,SLBSL,96,45,25.0,1230.0,30750.0,2024-06-26
2024062603016376,SLBSL,39,45,50.0,1230.1,61505.0,2024-06-26
2024062603016375,SLBSL,40,45,69.0,1230.1,84876.9,2024-06-26
2024062603016374,SLBSL,57,45,150.0,1230.2,184530.0,2024-06-26
2024062603016373,SLBSL,57,45,20.0,1231.0,24620.0,2024-06-26
2024062603016372,SLBSL,68,45,86.0,1232.0,105952.0,2024-06-26
2024062601024524,SNLI,17,49,10.0,456.0,4560.0,2024-06-26
2024062601024523,HDL,56,34,20.0,1203.0,24060.0,2024-06-26
2024062604008304,NLG,34,7,80.0,746.1,59688.0,2024-06-26
2024062604008303,NLG,57,7,20.0,746.1,14922.0,2024-06-26
2024062604008302,LEC,59,38,500.0,178.9,89450.0,2024-06-26
2024062605004187,HRL,42,50,550.0,535.1,294305.0,2024-06-26
2024062605004186,HRL,68,50,20.0,535.2,10704.0,2024-06-26
2024062601024522,SMHL,65,16,316.0,615.0,194340.0,2024-06-26
2024062601024521,SMHL,49,16,200.0,615.0,123000.0,2024-06-26
2024062601024520,SMHL,26,16,100.0,615.0,61500.0,2024-06-26
2024062601024519,SMHL,58,16,100.0,615.0,61500.0,2024-06-26
2024062601024518,SMHL,33,16,100.0,615.1,61510.0,2024-06-26
2024062601024517,SMHL,65,16,113.0,615.1,69506.3,2024-06-26
2024062601024516,SMHL,38,16,20.0,615.2,12304.0,2024-06-26
2024062601024515,SMHL,44,16,51.0,615.6,31395.6,2024-06-26
2024062603016371,PROFL,49,16,175.0,406.3,71102.5,2024-06-26
2024062603016370,SFCL,36,34,415.0,440.6,182849.0,2024-06-26
2024062601024514,MKHL,34,11,17.0,461.0,7837.0,2024-06-26
2024062601024513,MKHL,34,57,90.0,461.0,41490.0,2024-06-26
2024062601024512,MKHL,42,57,100.0,460.2,46020.0,2024-06-26
2024062603016369,NFS,29,57,200.0,924.0,184800.0,2024-06-26
2024062605004185,CHDC,13,28,195.0,1003.0,195585.0,2024-06-26
2024062605004184,CHDC,60,28,200.0,1003.0,200600.0,2024-06-26
2024062605004183,CHDC,54,28,200.0,1005.0,201000.0,2024-06-26
2024062605004182,CHDC,33,28,350.0,1005.0,351750.0,2024-06-26
2024062605004181,CHDC,65,28,55.0,1011.9,55654.5,2024-06-26
2024062601024511,HIDCLP,14,29,120.0,98.0,11760.0,2024-06-26
2024062605004180,HRL,68,58,20.0,535.2,10704.0,2024-06-26
2024062601024510,SPC,22,58,10.0,559.2,5592.0,2024-06-26
2024062603016368,SINDU,1,17,70.0,412.0,28840.0,2024-06-26
2024062603016367,SINDU,1,29,20.0,411.2,8224.0,2024-06-26
2024062603016366,SINDU,1,59,10.0,411.0,4110.0,2024-06-26
2024062604008301,HPPL,42,17,270.0,291.0,78570.0,2024-06-26
2024062604008300,HPPL,46,17,30.0,291.1,8733.0,2024-06-26
2024062601024509,SGHC,85,56,80.0,345.0,27600.0,2024-06-26
2024062603016365,GILB,25,62,40.0,1428.0,57120.0,2024-06-26
2024062603016364,GILB,13,62,88.0,1428.0,125664.0,2024-06-26
2024062603016363,GILB,62,62,30.0,1428.1,42843.0,2024-06-26
2024062603016362,GILB,62,62,80.0,1428.1,114248.0,2024-06-26
2024062603016361,GILB,67,62,100.0,1428.2,142820.0,2024-06-26
2024062603016360,GILB,42,62,50.0,1428.3,71415.0,2024-06-26
2024062603016359,GILB,62,62,60.0,1428.3,85698.0,2024-06-26
2024062603016358,GILB,62,62,50.0,1428.3,71415.0,2024-06-26
2024062603016357,HLBSL,49,81,144.0,1305.0,187920.0,2024-06-26
2024062603016356,HLBSL,49,57,64.0,1304.7,83500.8,2024-06-26
2024062603016355,HLBSL,49,51,292.0,1300.0,379600.0,2024-06-26
2024062601024508,PCBL,32,49,189.0,193.0,36477.0,2024-06-26
2024062601024507,PCBL,7,49,300.0,193.0,57900.0,2024-06-26
2024062601024506,KBL,32,38,100.0,134.5,13450.0,2024-06-26
2024062601024505,SRLI,11,21,100.0,428.0,42800.0,2024-06-26
2024062605004179,NIFRA,4,50,100.0,190.3,19030.0,2024-06-26
2024062605004178,HRL,68,39,10.0,535.2,5352.0,2024-06-26
2024062603016354,NFS,34,4,130.0,921.8,119834.0,2024-06-26
2024062603016353,NFS,16,4,18.0,921.8,16592.4,2024-06-26
2024062603016352,MDB,62,22,11.0,501.2,5513.2,2024-06-26
2024062601024504,CITY,14,57,10.0,689.0,6890.0,2024-06-26
2024062601024503,MKHL,14,57,30.0,461.0,13830.0,2024-06-26
2024062601024502,GVL,80,43,75.0,608.0,45600.0,2024-06-26
2024062601024501,GVL,80,58,25.0,608.0,15200.0,2024-06-26
2024062603016351,MLBL,14,42,10.0,321.8,3218.0,2024-06-26
2024062601024500,HHL,50,25,50.0,367.1,18355.0,2024-06-26
2024062603016350,GRDBL,88,6,150.0,442.8,66420.0,2024-06-26
2024062603016349,GRDBL,94,6,500.0,443.0,221500.0,2024-06-26
2024062603016348,GBBL,58,45,40.0,354.3,14172.0,2024-06-26
2024062603016347,RSDC,57,52,80.0,680.0,54400.0,2024-06-26
2024062603016346,RSDC,58,52,20.0,680.0,13600.0,2024-06-26
2024062603016345,SFCL,36,53,100.0,440.6,44060.0,2024-06-26
2024062601024499,RHGCL,32,18,100.0,354.0,35400.0,2024-06-26
2024062601024498,RHGCL,32,26,200.0,354.0,70800.0,2024-06-26
2024062601024497,RHGCL,32,7,10.0,354.0,3540.0,2024-06-26
2024062601024496,RHGCL,32,32,190.0,353.9,67241.0,2024-06-26
2024062601024495,MKJC,8,39,10.0,624.9,6249.0,2024-06-26
2024062601024494,NICA,22,38,30.0,397.0,11910.0,2024-06-26
2024062605004177,NTC,91,58,500.0,805.0,402500.0,2024-06-26
2024062604008299,BPCL,58,57,100.0,290.0,29000.0,2024-06-26
2024062604008298,BPCL,41,57,63.0,290.0,18270.0,2024-06-26
2024062603016344,SFCL,40,58,48.0,440.0,21120.0,2024-06-26
2024062603016343,SFCL,3,58,30.0,440.5,13215.0,2024-06-26
2024062603016342,HLI,58,13,268.0,375.0,100500.0,2024-06-26
2024062603016341,HLI,58,22,32.0,375.0,12000.0,2024-06-26
2024062603016340,SAPDBL,14,43,10.0,366.0,3660.0,2024-06-26
2024062601024493,MCHL,70,14,400.0,430.0,172000.0,2024-06-26
2024062603016339,SLBSL,58,74,10.0,1247.0,12470.0,2024-06-26
2024062601024492,USHL,42,48,10.0,550.0,5500.0,2024-06-26
2024062605004176,ENL,46,42,349.0,985.0,343765.0,2024-06-26
2024062605004175,ENL,75,42,51.0,985.0,50235.0,2024-06-26
2024062603016338,USLB,96,16,61.0,1817.0,110837.0,2024-06-26
2024062603016337,USLB,96,96,60.0,1815.9,108954.0,2024-06-26
2024062603016336,USLB,96,80,50.0,1814.9,90745.0,2024-06-26
2024062603016335,USLB,96,62,259.0,1814.9,470059.1,2024-06-26
2024062603016334,USLB,96,36,70.0,1814.9,127043.0,2024-06-26
2024062604008297,CHL,11,32,480.0,313.7,150576.0,2024-06-26
2024062604008296,CHL,45,32,20.0,313.7,6274.0,2024-06-26
2024062604008295,CHL,33,32,100.0,313.7,31370.0,2024-06-26
2024062603016333,SINDU,43,59,200.0,411.0,82200.0,2024-06-26
2024062603016332,SDLBSL,62,56,10.0,1168.1,11681.0,2024-06-26
2024062603016331,SDLBSL,21,56,10.0,1168.1,11681.0,2024-06-26
2024062601024491,HDL,5,34,20.0,1203.0,24060.0,2024-06-26
2024062604008294,UMRH,46,44,80.0,417.0,33360.0,2024-06-26
2024062603016330,BFC,45,40,40.0,467.2,18688.0,2024-06-26
2024062603016329,BFC,55,40,60.0,467.2,28032.0,2024-06-26
2024062603016328,BFC,21,40,200.0,467.3,93460.0,2024-06-26
2024062603016327,GMFIL,88,50,93.0,435.7,40520.1,2024-06-26
2024062603016326,GMFIL,32,50,87.0,435.7,37905.9,2024-06-26
2024062603016325,GMFIL,25,50,50.0,435.8,21790.0,2024-06-26
2024062603016324,GMFIL,44,50,20.0,436.0,8720.0,2024-06-26
2024062601024490,CKHL,20,4,10.0,619.0,6190.0,2024-06-26
2024062601024489,GVL,66,58,25.0,608.0,15200.0,2024-06-26
2024062601024488,GVL,66,21,10.0,608.0,6080.0,2024-06-26
2024062601024487,GVL,66,56,10.0,608.0,6080.0,2024-06-26
2024062601024486,GVL,66,62,45.0,608.0,27360.0,2024-06-26
2024062601024485,GVL,66,58,10.0,608.0,6080.0,2024-06-26
2024062601024484,GVL,66,49,10.0,608.0,6080.0,2024-06-26
2024062601024483,GVL,66,1,10.0,608.0,6080.0,2024-06-26
2024062601024482,GVL,66,18,60.0,608.0,36480.0,2024-06-26
2024062601024481,GVL,66,66,500.0,607.0,303500.0,2024-06-26
2024062601024480,GVL,66,25,100.0,607.0,60700.0,2024-06-26
2024062601024479,GVL,66,13,10.0,607.0,6070.0,2024-06-26
2024062601024478,GVL,66,17,10.0,607.0,6070.0,2024-06-26
2024062601024477,GVL,66,7,10.0,607.0,6070.0,2024-06-26
2024062601024476,GVL,66,39,10.0,607.0,6070.0,2024-06-26
2024062601024475,GVL,66,42,300.0,606.9,182070.0,2024-06-26
2024062601024474,GVL,66,49,10.0,606.8,6068.0,2024-06-26
2024062601024473,GVL,66,56,10.0,606.0,6060.0,2024-06-26
2024062601024472,GVL,66,51,200.0,606.0,121200.0,2024-06-26
2024062601024471,GVL,66,58,30.0,606.0,18180.0,2024-06-26
2024062601024470,GVL,66,56,500.0,605.0,302500.0,2024-06-26
2024062601024469,GVL,66,7,10.0,605.0,6050.0,2024-06-26
2024062601024468,GVL,66,59,10.0,605.0,6050.0,2024-06-26
2024062601024467,GVL,66,56,30.0,605.0,18150.0,2024-06-26
2024062601024466,GVL,66,55,20.0,605.0,12100.0,2024-06-26
2024062601024465,GVL,66,6,10.0,605.0,6050.0,2024-06-26
2024062601024464,GVL,66,32,20.0,605.0,12100.0,2024-06-26
2024062601024463,GVL,66,45,10.0,605.0,6050.0,2024-06-26
2024062601024462,GVL,66,58,10.0,605.0,6050.0,2024-06-26
2024062601024461,GVL,66,4,10.0,605.0,6050.0,2024-06-26
2024062601024460,GVL,66,59,10.0,605.0,6050.0,2024-06-26
2024062601024459,GVL,66,7,200.0,605.0,121000.0,2024-06-26
2024062601024458,GVL,66,19,10.0,605.0,6050.0,2024-06-26
2024062601024457,GVL,66,41,10.0,605.0,6050.0,2024-06-26
2024062601024456,GVL,66,17,10.0,605.0,6050.0,2024-06-26
2024062601024455,GVL,66,55,10.0,605.0,6050.0,2024-06-26
2024062601024454,GVL,66,69,10.0,605.0,6050.0,2024-06-26
2024062601024453,GVL,66,36,10.0,605.0,6050.0,2024-06-26
2024062601024452,GVL,66,49,10.0,605.0,6050.0,2024-06-26
2024062601024451,GVL,66,70,500.0,605.0,302500.0,2024-06-26
2024062601024450,GVL,66,6,10.0,605.0,6050.0,2024-06-26
2024062601024449,GVL,66,4,10.0,605.0,6050.0,2024-06-26
2024062601024448,GVL,66,78,200.0,604.0,120800.0,2024-06-26
2024062604008293,RADHI,43,57,91.0,253.7,23086.7,2024-06-26
2024062604008292,RADHI,38,57,10.0,253.9,2539.0,2024-06-26
2024062604008291,RADHI,11,57,100.0,253.9,25390.0,2024-06-26
2024062604008290,RADHI,45,57,30.0,254.0,7620.0,2024-06-26
2024062604008289,RADHI,57,57,100.0,254.0,25400.0,2024-06-26
2024062604008288,RADHI,44,57,49.0,254.0,12446.0,2024-06-26
2024062603016323,FMDBL,6,11,70.0,662.7,46389.0,2024-06-26
2024062603016322,FMDBL,58,11,94.0,663.0,62322.0,2024-06-26
2024062603016321,FMDBL,57,11,200.0,663.0,132600.0,2024-06-26
2024062603016320,FMDBL,57,11,100.0,663.0,66300.0,2024-06-26
2024062603016319,FMDBL,34,11,419.0,663.1,277838.9,2024-06-26
2024062603016318,FMDBL,41,11,11.0,664.0,7304.0,2024-06-26
2024062603016317,FMDBL,62,11,106.0,664.0,70384.0,2024-06-26
2024062604008287,SPIL,83,52,50.0,776.2,38810.0,2024-06-26
2024062601024447,NRM,33,54,10.0,387.6,3876.0,2024-06-26
2024062605004174,NRN,71,66,200.0,675.0,135000.0,2024-06-26
2024062603016316,NMLBBL,53,25,10.0,674.0,6740.0,2024-06-26
2024062601024446,SHIVM,47,6,50.0,474.9,23745.0,2024-06-26
2024062601024445,SHIVM,47,6,100.0,474.9,47490.0,2024-06-26
2024062601024444,SGHC,45,56,400.0,345.0,138000.0,2024-06-26
2024062601024443,SGHC,58,56,30.0,345.0,10350.0,2024-06-26
2024062601024442,SGHC,41,56,570.0,345.0,196650.0,2024-06-26
2024062601024441,SGHC,57,56,400.0,345.0,138000.0,2024-06-26
2024062601024440,SGHC,47,56,20.0,345.1,6902.0,2024-06-26
2024062601024439,SGHC,7,56,490.0,346.0,169540.0,2024-06-26
2024062601024438,SGHC,57,56,10.0,347.0,3470.0,2024-06-26
2024062603016315,MPFL,62,64,144.0,513.2,73900.8,2024-06-26
2024062603016314,MPFL,25,64,20.0,513.2,10264.0,2024-06-26
2024062603016313,MPFL,34,64,50.0,514.0,25700.0,2024-06-26
2024062601024437,SIKLES,89,45,300.0,711.0,213300.0,2024-06-26
2024062601024436,SIKLES,89,43,10.0,710.9,7109.0,2024-06-26
2024062601024435,SIKLES,89,52,210.0,710.0,149100.0,2024-06-26
2024062601024434,SIKLES,89,42,10.0,710.0,7100.0,2024-06-26
2024062601024433,SIKLES,89,56,10.0,710.0,7100.0,2024-06-26
2024062601024432,SIKLES,89,7,10.0,710.0,7100.0,2024-06-26
2024062601024431,SIKLES,89,6,10.0,710.0,7100.0,2024-06-26
2024062601024430,SIKLES,89,28,10.0,710.0,7100.0,2024-06-26
2024062601024429,SIKLES,89,74,500.0,708.9,354450.0,2024-06-26
2024062601024428,SIKLES,89,45,300.0,708.9,212670.0,2024-06-26
2024062601024427,SIKLES,89,51,10.0,708.9,7089.0,2024-06-26
2024062601024426,SIKLES,89,55,10.0,708.0,7080.0,2024-06-26
2024062601024425,SIKLES,89,56,40.0,708.0,28320.0,2024-06-26
2024062601024424,SIKLES,89,70,70.0,708.0,49560.0,2024-06-26
2024062604008286,AKJCL,34,34,10.0,207.0,2070.0,2024-06-26
2024062603016312,KMCDB,62,58,12.0,1064.9,12778.8,2024-06-26
2024062601024423,SMJC,46,42,100.0,410.0,41000.0,2024-06-26
2024062601024422,SMJC,8,42,307.0,410.0,125870.0,2024-06-26
2024062601024421,JALPA,53,47,190.0,1320.0,250800.0,2024-06-26
2024062601024420,HDL,29,21,35.0,1202.0,42070.0,2024-06-26
2024062603016311,SFCL,3,43,70.0,440.5,30835.0,2024-06-26
2024062603016310,NABBC,58,8,177.0,541.2,95792.4,2024-06-26
2024062603016309,GFCL,43,4,20.0,620.0,12400.0,2024-06-26
2024062603016308,GFCL,33,4,500.0,620.0,310000.0,2024-06-26
2024062601024419,MKJC,56,94,2000.0,619.0,1238000.0,2024-06-26
2024062603016307,GFCL,34,4,200.0,620.0,124000.0,2024-06-26
2024062603016306,GFCL,5,4,219.0,620.0,135780.0,2024-06-26
2024062601024418,ADBL,22,4,10.0,262.4,2624.0,2024-06-26
2024062601024417,GVL,80,78,100.0,604.0,60400.0,2024-06-26
2024062601024416,SMJC,8,34,10.0,410.0,4100.0,2024-06-26
2024062601024415,NICA,33,17,100.0,396.9,39690.0,2024-06-26
2024062604008285,UPPER,45,34,200.0,155.0,31000.0,2024-06-26
2024062604008284,UPPER,6,34,300.0,155.0,46500.0,2024-06-26
2024062604008283,UPPER,48,34,125.0,155.0,19375.0,2024-06-26
2024062604008282,UPPER,7,34,10.0,155.0,1550.0,2024-06-26
2024062604008281,UPPER,20,34,363.0,155.0,56265.0,2024-06-26
2024062603016305,JFL,41,14,85.0,576.1,48968.5,2024-06-26
2024062603016304,JFL,58,14,15.0,576.1,8641.5,2024-06-26
2024062603016303,JFL,50,14,200.0,576.3,115260.0,2024-06-26
2024062601024414,MHCL,49,58,10.0,407.2,4072.0,2024-06-26
2024062601024413,HATHY,45,13,389.0,927.3,360719.7,2024-06-26
2024062601024412,HATHY,58,13,100.0,927.5,92750.0,2024-06-26
2024062601024411,HATHY,34,13,11.0,928.0,10208.0,2024-06-26
2024062604008280,RADHI,21,41,115.0,255.0,29325.0,2024-06-26
2024062603016302,SAPDBL,13,43,100.0,366.0,36600.0,2024-06-26
2024062603016301,SAPDBL,45,43,100.0,366.0,36600.0,2024-06-26
2024062603016300,SAPDBL,39,43,100.0,366.0,36600.0,2024-06-26
2024062603016299,SAPDBL,59,43,50.0,366.0,18300.0,2024-06-26
2024062603016298,SAPDBL,25,43,483.0,366.0,176778.0,2024-06-26
2024062603016297,SAPDBL,87,43,400.0,366.1,146440.0,2024-06-26
2024062603016296,SAPDBL,41,43,10.0,366.1,3661.0,2024-06-26
2024062603016295,SAPDBL,45,43,150.0,366.8,55020.0,2024-06-26
2024062603016294,SAPDBL,87,43,100.0,366.9,36690.0,2024-06-26
2024062604008279,GLH,10,41,20.0,213.0,4260.0,2024-06-26
2024062601024410,MKHC,5,44,10.0,334.0,3340.0,2024-06-26
2024062604008278,SHEL,6,4,120.0,156.5,18780.0,2024-06-26
2024062605004173,NTC,48,58,27.0,805.0,21735.0,2024-06-26
2024062601024409,MLBS,48,91,100.0,1420.0,142000.0,2024-06-26
2024062604008277,GLH,55,38,10.0,212.0,2120.0,2024-06-26
2024062605004172,NIFRA,4,17,64.0,190.3,12179.2,2024-06-26
2024062601024408,SHIVM,38,85,50.0,474.5,23725.0,2024-06-26
2024062601024407,SHIVM,76,85,50.0,474.6,23730.0,2024-06-26
2024062603016293,PFL,33,41,312.0,644.0,200928.0,2024-06-26
2024062603016292,PFL,50,41,100.0,644.0,64400.0,2024-06-26
2024062603016291,PFL,70,41,30.0,644.0,19320.0,2024-06-26
2024062603016290,PFL,55,41,50.0,644.0,32200.0,2024-06-26
2024062603016289,PFL,55,41,500.0,644.0,322000.0,2024-06-26
2024062603016288,PFL,25,41,50.0,644.2,32210.0,2024-06-26
2024062603016287,PFL,35,41,339.0,644.5,218485.5,2024-06-26
2024062603016286,PFL,5,41,30.0,645.0,19350.0,2024-06-26
2024062603016285,PFL,49,41,89.0,645.2,57422.8,2024-06-26
2024062603016284,PFL,38,41,100.0,645.3,64530.0,2024-06-26
2024062601024406,NABIL,52,54,10.0,456.4,4564.0,2024-06-26
2024062601024405,SMJC,58,43,95.0,411.9,39130.5,2024-06-26
2024062601024404,SMJC,58,58,10.0,411.0,4110.0,2024-06-26
2024062605004171,HRL,42,32,25.0,535.1,13377.5,2024-06-26
2024062604008276,SSHL,43,47,200.0,173.4,34680.0,2024-06-26
2024062604008275,SSHL,58,47,1000.0,173.5,173500.0,2024-06-26
2024062604008274,SHEL,6,10,10.0,156.5,1565.0,2024-06-26
2024062601024403,SAHAS,45,56,395.0,506.0,199870.0,2024-06-26
2024062601024402,SAHAS,40,56,90.0,506.2,45558.0,2024-06-26
2024062603016283,NFS,16,39,20.0,921.8,18436.0,2024-06-26
2024062601024401,SONA,7,59,50.0,434.0,21700.0,2024-06-26
2024062601024400,SONA,48,59,381.0,434.0,165354.0,2024-06-26
2024062601024399,SIKLES,80,48,10.0,698.0,6980.0,2024-06-26
2024062601024398,SARBTM,35,48,20.0,775.2,15504.0,2024-06-26
2024062601024397,SARBTM,42,48,100.0,776.0,77600.0,2024-06-26
2024062603016282,HLBSL,42,51,100.0,1300.0,130000.0,2024-06-26
2024062604008273,UMHL,45,1,900.0,234.3,210870.0,2024-06-26
2024062603016281,RLFL,36,29,183.0,422.3,77280.9,2024-06-26
2024062603016280,RLFL,11,29,500.0,422.3,211150.0,2024-06-26
2024062603016279,RLFL,50,29,20.0,422.3,8446.0,2024-06-26
2024062603016278,RLFL,33,29,100.0,423.0,42300.0,2024-06-26
2024062601024396,MANDU,57,54,10.0,1045.0,10450.0,2024-06-26
2024062601024395,MANDU,57,58,10.0,1045.0,10450.0,2024-06-26
2024062601024394,SONA,48,14,119.0,434.0,51646.0,2024-06-26
2024062601024393,SONA,42,14,316.0,434.0,137144.0,2024-06-26
2024062601024392,SONA,63,14,55.0,434.1,23875.5,2024-06-26
2024062601024391,SONA,39,14,10.0,434.1,4341.0,2024-06-26
2024062601024390,NABIL,42,42,100.0,456.2,45620.0,2024-06-26
2024062605004170,HRL,42,34,60.0,535.1,32106.0,2024-06-26
2024062603016277,JFL,58,14,50.0,577.0,28850.0,2024-06-26
2024062604008272,RURU,34,14,100.0,618.5,61850.0,2024-06-26
2024062604008271,RURU,57,14,112.0,618.5,69272.0,2024-06-26
2024062604008270,RURU,5,14,140.0,618.5,86590.0,2024-06-26
2024062605004169,NRIC,42,35,10.0,636.9,6369.0,2024-06-26
2024062601024389,HATHY,34,13,39.0,928.0,36192.0,2024-06-26
2024062601024388,HATHY,77,13,11.0,929.9,10228.9,2024-06-26
2024062603016276,GFCL,67,32,15.0,621.0,9315.0,2024-06-26
2024062603016275,MPFL,32,42,209.0,514.0,107426.0,2024-06-26
2024062604008269,RIDI,10,11,19.0,164.0,3116.0,2024-06-26
2024062604008268,AKPL,35,7,227.0,161.1,36569.7,2024-06-26
2024062604008267,AKPL,6,7,433.0,161.2,69799.6,2024-06-26
2024062604008266,AKPL,89,7,50.0,161.3,8065.0,2024-06-26
2024062604008265,AKPL,19,7,125.0,161.3,20162.5,2024-06-26
2024062604008264,AKPL,42,7,199.0,161.4,32118.6,2024-06-26
2024062604008263,AKPL,56,7,126.0,161.5,20349.0,2024-06-26
2024062604008262,DHPL,38,44,458.0,205.7,94210.6,2024-06-26
2024062601024387,HDL,57,38,10.0,1202.0,12020.0,2024-06-26
2024062601024386,HDL,48,38,40.0,1202.1,48084.0,2024-06-26
2024062604008261,AHPC,16,42,1400.0,151.7,212380.0,2024-06-26
