transaction,symbol,buyer,seller,quantity,rate,amount,date
2024053001031558,AVYAN,88,95,110.0,820.0,90200.0,2024-05-30
2024053003014380,HLBSL,38,19,330.0,1200.0,396000.0,2024-05-30
2024053003014379,HLBSL,38,77,170.0,1198.0,203660.0,2024-05-30
2024053003014378,HLBSL,26,77,1000.0,1198.0,1198000.0,2024-05-30
2024053003014377,SINDU,52,64,10.0,379.0,3790.0,2024-05-30
2024053004010553,SHL,40,52,108.0,437.8,47282.4,2024-05-30
2024053004010552,NLG,22,42,10.0,759.0,7590.0,2024-05-30
2024053001031557,GBIME,45,22,701.0,185.1,129755.1,2024-05-30
2024053001031556,GBIME,32,22,100.0,185.2,18520.0,2024-05-30
2024053001031555,GBIME,34,22,100.0,185.2,18520.0,2024-05-30
2024053001031554,GBIME,95,22,283.0,185.6,52524.8,2024-05-30
2024053001031553,GBIME,57,22,10.0,186.0,1860.0,2024-05-30
2024053001031552,GBIME,17,22,75.0,186.0,13950.0,2024-05-30
2024053001031551,GBIME,55,22,500.0,186.0,93000.0,2024-05-30
2024053001031550,GBIME,45,22,231.0,186.0,42966.0,2024-05-30
2024053001031549,HDL,52,43,43.0,1304.0,56072.0,2024-05-30
2024053001031548,HDL,45,43,70.0,1304.0,91280.0,2024-05-30
2024053001031547,HDL,58,43,37.0,1305.0,48285.0,2024-05-30
2024053001031546,HDL,38,43,50.0,1306.0,65300.0,2024-05-30
2024053005004581,NICGF,7,17,12000.0,9.73,116760.0,2024-05-30
2024053001031545,NRM,8,52,10.0,375.0,3750.0,2024-05-30
2024053001031544,BHPL,41,42,10.0,540.0,5400.0,2024-05-30
2024053001031543,MKHC,41,34,10.0,325.0,3250.0,2024-05-30
2024053001031542,SARBTM,42,6,10.0,849.0,8490.0,2024-05-30
2024053003014376,MSLB,48,57,10.0,1208.0,12080.0,2024-05-30
2024053003014375,MSLB,48,67,10.0,1206.0,12060.0,2024-05-30
2024053003014374,SHINE,58,45,30.0,388.0,11640.0,2024-05-30
2024053003014373,SHINE,65,57,13.0,387.2,5033.6,2024-05-30
2024053001031541,RFPL,58,71,145.0,366.0,53070.0,2024-05-30
2024053001031540,RFPL,58,71,85.0,366.0,31110.0,2024-05-30
2024053001031539,RFPL,58,48,200.0,365.0,73000.0,2024-05-30
2024053001031538,RFPL,58,7,30.0,365.0,10950.0,2024-05-30
2024053001031537,RFPL,58,7,50.0,365.0,18250.0,2024-05-30
2024053001031536,RFPL,58,42,490.0,365.0,178850.0,2024-05-30
2024053001031535,BEDC,45,42,10.0,394.0,3940.0,2024-05-30
2024053003014372,SLBSL,45,57,10.0,1115.9,11159.0,2024-05-30
2024053003014371,NFS,41,65,15.0,556.6,8349.0,2024-05-30
2024053001031534,MCHL,16,65,1129.0,395.4,446406.6,2024-05-30
2024053001031533,MCHL,58,65,80.0,395.5,31640.0,2024-05-30
2024053003014370,JFL,65,14,10.0,559.9,5599.0,2024-05-30
2024053004010551,SPIL,49,50,50.0,766.0,38300.0,2024-05-30
2024053004010550,UMRH,50,57,350.0,365.0,127750.0,2024-05-30
2024053001031532,MKHL,21,57,10.0,435.0,4350.0,2024-05-30
2024053001031531,UNLB,21,43,10.0,1940.0,19400.0,2024-05-30
2024053001031530,VLUCL,88,5,10.0,507.7,5077.0,2024-05-30
2024053001031529,MKJC,29,47,10.0,494.5,4945.0,2024-05-30
2024053003014369,MPFL,29,55,20.0,453.0,9060.0,2024-05-30
2024053003014368,JFL,72,14,10.0,559.9,5599.0,2024-05-30
2024053003014367,KMCDB,59,35,98.0,988.0,96824.0,2024-05-30
2024053003014366,KMCDB,43,35,50.0,988.0,49400.0,2024-05-30
2024053003014365,KMCDB,34,35,100.0,988.0,98800.0,2024-05-30
2024053003014364,KMCDB,69,35,10.0,988.9,9889.0,2024-05-30
2024053003014363,KMCDB,25,35,10.0,988.9,9889.0,2024-05-30
2024053003014362,KMCDB,47,35,100.0,990.0,99000.0,2024-05-30
2024053003014361,KMCDB,48,35,50.0,990.0,49500.0,2024-05-30
2024053003014360,KMCDB,57,35,50.0,992.1,49605.0,2024-05-30
2024053003014359,KMCDB,59,35,300.0,992.2,297660.0,2024-05-30
2024053003014358,KMCDB,48,35,50.0,994.0,49700.0,2024-05-30
2024053003014357,KMCDB,54,35,182.0,994.0,180908.0,2024-05-30
2024053001031528,SPHL,35,38,10.0,500.0,5000.0,2024-05-30
2024053001031527,SPHL,40,54,100.0,496.2,49620.0,2024-05-30
2024053001031526,SPHL,5,54,60.0,496.2,29772.0,2024-05-30
2024053001031525,SPHL,17,54,290.0,496.3,143927.0,2024-05-30
2024053001031524,SPHL,8,54,50.0,497.0,24850.0,2024-05-30
2024053003014356,SJLIC,41,34,134.0,412.6,55288.4,2024-05-30
2024053003014355,SJLIC,59,34,91.0,412.7,37555.7,2024-05-30
2024053003014354,SJLIC,34,34,175.0,413.0,72275.0,2024-05-30
2024053003014353,SFCL,42,34,200.0,340.1,68020.0,2024-05-30
2024053003014352,WNLB,34,4,10.0,1366.0,13660.0,2024-05-30
2024053004010549,IGI,34,19,20.0,530.0,10600.0,2024-05-30
2024053001031523,CYCL,34,59,30.0,1427.9,42837.0,2024-05-30
2024053001031522,SPC,52,26,50.0,516.6,25830.0,2024-05-30
2024053003014351,JBBL,52,21,10.0,291.0,2910.0,2024-05-30
2024053003014350,JBBL,52,44,20.0,290.2,5804.0,2024-05-30
2024053005004580,CIT,22,45,10.0,2120.0,21200.0,2024-05-30
2024053001031521,BHPL,4,6,10.0,538.0,5380.0,2024-05-30
2024053001031520,BHPL,56,6,10.0,538.0,5380.0,2024-05-30
2024053001031519,BHPL,29,6,71.0,538.5,38233.5,2024-05-30
2024053001031518,TSHL,16,55,110.0,505.0,55550.0,2024-05-30
2024053003014349,GUFL,47,38,10.0,657.0,6570.0,2024-05-30
2024053003014348,PMLI,7,34,20.0,499.5,9990.0,2024-05-30
2024053003014347,PMLI,7,32,10.0,499.0,4990.0,2024-05-30
2024053001031517,MBJC,51,41,10.0,296.0,2960.0,2024-05-30
2024053003014346,ALICL,62,22,10.0,568.8,5688.0,2024-05-30
2024053003014345,ALICL,62,43,10.0,566.5,5665.0,2024-05-30
2024053004010548,RIDI,42,35,10.0,167.9,1679.0,2024-05-30
2024053004010547,KKHC,42,34,10.0,219.1,2191.0,2024-05-30
2024053003014344,SINDU,48,64,10.0,379.0,3790.0,2024-05-30
2024053003014343,KSBBL,36,46,300.0,370.0,111000.0,2024-05-30
2024053003014342,FOWAD,57,32,10.0,1205.0,12050.0,2024-05-30
2024053004010546,RURU,18,34,20.0,624.7,12494.0,2024-05-30
2024053001031516,KBL,93,22,10.0,143.0,1430.0,2024-05-30
2024053003014341,SLBSL,16,57,20.0,1115.9,22318.0,2024-05-30
2024053001031515,ADBL,28,34,500.0,261.0,130500.0,2024-05-30
2024053001031514,HHL,84,45,260.0,364.0,94640.0,2024-05-30
2024053001031513,HHL,84,25,100.0,364.0,36400.0,2024-05-30
2024053001031512,HHL,84,11,100.0,363.0,36300.0,2024-05-30
2024053001031511,HHL,84,44,40.0,363.0,14520.0,2024-05-30
2024053003014340,WNLB,57,4,10.0,1366.0,13660.0,2024-05-30
2024053004010545,UPCL,57,49,10.0,194.0,1940.0,2024-05-30
2024053001031510,SARBTM,58,6,10.0,849.0,8490.0,2024-05-30
2024053004010544,NGPL,45,16,10.0,309.0,3090.0,2024-05-30
2024053003014339,RLFL,4,3,310.0,399.8,123938.0,2024-05-30
2024053003014338,RLFL,4,19,100.0,399.0,39900.0,2024-05-30
2024053003014337,RLFL,4,55,390.0,398.9,155571.0,2024-05-30
2024053004010543,NHPC,4,17,150.0,145.9,21885.0,2024-05-30
2024053003014336,GBLBS,33,45,31.0,750.0,23250.0,2024-05-30
2024053003014335,GBLBS,33,39,50.0,749.0,37450.0,2024-05-30
2024053003014334,GBLBS,33,36,540.0,745.0,402300.0,2024-05-30
2024053003014333,GBLBS,33,45,21.0,744.9,15642.9,2024-05-30
2024053004010542,NHDL,50,39,42.0,500.0,21000.0,2024-05-30
2024053001031509,UHEWA,21,53,10.0,394.0,3940.0,2024-05-30
2024053003014332,ACLBSL,35,50,200.0,911.0,182200.0,2024-05-30
2024053001031508,SBL,50,28,60.0,251.9,15114.0,2024-05-30
2024053001031507,SBL,50,45,50.0,251.0,12550.0,2024-05-30
2024053003014331,NMLBBL,1,1,30.0,689.0,20670.0,2024-05-30
2024053004010541,UPCL,35,49,10.0,194.0,1940.0,2024-05-30
2024053004010540,RURU,60,34,50.0,624.7,31235.0,2024-05-30
2024053001031506,VLUCL,59,5,60.0,507.7,30462.0,2024-05-30
2024053001031505,VLUCL,59,6,10.0,507.5,5075.0,2024-05-30
2024053001031504,VLUCL,59,56,10.0,507.0,5070.0,2024-05-30
2024053001031503,VLUCL,59,48,220.0,507.0,111540.0,2024-05-30
2024053001031502,BHDC,22,20,295.0,590.0,174050.0,2024-05-30
2024053001031501,BHDC,22,26,150.0,589.9,88485.0,2024-05-30
2024053001031500,BHDC,22,58,55.0,589.0,32395.0,2024-05-30
2024053005004579,HIDCL,5,43,33.0,165.0,5445.0,2024-05-30
2024053001031499,VLUCL,34,48,20.0,507.0,10140.0,2024-05-30
2024053003014330,MPFL,51,55,10.0,453.0,4530.0,2024-05-30
2024053004010539,SHEL,49,42,20.0,157.0,3140.0,2024-05-30
2024053004010538,SPIL,49,49,115.0,766.0,88090.0,2024-05-30
2024053005004578,CHDC,42,34,400.0,900.5,360200.0,2024-05-30
2024053001031498,SMHL,64,83,835.0,559.9,467516.5,2024-05-30
2024053001031497,SMHL,64,33,665.0,559.9,372333.5,2024-05-30
2024053003014329,SLBSL,55,57,10.0,1115.9,11159.0,2024-05-30
2024053003014328,USLB,55,62,97.0,1936.3,187821.1,2024-05-30
2024053003014327,NABBC,71,25,10.0,635.0,6350.0,2024-05-30
2024053001031496,DORDI,14,17,20.0,414.0,8280.0,2024-05-30
2024053003014326,HLI,44,43,1930.0,390.0,752700.0,2024-05-30
2024053004010537,CHL,41,50,100.0,329.7,32970.0,2024-05-30
2024053004010536,CHL,41,48,300.0,329.0,98700.0,2024-05-30
2024053004010535,CHL,41,45,100.0,329.0,32900.0,2024-05-30
2024053001031495,SARBTM,62,6,10.0,849.0,8490.0,2024-05-30
2024053005004577,NRIC,42,71,10.0,668.7,6687.0,2024-05-30
2024053001031494,MEL,42,35,10.0,228.0,2280.0,2024-05-30
2024053001031493,MEL,42,42,200.0,228.0,45600.0,2024-05-30
2024053001031492,MEL,42,52,10.0,228.0,2280.0,2024-05-30
2024053001031491,MEL,42,50,121.0,228.0,27588.0,2024-05-30
2024053005004576,CIT,42,45,29.0,2120.0,61480.0,2024-05-30
2024053005004575,CIT,42,57,50.0,2120.0,106000.0,2024-05-30
2024053005004574,CIT,42,32,21.0,2120.0,44520.0,2024-05-30
2024053001031490,KBL,32,22,99.0,143.0,14157.0,2024-05-30
2024053004010534,SSHL,16,40,10.0,162.0,1620.0,2024-05-30
2024053001031489,BHL,13,26,10.0,335.8,3358.0,2024-05-30
2024053004010533,RIDI,52,28,500.0,167.7,83850.0,2024-05-30
2024053003014325,ICFC,13,34,424.0,510.0,216240.0,2024-05-30
2024053001031488,NBL,84,17,71.0,213.0,15123.0,2024-05-30
2024053001031487,NBL,84,52,35.0,212.8,7448.0,2024-05-30
2024053001031486,NBL,84,45,15.0,212.0,3180.0,2024-05-30
2024053001031485,NBL,84,25,479.0,211.9,101500.1,2024-05-30
2024053001031484,NBL,84,13,147.0,211.0,31017.0,2024-05-30
2024053001031483,NBL,84,25,100.0,210.0,21000.0,2024-05-30
2024053001031482,NBL,84,34,153.0,210.0,32130.0,2024-05-30
2024053003014324,KLBSL,43,57,10.0,946.0,9460.0,2024-05-30
2024053005004573,HRL,55,57,300.0,573.7,172110.0,2024-05-30
2024053003014323,VLBS,40,45,40.0,919.2,36768.0,2024-05-30
2024053003014322,MFIL,45,42,10.0,503.4,5034.0,2024-05-30
2024053005004572,NRN,58,33,500.0,580.0,290000.0,2024-05-30
2024053005004571,NRN,58,49,40.0,580.0,23200.0,2024-05-30
2024053005004570,NRN,58,58,3370.0,580.0,1954600.0,2024-05-30
2024053005004569,NRN,58,26,100.0,579.0,57900.0,2024-05-30
2024053005004568,NRN,58,18,2990.0,579.0,1731210.0,2024-05-30
2024053005004567,NRN,58,57,1500.0,578.9,868350.0,2024-05-30
2024053005004566,NRN,58,72,200.0,578.9,115780.0,2024-05-30
2024053005004565,NRN,58,58,10.0,578.8,5788.0,2024-05-30
2024053005004564,NRN,58,38,500.0,578.8,289400.0,2024-05-30
2024053005004563,NRN,58,56,90.0,577.0,51930.0,2024-05-30
2024053003014321,JFL,22,58,112.0,555.0,62160.0,2024-05-30
2024053003014320,JFL,43,58,88.0,556.0,48928.0,2024-05-30
2024053001031481,RAWA,36,33,10.0,496.0,4960.0,2024-05-30
2024053004010532,RHPL,57,68,200.0,271.0,54200.0,2024-05-30
2024053003014319,NABBC,39,25,355.0,635.0,225425.0,2024-05-30
2024053003014318,NABBC,39,22,500.0,634.9,317450.0,2024-05-30
2024053003014317,NABBC,39,61,500.0,634.0,317000.0,2024-05-30
2024053003014316,NABBC,39,57,200.0,625.0,125000.0,2024-05-30
2024053003014315,NABBC,39,38,445.0,624.0,277680.0,2024-05-30
2024053001031480,BEDC,16,38,300.0,393.7,118110.0,2024-05-30
2024053001031479,HDL,38,53,100.0,1306.0,130600.0,2024-05-30
2024053001031478,KDL,59,34,24.0,1153.0,27672.0,2024-05-30
2024053001031477,MSHL,49,64,11.0,654.0,7194.0,2024-05-30
2024053001031476,IHL,6,8,185.0,409.0,75665.0,2024-05-30
2024053001031475,IHL,6,32,50.0,409.0,20450.0,2024-05-30
2024053001031474,IHL,6,45,10.0,409.0,4090.0,2024-05-30
2024053001031473,IHL,6,54,100.0,408.9,40890.0,2024-05-30
2024053001031472,IHL,6,67,300.0,408.9,122670.0,2024-05-30
2024053001031471,IHL,6,57,230.0,408.9,94047.0,2024-05-30
2024053001031470,IHL,6,38,100.0,408.0,40800.0,2024-05-30
2024053001031469,IHL,6,52,10.0,408.0,4080.0,2024-05-30
2024053001031468,IHL,6,39,10.0,408.0,4080.0,2024-05-30
2024053001031467,IHL,6,32,10.0,408.0,4080.0,2024-05-30
2024053001031466,IHL,6,42,10.0,408.0,4080.0,2024-05-30
2024053001031465,IHL,6,58,10.0,407.0,4070.0,2024-05-30
2024053001031464,IHL,6,21,10.0,407.0,4070.0,2024-05-30
2024053001031463,IHL,6,42,500.0,407.0,203500.0,2024-05-30
2024053001031462,IHL,6,45,10.0,407.0,4070.0,2024-05-30
2024053001031461,IHL,6,25,20.0,406.9,8138.0,2024-05-30
2024053001031460,IHL,6,49,50.0,406.9,20345.0,2024-05-30
2024053001031459,IHL,6,52,10.0,406.9,4069.0,2024-05-30
2024053001031458,IHL,6,70,350.0,406.9,142415.0,2024-05-30
2024053001031457,IHL,6,49,300.0,406.8,122040.0,2024-05-30
2024053001031456,IHL,6,6,595.0,404.5,240677.5,2024-05-30
2024053001031455,IHL,6,58,10.0,404.0,4040.0,2024-05-30
2024053001031454,IHL,6,29,10.0,403.0,4030.0,2024-05-30
2024053001031453,IHL,6,50,1110.0,403.0,447330.0,2024-05-30
2024053001031452,MCHL,14,10,10.0,396.0,3960.0,2024-05-30
2024053003014314,ILBS,44,67,31.0,1309.8,40603.8,2024-05-30
2024053003014313,ILBS,44,32,19.0,1309.5,24880.5,2024-05-30
2024053004010531,NICL,14,18,10.0,833.5,8335.0,2024-05-30
2024053001031451,BNHC,52,70,50.0,591.0,29550.0,2024-05-30
2024053001031450,MSHL,34,7,10.0,647.0,6470.0,2024-05-30
2024053003014312,USLB,62,62,10.0,1936.3,19363.0,2024-05-30
2024053005004562,NRIC,48,71,10.0,668.7,6687.0,2024-05-30
2024053004010530,GHL,28,26,10.0,147.0,1470.0,2024-05-30
2024053001031449,PPL,57,8,30.0,449.0,13470.0,2024-05-30
2024053001031448,PPL,45,52,10.0,449.0,4490.0,2024-05-30
2024053003014311,SJLIC,34,45,75.0,413.0,30975.0,2024-05-30
2024053003014310,SJLIC,58,45,55.0,413.0,22715.0,2024-05-30
2024053003014309,SJLIC,47,45,10.0,413.0,4130.0,2024-05-30
2024053003014308,SJLIC,21,45,10.0,413.0,4130.0,2024-05-30
2024053001031447,VLUCL,45,45,40.0,505.0,20200.0,2024-05-30
2024053001031446,HBL,38,58,150.0,191.6,28740.0,2024-05-30
2024053001031445,HBL,32,58,10.0,191.7,1917.0,2024-05-30
2024053001031444,SBI,5,21,100.0,298.0,29800.0,2024-05-30
2024053001031443,SBI,5,6,33.0,297.6,9820.8,2024-05-30
2024053001031442,SBI,5,7,39.0,297.6,11606.4,2024-05-30
2024053001031441,SBI,5,47,20.0,297.0,5940.0,2024-05-30
2024053001031440,SBI,5,49,55.0,297.0,16335.0,2024-05-30
2024053001031439,SMHL,29,33,200.0,559.9,111980.0,2024-05-30
2024053001031438,HATHY,35,64,10.0,890.0,8900.0,2024-05-30
2024053003014307,SAPDBL,77,86,70.0,318.0,22260.0,2024-05-30
2024053003014306,SAPDBL,77,57,30.0,317.0,9510.0,2024-05-30
2024053004010529,AHPC,26,53,20.0,158.9,3178.0,2024-05-30
2024053003014305,SFCL,42,22,10.0,340.1,3401.0,2024-05-30
2024053001031437,SCB,22,22,47.0,565.0,26555.0,2024-05-30
2024053003014304,ALICL,34,49,24.0,566.4,13593.6,2024-05-30
2024053003014303,GLBSL,49,62,10.0,1843.2,18432.0,2024-05-30
2024053001031436,VLUCL,11,58,10.0,506.9,5069.0,2024-05-30
2024053001031435,CYCL,71,59,10.0,1427.9,14279.0,2024-05-30
2024053001031434,CYCL,71,40,20.0,1426.0,28520.0,2024-05-30
2024053001031433,SONA,41,56,150.0,450.0,67500.0,2024-05-30
2024053001031432,SMHL,62,33,80.0,559.9,44792.0,2024-05-30
2024053001031431,SMHL,62,42,20.0,555.0,11100.0,2024-05-30
2024053001031430,KDL,28,34,56.0,1153.0,64568.0,2024-05-30
2024053001031429,CKHL,10,47,10.0,560.0,5600.0,2024-05-30
2024053001031428,MCHL,58,57,60.0,395.5,23730.0,2024-05-30
2024053001031427,MCHL,17,57,50.0,395.5,19775.0,2024-05-30
2024053003014302,SADBL,6,57,500.0,314.0,157000.0,2024-05-30
2024053004010528,GHL,65,85,500.0,146.4,73200.0,2024-05-30
2024053001031426,PRVU,45,7,50.0,144.7,7235.0,2024-05-30
2024053003014301,SABSL,88,45,200.0,933.0,186600.0,2024-05-30
2024053001031425,NWCL,58,10,10.0,789.9,7899.0,2024-05-30
2024053001031424,HDL,58,48,35.0,1305.0,45675.0,2024-05-30
2024053001031423,HDL,58,17,65.0,1305.0,84825.0,2024-05-30
2024053001031422,PPL,36,13,20.0,448.9,8978.0,2024-05-30
2024053004010527,HEI,50,32,1888.0,592.2,1118073.6,2024-05-30
2024053003014300,NLIC,72,49,10.0,603.0,6030.0,2024-05-30
2024053004010526,SHEL,35,42,100.0,157.0,15700.0,2024-05-30
2024053001031421,NWCL,25,38,20.0,785.0,15700.0,2024-05-30
2024053001031420,NWCL,14,38,10.0,785.0,7850.0,2024-05-30
2024053001031419,NWCL,56,38,50.0,785.1,39255.0,2024-05-30
2024053001031418,NWCL,39,38,20.0,789.0,15780.0,2024-05-30
2024053003014299,MERO,52,59,20.0,657.0,13140.0,2024-05-30
2024053001031417,SONA,22,56,10.0,450.0,4500.0,2024-05-30
2024053003014298,GBBL,29,49,150.0,361.0,54150.0,2024-05-30
2024053003014297,BFC,49,32,10.0,415.0,4150.0,2024-05-30
2024053001031416,ADBL,52,49,608.0,260.1,158140.8,2024-05-30
2024053001031415,ADBL,52,49,112.0,260.2,29142.4,2024-05-30
2024053001031414,ADBL,38,49,100.0,260.3,26030.0,2024-05-30
2024053001031413,ADBL,21,49,190.0,260.5,49495.0,2024-05-30
2024053001031412,ADBL,45,49,10.0,260.7,2607.0,2024-05-30
2024053001031411,DOLTI,17,38,100.0,412.3,41230.0,2024-05-30
2024053001031410,BEDC,16,8,250.0,393.7,98425.0,2024-05-30
2024053001031409,MMKJL,47,33,100.0,426.9,42690.0,2024-05-30
2024053003014296,SINDU,48,32,73.0,379.0,27667.0,2024-05-30
2024053003014295,NABBC,42,38,30.0,624.0,18720.0,2024-05-30
2024053004010525,OHL,25,41,10.0,770.0,7700.0,2024-05-30
2024053001031408,SANIMA,35,13,25.0,255.0,6375.0,2024-05-30
2024053003014294,RSDC,4,52,100.0,663.0,66300.0,2024-05-30
2024053003014293,FMDBL,64,82,500.0,678.0,339000.0,2024-05-30
2024053001031407,MKCL,58,58,70.0,962.4,67368.0,2024-05-30
2024053001031406,MKCL,58,52,20.0,962.4,19248.0,2024-05-30
2024053001031405,MKCL,58,28,10.0,960.1,9601.0,2024-05-30
2024053003014292,SADBL,58,35,100.0,314.6,31460.0,2024-05-30
2024053001031404,DOLTI,67,1,10.0,412.1,4121.0,2024-05-30
2024053001031403,RAWA,72,45,200.0,495.0,99000.0,2024-05-30
2024053001031402,RAWA,72,70,60.0,494.4,29664.0,2024-05-30
2024053001031401,KBL,74,29,471.0,142.0,66882.0,2024-05-30
2024053001031400,KBL,59,29,23.0,142.1,3268.3,2024-05-30
2024053001031399,PCBL,26,6,100.0,200.2,20020.0,2024-05-30
2024053001031398,DOLTI,52,38,10.0,412.3,4123.0,2024-05-30
2024053001031397,CITY,38,59,60.0,651.0,39060.0,2024-05-30
2024053003014291,GBLBS,45,59,15.0,742.0,11130.0,2024-05-30
2024053001031396,SRLI,7,43,620.0,437.0,270940.0,2024-05-30
2024053004010524,NHPC,19,17,150.0,145.9,21885.0,2024-05-30
2024053003014290,SINDU,14,32,17.0,379.0,6443.0,2024-05-30
2024053003014289,SINDU,14,42,37.0,376.0,13912.0,2024-05-30
2024053003014288,SINDU,14,58,26.0,376.0,9776.0,2024-05-30
2024053004010523,MHNL,47,54,100.0,230.9,23090.0,2024-05-30
2024053004010522,MHNL,47,48,200.0,230.0,46000.0,2024-05-30
2024053003014287,HLBSL,70,19,10.0,1200.0,12000.0,2024-05-30
2024053003014286,HLI,13,34,80.0,389.0,31120.0,2024-05-30
2024053003014285,HLI,42,34,100.0,389.0,38900.0,2024-05-30
2024053003014284,HLI,58,34,20.0,389.0,7780.0,2024-05-30
2024053001031395,SNLI,45,32,200.0,461.0,92200.0,2024-05-30
2024053003014283,NMLBBL,34,1,67.0,689.0,46163.0,2024-05-30
2024053003014282,NMLBBL,34,58,33.0,689.0,22737.0,2024-05-30
2024053001031394,RHGCL,32,34,19.0,347.0,6593.0,2024-05-30
2024053001031393,MKHL,13,36,10.0,434.1,4341.0,2024-05-30
2024053003014281,MLBL,13,25,10.0,323.9,3239.0,2024-05-30
2024053001031392,SPL,57,51,10.0,707.9,7079.0,2024-05-30
2024053001031391,MKCL,37,33,136.0,960.0,130560.0,2024-05-30
2024053001031390,MKCL,39,33,36.0,960.1,34563.6,2024-05-30
2024053001031389,MKCL,14,33,10.0,960.2,9602.0,2024-05-30
2024053004010521,UNHPL,21,43,50.0,223.9,11195.0,2024-05-30
2024053001031388,MMKJL,47,38,17.0,420.0,7140.0,2024-05-30
2024053001031387,MMKJL,36,38,143.0,425.0,60775.0,2024-05-30
2024053001031386,AVYAN,88,19,190.0,820.0,155800.0,2024-05-30
2024053001031385,AVYAN,62,19,90.0,820.0,73800.0,2024-05-30
2024053003014280,CFCL,63,21,200.0,392.0,78400.0,2024-05-30
2024053001031384,SMHL,49,58,10.0,550.0,5500.0,2024-05-30
2024053001031383,SMHL,49,49,50.0,549.8,27490.0,2024-05-30
2024053004010520,NIL,49,42,13.0,797.0,10361.0,2024-05-30
2024053003014279,NABBC,8,35,27.0,613.0,16551.0,2024-05-30
2024053003014278,MNBBL,56,48,120.0,345.5,41460.0,2024-05-30
2024053003014277,SJLIC,21,14,65.0,413.0,26845.0,2024-05-30
2024053003014276,SJLIC,41,14,35.0,413.0,14455.0,2024-05-30
2024053003014275,ALBSL,33,7,277.0,950.0,263150.0,2024-05-30
2024053003014274,ALBSL,33,7,233.0,950.1,221373.3,2024-05-30
2024053003014273,KMCDB,62,54,26.0,1030.0,26780.0,2024-05-30
2024053003014272,KMCDB,62,13,500.0,1030.0,515000.0,2024-05-30
2024053003014271,KMCDB,62,5,50.0,1030.0,51500.0,2024-05-30
2024053003014270,KMCDB,62,44,50.0,1030.0,51500.0,2024-05-30
2024053003014269,KMCDB,62,35,300.0,1030.0,309000.0,2024-05-30
2024053003014268,KMCDB,62,49,48.0,1030.0,49440.0,2024-05-30
2024053003014267,KMCDB,62,19,35.0,1029.1,36018.5,2024-05-30
2024053003014266,KMCDB,62,58,130.0,1029.0,133770.0,2024-05-30
2024053003014265,KMCDB,62,46,200.0,1028.0,205600.0,2024-05-30
2024053003014264,KMCDB,62,57,100.0,1027.7,102770.0,2024-05-30
2024053003014263,KMCDB,62,14,50.0,1026.9,51345.0,2024-05-30
2024053003014262,KMCDB,62,34,100.0,1020.0,102000.0,2024-05-30
2024053003014261,KMCDB,62,16,61.0,1020.0,62220.0,2024-05-30
2024053003014260,KMCDB,62,35,500.0,1019.0,509500.0,2024-05-30
2024053003014259,KMCDB,62,13,100.0,1018.9,101890.0,2024-05-30
2024053003014258,KMCDB,62,89,450.0,1018.0,458100.0,2024-05-30
2024053003014257,KMCDB,62,13,41.0,1018.0,41738.0,2024-05-30
2024053003014256,KMCDB,62,13,100.0,1017.0,101700.0,2024-05-30
2024053003014255,KMCDB,62,13,59.0,1017.0,60003.0,2024-05-30
2024053003014254,KMCDB,62,13,100.0,1016.9,101690.0,2024-05-30
2024053001031382,EHPL,62,45,60.0,504.0,30240.0,2024-05-30
2024053001031381,EHPL,62,20,100.0,503.9,50390.0,2024-05-30
2024053001031380,EHPL,62,19,100.0,502.0,50200.0,2024-05-30
2024053001031379,EHPL,62,35,90.0,500.9,45081.0,2024-05-30
2024053001031378,JBLB,42,48,18.0,1319.0,23742.0,2024-05-30
2024053001031377,NICA,16,75,42.0,407.6,17119.2,2024-05-30
2024053004010519,HPPL,49,21,35.0,257.0,8995.0,2024-05-30
2024053003014253,KSBBL,5,50,30.0,371.0,11130.0,2024-05-30
2024053001031376,TAMOR,58,42,90.0,374.0,33660.0,2024-05-30
2024053001031375,TAMOR,58,42,100.0,374.0,37400.0,2024-05-30
2024053001031374,GBIME,45,42,400.0,186.0,74400.0,2024-05-30
2024053001031373,PHCL,42,32,230.0,295.0,67850.0,2024-05-30
2024053001031372,PHCL,42,58,10.0,295.0,2950.0,2024-05-30
2024053001031371,PHCL,42,51,10.0,295.0,2950.0,2024-05-30
2024053001031370,SARBTM,58,6,26.0,849.0,22074.0,2024-05-30
2024053001031369,SARBTM,58,29,24.0,848.0,20352.0,2024-05-30
2024053001031368,JBLB,35,58,16.0,1316.2,21059.2,2024-05-30
2024053001031367,BHDC,66,58,65.0,589.1,38291.5,2024-05-30
2024053001031366,BHPL,29,35,229.0,538.5,123316.5,2024-05-30
2024053001031365,BHPL,6,35,50.0,539.0,26950.0,2024-05-30
2024053001031364,BHPL,45,35,50.0,540.0,27000.0,2024-05-30
2024053001031363,BHPL,58,35,45.0,540.0,24300.0,2024-05-30
2024053001031362,BHPL,42,35,100.0,540.0,54000.0,2024-05-30
2024053001031361,BHPL,44,35,16.0,540.3,8644.8,2024-05-30
2024053001031360,BHPL,45,35,10.0,541.5,5415.0,2024-05-30
2024053004010518,SSHL,4,35,10.0,160.9,1609.0,2024-05-30
2024053001031359,SANIMA,35,36,20.0,255.0,5100.0,2024-05-30
2024053001031358,SANIMA,35,45,18.0,255.0,4590.0,2024-05-30
2024053001031357,SANIMA,35,50,100.0,255.0,25500.0,2024-05-30
2024053001031356,SANIMA,35,50,100.0,255.0,25500.0,2024-05-30
2024053001031355,SANIMA,35,7,10.0,254.3,2543.0,2024-05-30
2024053004010517,SHEL,41,54,500.0,156.9,78450.0,2024-05-30
2024053001031354,SHIVM,1,43,100.0,499.0,49900.0,2024-05-30
2024053003014252,NMLBBL,22,58,10.0,689.0,6890.0,2024-05-30
2024053001031353,NABIL,49,19,36.0,478.3,17218.8,2024-05-30
2024053001031352,NABIL,49,29,300.0,478.0,143400.0,2024-05-30
2024053001031351,NABIL,49,44,50.0,478.0,23900.0,2024-05-30
2024053001031350,NABIL,49,28,50.0,478.0,23900.0,2024-05-30
2024053001031349,NABIL,49,38,64.0,478.0,30592.0,2024-05-30
2024053001031348,RNLI,8,58,40.0,426.3,17052.0,2024-05-30
2024053001031347,SMHL,59,7,820.0,548.0,449360.0,2024-05-30
2024053001031346,SMHL,45,7,30.0,549.0,16470.0,2024-05-30
2024053003014251,USLB,57,59,20.0,1936.0,38720.0,2024-05-30
2024053003014250,USLB,55,59,50.0,1936.0,96800.0,2024-05-30
2024053003014249,FMDBL,64,34,240.0,678.0,162720.0,2024-05-30
2024053001031345,KDL,34,1,10.0,1160.0,11600.0,2024-05-30
2024053001031344,KDL,34,41,10.0,1160.0,11600.0,2024-05-30
2024053003014248,FMDBL,64,57,54.0,678.0,36612.0,2024-05-30
2024053003014247,FMDBL,52,57,16.0,678.0,10848.0,2024-05-30
2024053001031343,MKHL,44,34,50.0,432.1,21605.0,2024-05-30
2024053003014246,NICLBSL,34,48,34.0,650.0,22100.0,2024-05-30
2024053003014245,NICLBSL,34,11,20.0,650.0,13000.0,2024-05-30
2024053003014244,NICLBSL,34,57,10.0,649.0,6490.0,2024-05-30
2024053003014243,NICLBSL,34,57,36.0,649.0,23364.0,2024-05-30
2024053003014242,NICLBSL,34,57,10.0,649.0,6490.0,2024-05-30
2024053003014241,NICLBSL,34,11,20.0,648.0,12960.0,2024-05-30
2024053003014240,NICLBSL,34,43,70.0,644.0,45080.0,2024-05-30
2024053004010516,AHPC,33,34,15.0,158.0,2370.0,2024-05-30
2024053004010515,AHPC,49,34,250.0,158.2,39550.0,2024-05-30
2024053004010514,AHPC,48,34,500.0,158.3,79150.0,2024-05-30
2024053004010513,UMHL,21,41,10.0,236.0,2360.0,2024-05-30
2024053001031342,GVL,72,65,785.0,465.0,365025.0,2024-05-30
2024053001031341,GVL,72,59,100.0,464.0,46400.0,2024-05-30
2024053001031340,GVL,72,45,115.0,452.7,52060.5,2024-05-30
2024053004010512,RURU,66,34,126.0,624.7,78712.2,2024-05-30
2024053001031339,NWCL,16,66,300.0,789.0,236700.0,2024-05-30
2024053001031338,ULBSL,58,29,20.0,1763.4,35268.0,2024-05-30
2024053003014239,USLB,95,62,50.0,1936.3,96815.0,2024-05-30
2024053003014238,NFS,41,39,100.0,556.6,55660.0,2024-05-30
2024053003014237,BFC,32,38,10.0,412.0,4120.0,2024-05-30
2024053001031337,ILI,57,53,380.0,436.6,165908.0,2024-05-30
2024053001031336,ILI,35,53,120.0,437.0,52440.0,2024-05-30
2024053001031335,ULHC,69,17,100.0,399.3,39930.0,2024-05-30
2024053001031334,MEL,21,62,1000.0,227.7,227700.0,2024-05-30
2024053004010511,SPDL,69,13,300.0,235.0,70500.0,2024-05-30
2024053004010510,SPDL,58,13,919.0,235.0,215965.0,2024-05-30
2024053003014236,GUFL,64,34,267.0,653.0,174351.0,2024-05-30
2024053003014235,GUFL,17,34,50.0,653.0,32650.0,2024-05-30
2024053003014234,GUFL,35,34,100.0,653.0,65300.0,2024-05-30
2024053003014233,GUFL,58,34,80.0,654.0,52320.0,2024-05-30
2024053003014232,GUFL,58,34,500.0,654.0,327000.0,2024-05-30
2024053003014231,GUFL,67,34,300.0,654.0,196200.0,2024-05-30
2024053003014230,GUFL,34,34,31.0,654.1,20277.1,2024-05-30
2024053004010509,UPPER,13,4,1000.0,162.7,162700.0,2024-05-30
2024053001031333,PRVU,41,45,1358.0,144.5,196231.0,2024-05-30
2024053001031332,PRVU,32,45,100.0,144.5,14450.0,2024-05-30
2024053001031331,PRVU,34,45,50.0,144.5,7225.0,2024-05-30
2024053001031330,PRVU,19,45,50.0,144.5,7225.0,2024-05-30
2024053001031329,PRVU,8,45,442.0,144.5,63869.0,2024-05-30
2024053001031328,SBI,64,67,100.0,295.0,29500.0,2024-05-30
2024053001031327,MEL,42,50,455.0,228.0,103740.0,2024-05-30
2024053001031326,NABIL,42,38,194.0,478.0,92732.0,2024-05-30
2024053001031325,NABIL,42,32,164.0,477.6,78326.4,2024-05-30
2024053004010508,NHDL,50,91,500.0,499.0,249500.0,2024-05-30
2024053001031324,KBL,59,58,27.0,142.1,3836.7,2024-05-30
2024053001031323,KBL,48,58,13.0,142.1,1847.3,2024-05-30
2024053003014229,NMLBBL,91,58,50.0,689.0,34450.0,2024-05-30
2024053003014228,NMLBBL,35,58,12.0,689.0,8268.0,2024-05-30
2024053003014227,NMLBBL,34,58,50.0,689.0,34450.0,2024-05-30
2024053003014226,NMLBBL,11,58,25.0,689.0,17225.0,2024-05-30
2024053003014225,NMLBBL,60,58,170.0,689.0,117130.0,2024-05-30
2024053003014224,NMLBBL,38,58,50.0,689.1,34455.0,2024-05-30
2024053003014223,NABBC,25,58,500.0,612.1,306050.0,2024-05-30
2024053003014222,MFIL,4,35,30.0,503.0,15090.0,2024-05-30
2024053001031322,MHL,26,32,12.0,449.5,5394.0,2024-05-30
2024053001031321,MHL,26,51,10.0,448.0,4480.0,2024-05-30
2024053001031320,MHL,26,4,28.0,445.0,12460.0,2024-05-30
2024053003014221,NICLBSL,34,22,10.0,641.0,6410.0,2024-05-30
2024053001031319,TPC,25,49,10.0,493.5,4935.0,2024-05-30
2024053003014220,MLBL,21,56,364.0,323.0,117572.0,2024-05-30
2024053003014219,MLBL,58,56,100.0,323.0,32300.0,2024-05-30
2024053003014218,MLBL,19,56,36.0,323.0,11628.0,2024-05-30
2024053003014217,NMBMF,49,44,100.0,642.0,64200.0,2024-05-30
2024053003014216,NMBMF,56,44,200.0,642.0,128400.0,2024-05-30
2024053005004561,NTC,14,8,22.0,832.1,18306.2,2024-05-30
2024053003014215,NABBC,25,13,50.0,612.1,30605.0,2024-05-30
2024053003014214,NABBC,64,13,50.0,612.3,30615.0,2024-05-30
2024053003014213,WNLB,34,41,10.0,1360.0,13600.0,2024-05-30
2024053004010507,JOSHI,45,19,860.0,307.7,264622.0,2024-05-30
2024053004010506,JOSHI,45,68,140.0,307.7,43078.0,2024-05-30
2024053001031318,SMJC,34,34,100.0,382.0,38200.0,2024-05-30
2024053001031317,SMJC,34,63,100.0,381.9,38190.0,2024-05-30
2024053005004560,NRIC,42,25,20.0,668.5,13370.0,2024-05-30
2024053001031316,IHL,42,50,200.0,403.0,80600.0,2024-05-30
2024053001031315,BHPL,42,45,10.0,547.0,5470.0,2024-05-30
2024053004010505,RURU,72,34,10.0,624.7,6247.0,2024-05-30
2024053003014212,ILBS,34,94,130.0,1280.0,166400.0,2024-05-30
2024053003014211,ILBS,66,94,50.0,1280.0,64000.0,2024-05-30
2024053003014210,ILBS,57,94,100.0,1280.0,128000.0,2024-05-30
2024053003014209,ILBS,32,94,100.0,1280.0,128000.0,2024-05-30
2024053003014208,ILBS,38,94,50.0,1280.0,64000.0,2024-05-30
2024053003014207,ILBS,55,94,21.0,1280.0,26880.0,2024-05-30
2024053003014206,ILBS,18,94,68.0,1280.0,87040.0,2024-05-30
2024053003014205,ILBS,66,94,100.0,1280.1,128010.0,2024-05-30
2024053003014204,ILBS,62,94,20.0,1280.1,25602.0,2024-05-30
2024053003014203,ILBS,26,94,11.0,1281.0,14091.0,2024-05-30
2024053004010504,HEI,58,32,345.0,592.2,204309.0,2024-05-30
2024053001031314,USHL,29,42,10.0,512.0,5120.0,2024-05-30
2024053001031313,MHL,71,4,10.0,445.0,4450.0,2024-05-30
2024053003014202,SWMF,43,60,36.0,800.0,28800.0,2024-05-30
2024053003014201,SWMF,43,60,36.0,801.0,28836.0,2024-05-30
2024053004010503,IGI,50,40,172.0,528.0,90816.0,2024-05-30
2024053001031312,NRM,38,52,10.0,375.0,3750.0,2024-05-30
2024053001031311,SPL,49,58,10.0,706.0,7060.0,2024-05-30
2024053005004559,CHDC,28,55,40.0,902.0,36080.0,2024-05-30
2024053003014200,GUFL,34,56,69.0,654.1,45132.9,2024-05-30
2024053003014199,GUFL,45,56,36.0,655.0,23580.0,2024-05-30
2024053003014198,GUFL,42,56,40.0,655.0,26200.0,2024-05-30
2024053003014197,GUFL,34,56,345.0,655.0,225975.0,2024-05-30
2024053003014196,GUFL,47,56,70.0,655.1,45857.0,2024-05-30
2024053001031310,SGHC,56,50,20.0,332.6,6652.0,2024-05-30
2024053001031309,SARBTM,41,14,25.0,843.0,21075.0,2024-05-30
2024053001031308,SARBTM,56,14,25.0,846.0,21150.0,2024-05-30
2024053001031307,PCBL,38,32,248.0,200.0,49600.0,2024-05-30
2024053001031306,PCBL,47,32,250.0,200.0,50000.0,2024-05-30
2024053001031305,PCBL,43,32,500.0,200.0,100000.0,2024-05-30
2024053001031304,PCBL,41,32,500.0,200.0,100000.0,2024-05-30
2024053001031303,PCBL,6,32,66.0,200.0,13200.0,2024-05-30
2024053001031302,PCBL,54,32,168.0,200.1,33616.8,2024-05-30
2024053001031301,PCBL,59,32,100.0,200.1,20010.0,2024-05-30
2024053003014195,JFL,22,25,500.0,555.0,277500.0,2024-05-30
2024053003014194,JFL,17,25,500.0,555.1,277550.0,2024-05-30
2024053001031300,EHPL,10,35,10.0,500.9,5009.0,2024-05-30
2024053001031299,NBL,21,34,50.0,210.0,10500.0,2024-05-30
2024053001031298,NICA,45,28,258.0,409.0,105522.0,2024-05-30
2024053001031297,NICA,45,42,167.0,409.0,68303.0,2024-05-30
2024053001031296,NICA,45,51,100.0,409.0,40900.0,2024-05-30
2024053001031295,NICA,45,62,150.0,408.9,61335.0,2024-05-30
2024053001031294,NICA,45,33,100.0,408.9,40890.0,2024-05-30
2024053001031293,NICA,45,43,25.0,408.9,10222.5,2024-05-30
2024053001031292,NICA,45,58,50.0,408.7,20435.0,2024-05-30
2024053001031291,NICA,45,6,100.0,408.6,40860.0,2024-05-30
2024053001031290,NICA,45,49,50.0,408.0,20400.0,2024-05-30
2024053001031289,TSHL,16,68,40.0,505.0,20200.0,2024-05-30
2024053001031288,CLI,34,60,10.0,468.0,4680.0,2024-05-30
2024053004010502,MHNL,38,5,90.0,229.0,20610.0,2024-05-30
2024053004010501,GLH,43,4,10.0,204.0,2040.0,2024-05-30
2024053003014193,NICLBSL,55,57,60.0,642.0,38520.0,2024-05-30
2024053001031287,MKCL,39,6,10.0,960.1,9601.0,2024-05-30
2024053004010500,RADHI,44,11,605.0,231.0,139755.0,2024-05-30
2024053004010499,RADHI,29,11,500.0,231.0,115500.0,2024-05-30
2024053004010498,RADHI,58,11,287.0,231.0,66297.0,2024-05-30
2024053004010497,RADHI,44,11,1000.0,231.1,231100.0,2024-05-30
2024053004010496,RADHI,43,11,500.0,231.2,115600.0,2024-05-30
2024053004010495,RADHI,16,11,300.0,231.3,69390.0,2024-05-30
2024053004010494,RADHI,16,11,130.0,231.3,30069.0,2024-05-30
2024053004010493,SHEL,7,42,50.0,157.0,7850.0,2024-05-30
2024053001031286,EBL,46,51,25.0,523.0,13075.0,2024-05-30
2024053001031285,SHIVM,48,48,6.0,500.0,3000.0,2024-05-30
2024053003014192,PMLI,32,32,10.0,499.0,4990.0,2024-05-30
2024053001031284,RHGCL,45,32,223.0,346.7,77314.1,2024-05-30
2024053001031283,RHGCL,34,32,65.0,347.3,22574.5,2024-05-30
2024053001031282,RHGCL,21,32,12.0,347.3,4167.6,2024-05-30
2024053001031281,MAKAR,4,45,100.0,373.0,37300.0,2024-05-30
2024053003014191,CORBL,45,36,10.0,465.0,4650.0,2024-05-30
2024053003014190,CORBL,45,46,10.0,464.9,4649.0,2024-05-30
2024053003014189,SADBL,35,45,70.0,313.5,21945.0,2024-05-30
2024053004010492,HDHPC,41,67,400.0,130.2,52080.0,2024-05-30
2024053001031280,MEL,21,36,10.0,227.7,2277.0,2024-05-30
2024053001031279,SNLI,45,34,10.0,461.0,4610.0,2024-05-30
2024053001031278,SARBTM,42,29,10.0,848.0,8480.0,2024-05-30
2024053001031277,KDL,28,58,10.0,1153.0,11530.0,2024-05-30
2024053003014188,MERO,49,58,10.0,655.7,6557.0,2024-05-30
2024053001031276,SONA,58,35,10.0,448.9,4489.0,2024-05-30
2024053003014187,NMLBBL,54,1,50.0,690.0,34500.0,2024-05-30
2024053001031275,SAHAS,1,19,20.0,527.0,10540.0,2024-05-30
2024053003014186,SAPDBL,43,57,120.0,317.0,38040.0,2024-05-30
2024053003014185,SAPDBL,43,38,80.0,317.0,25360.0,2024-05-30
2024053004010491,SPDL,17,8,14.0,236.0,3304.0,2024-05-30
2024053001031274,HATHY,45,32,27.0,887.0,23949.0,2024-05-30
2024053001031273,HATHY,39,32,100.0,887.0,88700.0,2024-05-30
2024053001031272,HATHY,34,32,300.0,887.0,266100.0,2024-05-30
2024053001031271,HATHY,55,32,500.0,887.0,443500.0,2024-05-30
2024053001031270,HATHY,1,32,50.0,887.0,44350.0,2024-05-30
2024053001031269,HATHY,57,32,23.0,888.0,20424.0,2024-05-30
2024053004010490,RHPL,57,46,30.0,271.0,8130.0,2024-05-30
2024053004010489,RHPL,57,41,150.0,271.0,40650.0,2024-05-30
2024053004010488,RHPL,57,6,50.0,271.0,13550.0,2024-05-30
2024053004010487,RHPL,57,49,15.0,270.8,4062.0,2024-05-30
2024053004010486,MEN,57,82,40.0,574.0,22960.0,2024-05-30
2024053001031268,CLI,34,34,100.0,468.0,46800.0,2024-05-30
2024053001031267,AHL,34,39,10.0,462.0,4620.0,2024-05-30
2024053003014184,NABBC,42,35,10.0,613.0,6130.0,2024-05-30
2024053003014183,ILBS,74,13,60.0,1309.0,78540.0,2024-05-30
2024053003014182,ILBS,74,5,36.0,1308.8,47116.8,2024-05-30
2024053003014181,ILBS,74,75,100.0,1308.0,130800.0,2024-05-30
2024053003014180,ILBS,74,75,200.0,1307.0,261400.0,2024-05-30
2024053003014179,ILBS,74,5,100.0,1304.0,130400.0,2024-05-30
2024053003014178,ILBS,74,67,300.0,1298.0,389400.0,2024-05-30
2024053004010485,UAIL,55,51,20.0,570.5,11410.0,2024-05-30
2024053001031266,SAHAS,29,22,10.0,532.0,5320.0,2024-05-30
2024053001031265,SAHAS,29,42,10.0,531.0,5310.0,2024-05-30
2024053001031264,SAHAS,29,52,10.0,531.0,5310.0,2024-05-30
2024053001031263,SAHAS,29,36,25.0,527.1,13177.5,2024-05-30
2024053003014177,GILB,62,37,162.0,1267.4,205318.8,2024-05-30
2024053003014176,GILB,67,37,255.0,1267.5,323212.5,2024-05-30
2024053003014175,GILB,62,37,100.0,1270.0,127000.0,2024-05-30
2024053003014174,GILB,62,37,50.0,1270.0,63500.0,2024-05-30
2024053001031262,NWCL,56,21,40.0,789.9,31596.0,2024-05-30
2024053001031261,SCB,65,38,932.0,568.0,529376.0,2024-05-30
2024053001031260,SCB,65,4,133.0,567.0,75411.0,2024-05-30
2024053001031259,SCB,65,4,150.0,567.0,85050.0,2024-05-30
2024053001031258,SCB,65,4,100.0,567.0,56700.0,2024-05-30
2024053001031257,SCB,65,76,81.0,566.9,45918.9,2024-05-30
2024053001031256,SCB,65,76,362.0,566.0,204892.0,2024-05-30
2024053001031255,SCB,65,6,42.0,565.9,23767.8,2024-05-30
2024053001031254,SRLI,4,40,30.0,440.0,13200.0,2024-05-30
2024053001031253,SRLI,4,58,10.0,440.0,4400.0,2024-05-30
2024053001031252,SRLI,4,46,20.0,440.0,8800.0,2024-05-30
2024053001031251,SRLI,4,38,10.0,439.0,4390.0,2024-05-30
2024053001031250,SRLI,4,51,20.0,437.1,8742.0,2024-05-30
2024053001031249,SONA,19,4,271.0,448.0,121408.0,2024-05-30
2024053001031248,SONA,52,4,84.0,448.0,37632.0,2024-05-30
2024053001031247,SNLI,45,57,10.0,461.0,4610.0,2024-05-30
2024053004010484,CGH,21,42,60.0,863.5,51810.0,2024-05-30
2024053004010483,CGH,21,35,50.0,860.0,43000.0,2024-05-30
2024053004010482,RIDI,52,41,65.0,167.7,10900.5,2024-05-30
2024053004010481,RIDI,22,41,11.0,168.0,1848.0,2024-05-30
2024053004010480,RIDI,58,41,44.0,168.0,7392.0,2024-05-30
2024053001031246,GCIL,58,41,11.0,492.0,5412.0,2024-05-30
2024053003014173,GILB,34,43,10.0,1275.0,12750.0,2024-05-30
2024053004010479,KKHC,39,34,84.0,219.1,18404.4,2024-05-30
2024053003014172,GLBSL,47,42,43.0,1843.0,79249.0,2024-05-30
2024053003014171,GLBSL,58,42,89.0,1843.2,164044.8,2024-05-30
2024053003014170,ILBS,66,42,100.0,1281.0,128100.0,2024-05-30
2024053004010478,SHEL,34,42,100.0,157.0,15700.0,2024-05-30
2024053001031245,USHL,22,42,64.0,512.0,32768.0,2024-05-30
2024053003014169,SIFC,49,34,180.0,423.0,76140.0,2024-05-30
2024053001031244,HIDCLP,29,58,10.0,99.0,990.0,2024-05-30
2024053004010477,CHCL,58,35,42.0,444.0,18648.0,2024-05-30
2024053003014168,ILBS,19,26,194.0,1282.0,248708.0,2024-05-30
2024053003014167,ILBS,66,26,100.0,1282.0,128200.0,2024-05-30
2024053003014166,ILBS,66,26,500.0,1283.0,641500.0,2024-05-30
2024053003014165,ILBS,7,26,38.0,1283.0,48754.0,2024-05-30
2024053003014164,ILBS,62,26,20.0,1283.1,25662.0,2024-05-30
2024053003014163,ILBS,32,26,50.0,1285.0,64250.0,2024-05-30
2024053003014162,ILBS,80,26,50.0,1285.0,64250.0,2024-05-30
2024053003014161,ILBS,53,26,48.0,1288.0,61824.0,2024-05-30
2024053001031243,CZBIL,6,38,50.0,170.2,8510.0,2024-05-30
2024053004010476,SHEL,49,42,20.0,157.0,3140.0,2024-05-30
2024053004010475,NGPL,80,17,100.0,308.5,30850.0,2024-05-30
2024053004010474,GHL,4,85,500.0,146.5,73250.0,2024-05-30
2024053004010473,HEI,58,32,27.0,592.3,15992.1,2024-05-30
2024053001031242,USHEC,64,13,200.0,396.4,79280.0,2024-05-30
2024053001031241,HATHY,57,32,177.0,888.0,157176.0,2024-05-30
2024053001031240,MBJC,67,26,100.0,297.0,29700.0,2024-05-30
2024053004010472,RBCL,49,50,20.0,13200.0,264000.0,2024-05-30
2024053004010471,API,41,55,19.0,169.2,3214.8,2024-05-30
2024053003014160,MFIL,45,42,10.0,503.4,5034.0,2024-05-30
2024053001031239,ULBSL,58,29,11.0,1763.4,19397.4,2024-05-30
2024053004010470,UPCL,45,37,100.0,192.0,19200.0,2024-05-30
2024053004010469,UPCL,57,37,100.0,192.0,19200.0,2024-05-30
2024053004010468,UPCL,38,37,300.0,192.1,57630.0,2024-05-30
2024053004010467,UPCL,5,37,500.0,192.2,96100.0,2024-05-30
2024053004010466,CHCL,52,35,100.0,444.0,44400.0,2024-05-30
2024053004010465,CHCL,6,35,10.0,444.0,4440.0,2024-05-30
2024053004010464,CHCL,45,35,267.0,444.0,118548.0,2024-05-30
2024053004010463,SHEL,54,42,50.0,157.0,7850.0,2024-05-30
2024053003014159,NABBC,25,58,86.0,612.1,52640.6,2024-05-30
2024053003014158,NABBC,88,58,300.0,612.1,183630.0,2024-05-30
2024053003014157,NABBC,25,58,300.0,612.1,183630.0,2024-05-30
2024053003014156,NABBC,3,58,164.0,612.2,100400.8,2024-05-30
2024053003014155,NABBC,39,58,50.0,612.3,30615.0,2024-05-30
2024053003014154,NABBC,48,58,100.0,613.0,61300.0,2024-05-30
2024053005004558,HRL,28,58,100.0,573.9,57390.0,2024-05-30
2024053005004557,HRL,34,58,280.0,573.9,160692.0,2024-05-30
2024053005004556,HRL,13,58,36.0,573.9,20660.4,2024-05-30
2024053005004555,HRL,49,58,448.0,573.9,257107.2,2024-05-30
2024053005004554,HRL,47,58,20.0,574.0,11480.0,2024-05-30
2024053005004553,HRL,8,58,100.0,574.0,57400.0,2024-05-30
2024053001031238,GBIME,45,40,80.0,186.0,14880.0,2024-05-30
2024053001031237,GBIME,49,40,20.0,186.1,3722.0,2024-05-30
2024053004010462,UPPER,6,38,100.0,162.9,16290.0,2024-05-30
2024053004010461,UPPER,17,38,220.0,162.9,35838.0,2024-05-30
2024053001031236,SONA,52,44,146.0,448.0,65408.0,2024-05-30
2024053001031235,SONA,58,44,20.0,448.0,8960.0,2024-05-30
2024053001031234,SONA,58,44,434.0,448.0,194432.0,2024-05-30
2024053004010460,UAIL,50,14,10.0,569.0,5690.0,2024-05-30
2024053004010459,UAIL,45,14,10.0,569.1,5691.0,2024-05-30
2024053004010458,UAIL,45,14,10.0,569.2,5692.0,2024-05-30
2024053004010457,UAIL,49,14,200.0,570.0,114000.0,2024-05-30
2024053001031233,SHIVM,1,14,649.0,499.0,323851.0,2024-05-30
2024053001031232,SHIVM,51,14,300.0,499.0,149700.0,2024-05-30
2024053001031231,SHIVM,58,14,61.0,499.0,30439.0,2024-05-30
2024053001031230,SHIVM,25,14,10.0,499.1,4991.0,2024-05-30
2024053001031229,SHIVM,37,14,980.0,499.3,489314.0,2024-05-30
2024053005004552,SAGF,56,7,1050.0,8.9,9345.0,2024-05-30
2024053005004551,SAGF,39,7,900.0,8.95,8055.0,2024-05-30
2024053005004550,SAGF,58,7,250.0,9.0,2250.0,2024-05-30
2024053001031228,SMHL,65,59,10.0,550.0,5500.0,2024-05-30
2024053001031227,UNLB,48,21,10.0,1935.0,19350.0,2024-05-30
2024053001031226,ULBSL,58,10,10.0,1763.4,17634.0,2024-05-30
2024053004010456,RURU,66,57,24.0,616.2,14788.8,2024-05-30
2024053001031225,NICA,42,49,70.0,408.0,28560.0,2024-05-30
2024053004010455,LEC,37,38,20.0,181.2,3624.0,2024-05-30
2024053001031224,SPL,37,58,30.0,705.0,21150.0,2024-05-30
2024053003014153,USLB,58,62,13.0,1936.3,25171.9,2024-05-30
2024053001031223,NIMB,69,58,100.0,162.0,16200.0,2024-05-30
2024053001031222,NIMB,25,58,10.0,162.0,1620.0,2024-05-30
2024053001031221,NIMB,42,58,1000.0,162.0,162000.0,2024-05-30
2024053001031220,NIMB,6,58,100.0,162.0,16200.0,2024-05-30
2024053001031219,NIMB,45,58,137.0,162.0,22194.0,2024-05-30
2024053001031218,NIMB,48,58,500.0,162.1,81050.0,2024-05-30
2024053001031217,NIMB,49,58,90.0,162.2,14598.0,2024-05-30
2024053001031216,NIMB,5,58,200.0,162.2,32440.0,2024-05-30
2024053001031215,NIMB,13,58,200.0,162.2,32440.0,2024-05-30
2024053004010454,GHL,49,26,20.0,147.0,2940.0,2024-05-30
2024053004010453,SPIL,45,49,10.0,766.2,7662.0,2024-05-30
2024053001031214,EHPL,35,6,100.0,497.0,49700.0,2024-05-30
2024053003014152,HLBSL,19,70,100.0,1191.4,119140.0,2024-05-30
2024053003014151,ALBSL,32,58,10.0,958.0,9580.0,2024-05-30
2024053003014150,PROFL,10,52,600.0,336.6,201960.0,2024-05-30
2024053001031213,MCHL,35,10,50.0,396.0,19800.0,2024-05-30
2024053004010452,MEN,16,82,116.0,573.0,66468.0,2024-05-30
2024053004010451,MEN,62,82,200.0,573.0,114600.0,2024-05-30
2024053004010450,MEN,26,82,300.0,573.1,171930.0,2024-05-30
2024053004010449,MEN,57,82,102.0,573.5,58497.0,2024-05-30
2024053004010448,CHCL,45,57,100.0,444.0,44400.0,2024-05-30
2024053001031212,SPL,57,49,10.0,706.0,7060.0,2024-05-30
2024053001031211,SONA,36,56,190.0,450.0,85500.0,2024-05-30
2024053001031210,SONA,36,13,310.0,450.0,139500.0,2024-05-30
2024053001031209,MEL,45,50,10.0,228.0,2280.0,2024-05-30
2024053001031208,PPL,42,47,30.0,446.2,13386.0,2024-05-30
2024053003014149,SHINE,34,57,10.0,388.0,3880.0,2024-05-30
2024053001031207,AVYAN,66,19,10.0,824.0,8240.0,2024-05-30
2024053004010447,CHL,55,50,468.0,329.7,154299.6,2024-05-30
2024053004010446,CHL,55,58,10.0,329.0,3290.0,2024-05-30
2024053004010445,CHL,55,42,200.0,328.0,65600.0,2024-05-30
2024053004010444,CHL,55,52,200.0,328.0,65600.0,2024-05-30
2024053004010443,CHL,55,45,100.0,328.0,32800.0,2024-05-30
2024053004010442,CHL,55,8,722.0,327.4,236382.8,2024-05-30
2024053004010441,CHL,55,45,300.0,327.4,98220.0,2024-05-30
2024053004010440,CHL,55,41,100.0,327.0,32700.0,2024-05-30
2024053001031206,SMH,39,91,10.0,696.0,6960.0,2024-05-30
2024053001031205,SMH,39,34,10.0,690.0,6900.0,2024-05-30
2024053001031204,SNLI,45,58,10.0,461.0,4610.0,2024-05-30
2024053003014148,PROFL,45,19,150.0,336.1,50415.0,2024-05-30
2024053003014147,MLBBL,33,17,38.0,1248.0,47424.0,2024-05-30
2024053003014146,MLBBL,53,17,22.0,1249.0,27478.0,2024-05-30
2024053004010439,HURJA,49,53,300.0,280.0,84000.0,2024-05-30
2024053004010438,SHEL,11,42,15.0,157.0,2355.0,2024-05-30
2024053001031203,SARBTM,56,58,100.0,845.0,84500.0,2024-05-30
2024053001031202,SARBTM,56,58,10.0,844.0,8440.0,2024-05-30
2024053003014145,HLBSL,14,34,100.0,1202.0,120200.0,2024-05-30
2024053001031201,CLI,14,50,100.0,468.0,46800.0,2024-05-30
2024053001031200,CLI,14,34,85.0,468.0,39780.0,2024-05-30
2024053003014144,SIFC,46,45,10.0,425.0,4250.0,2024-05-30
2024053003014143,NLIC,38,48,164.0,602.2,98760.8,2024-05-30
2024053003014142,NLIC,25,48,96.0,602.2,57811.2,2024-05-30
2024053003014141,NLIC,47,48,70.0,602.2,42154.0,2024-05-30
2024053001031199,ADBL,65,7,198.0,263.0,52074.0,2024-05-30
2024053001031198,ADBL,65,45,50.0,262.0,13100.0,2024-05-30
2024053001031197,ADBL,65,21,682.0,262.0,178684.0,2024-05-30
2024053001031196,ADBL,65,6,70.0,261.0,18270.0,2024-05-30
2024053003014140,CBBL,21,1,10.0,841.0,8410.0,2024-05-30
2024053004010437,HEI,50,50,2000.0,595.0,1190000.0,2024-05-30
2024053001031195,HDL,45,45,30.0,1304.0,39120.0,2024-05-30
2024053003014139,MERO,49,45,201.0,655.7,131795.7,2024-05-30
2024053003014138,NFS,41,34,60.0,556.6,33396.0,2024-05-30
2024053001031194,SMHL,29,33,55.0,559.9,30794.5,2024-05-30
2024053001031193,SMHL,29,32,50.0,559.8,27990.0,2024-05-30
2024053001031192,SMHL,29,45,500.0,559.0,279500.0,2024-05-30
2024053001031191,SMHL,29,21,10.0,559.0,5590.0,2024-05-30
2024053001031190,SMHL,29,41,10.0,559.0,5590.0,2024-05-30
2024053001031189,SMHL,29,21,50.0,558.0,27900.0,2024-05-30
2024053001031188,SMHL,29,71,225.0,558.0,125550.0,2024-05-30
2024053001031187,SMHL,29,10,100.0,550.0,55000.0,2024-05-30
2024053004010436,MHNL,58,5,100.0,229.0,22900.0,2024-05-30
2024053001031186,SONA,22,13,10.0,450.0,4500.0,2024-05-30
2024053001031185,SBI,52,22,15.0,295.0,4425.0,2024-05-30
2024053001031184,SBI,26,22,52.0,295.0,15340.0,2024-05-30
2024053001031183,SBI,74,22,28.0,295.0,8260.0,2024-05-30
2024053001031182,SBI,3,22,75.0,295.0,22125.0,2024-05-30
2024053003014137,PMLI,45,19,10.0,498.0,4980.0,2024-05-30
2024053001031181,HATHY,1,49,50.0,887.0,44350.0,2024-05-30
2024053001031180,HATHY,28,49,100.0,887.1,88710.0,2024-05-30
2024053004010435,SHEL,49,42,475.0,157.0,74575.0,2024-05-30
2024053004010434,SHEL,49,22,1525.0,157.0,239425.0,2024-05-30
2024053001031179,ULHC,69,56,10.0,399.3,3993.0,2024-05-30
2024053001031178,UHEWA,16,53,10.0,394.0,3940.0,2024-05-30
2024053001031177,UHEWA,16,4,10.0,393.0,3930.0,2024-05-30
2024053004010433,HEI,58,13,145.0,592.3,85883.5,2024-05-30
2024053001031176,AHL,58,13,90.0,459.0,41310.0,2024-05-30
2024053001031175,AHL,34,13,10.0,461.9,4619.0,2024-05-30
2024053004010432,NGPL,57,16,50.0,309.0,15450.0,2024-05-30
2024053004010431,SICL,58,50,75.0,702.0,52650.0,2024-05-30
2024053001031174,BNHC,46,41,100.0,590.0,59000.0,2024-05-30
2024053001031173,NWCL,41,21,10.0,789.9,7899.0,2024-05-30
2024053001031172,NWCL,41,22,50.0,789.5,39475.0,2024-05-30
2024053001031171,NWCL,41,57,20.0,789.0,15780.0,2024-05-30
2024053001031170,NWCL,41,42,10.0,789.0,7890.0,2024-05-30
2024053001031169,NWCL,41,49,10.0,789.0,7890.0,2024-05-30
2024053003014136,CORBL,45,46,480.0,464.9,223152.0,2024-05-30
2024053003014135,CORBL,45,55,20.0,462.5,9250.0,2024-05-30
2024053001031168,TVCL,42,38,10.0,448.9,4489.0,2024-05-30
2024053005004549,CHDC,28,66,10.0,902.0,9020.0,2024-05-30
2024053003014134,ICFC,16,34,40.0,510.0,20400.0,2024-05-30
2024053003014133,ICFC,44,34,36.0,510.0,18360.0,2024-05-30
2024053003014132,GUFL,47,60,30.0,655.1,19653.0,2024-05-30
2024053003014131,GUFL,34,60,10.0,655.1,6551.0,2024-05-30
2024053003014130,GUFL,58,60,15.0,655.1,9826.5,2024-05-30
2024053001031167,SPL,37,40,10.0,705.0,7050.0,2024-05-30
2024053001031166,NICA,49,52,27.0,407.5,11002.5,2024-05-30
2024053001031165,NICA,61,52,150.0,407.5,61125.0,2024-05-30
2024053004010430,HEI,58,51,28.0,592.3,16584.4,2024-05-30
2024053004010429,HEI,8,51,10.0,592.3,5923.0,2024-05-30
2024053004010428,HEI,38,51,50.0,592.4,29620.0,2024-05-30
2024053004010427,HEI,49,51,12.0,592.9,7114.8,2024-05-30
2024053004010426,RIDI,58,32,156.0,168.0,26208.0,2024-05-30
2024053004010425,GLH,43,4,405.0,202.2,81891.0,2024-05-30
2024053001031164,MBL,91,38,600.0,175.1,105060.0,2024-05-30
2024053001031163,MBL,74,38,200.0,175.2,35040.0,2024-05-30
2024053001031162,HDL,22,17,50.0,1305.0,65250.0,2024-05-30
2024053001031161,NABIL,22,58,50.0,477.5,23875.0,2024-05-30
2024053001031160,MKCL,39,14,44.0,960.1,42244.4,2024-05-30
2024053001031159,MKCL,96,14,10.0,960.1,9601.0,2024-05-30
2024053001031158,MKCL,58,14,100.0,960.1,96010.0,2024-05-30
2024053005004548,HRL,59,16,50.0,574.1,28705.0,2024-05-30
2024053004010424,PPCL,49,57,530.0,228.0,120840.0,2024-05-30
2024053004010423,PPCL,14,57,100.0,228.2,22820.0,2024-05-30
2024053004010422,PPCL,49,57,50.0,228.4,11420.0,2024-05-30
2024053005004547,NIFRA,16,41,84.0,198.2,16648.8,2024-05-30
2024053001031157,ADBL,8,16,100.0,260.8,26080.0,2024-05-30
2024053001031156,NABIL,35,58,500.0,477.5,238750.0,2024-05-30
2024053001031155,USHL,42,35,190.0,513.0,97470.0,2024-05-30
2024053001031154,RFPL,34,48,10.0,363.0,3630.0,2024-05-30
2024053003014129,BFC,32,34,100.0,412.0,41200.0,2024-05-30
2024053003014128,HLI,35,43,50.0,390.0,19500.0,2024-05-30
2024053003014127,HLI,53,43,20.0,390.0,7800.0,2024-05-30
2024053001031153,ILI,38,53,10.0,437.0,4370.0,2024-05-30
2024053001031152,CITY,38,22,97.0,650.0,63050.0,2024-05-30
2024053001031151,CITY,38,59,37.0,650.0,24050.0,2024-05-30
2024053001031150,SONA,58,58,10.0,448.1,4481.0,2024-05-30
2024053001031149,NRM,29,19,200.0,374.7,74940.0,2024-05-30
2024053001031148,USHL,42,58,10.0,513.0,5130.0,2024-05-30
2024053004010421,UPCL,72,17,75.0,193.9,14542.5,2024-05-30
2024053003014126,KRBL,58,44,30.0,419.0,12570.0,2024-05-30
2024053004010420,AKJCL,32,56,399.0,203.0,80997.0,2024-05-30
2024053004010419,AKJCL,45,56,191.0,203.1,38792.1,2024-05-30
2024053004010418,SHL,40,47,100.0,437.8,43780.0,2024-05-30
2024053004010417,AHPC,14,53,10.0,158.9,1589.0,2024-05-30
2024053001031147,JALPA,29,57,16.0,1400.0,22400.0,2024-05-30
2024053001031146,JALPA,29,4,13.0,1399.9,18198.7,2024-05-30
2024053003014125,GBBL,29,43,50.0,361.0,18050.0,2024-05-30
2024053003014124,GBBL,29,49,10.0,361.0,3610.0,2024-05-30
2024053003014123,GBBL,29,8,20.0,361.0,7220.0,2024-05-30
2024053003014122,GBBL,29,42,250.0,360.9,90225.0,2024-05-30
2024053003014121,GBBL,29,3,100.0,360.5,36050.0,2024-05-30
2024053003014120,GBBL,29,43,50.0,360.5,18025.0,2024-05-30
2024053004010416,HDHPC,41,57,150.0,130.2,19530.0,2024-05-30
2024053001031145,PRVU,50,7,50.0,144.7,7235.0,2024-05-30
2024053003014119,MSLB,33,67,480.0,1206.0,578880.0,2024-05-30
2024053003014118,MSLB,33,58,20.0,1205.0,24100.0,2024-05-30
2024053001031144,BEDC,54,42,220.0,394.0,86680.0,2024-05-30
2024053001031143,CLI,42,34,100.0,468.0,46800.0,2024-05-30
2024053004010415,UPCL,52,49,350.0,194.0,67900.0,2024-05-30
2024053004010414,UPCL,52,42,56.0,194.0,10864.0,2024-05-30
2024053001031142,ILI,52,16,10.0,437.0,4370.0,2024-05-30
2024053003014117,FMDBL,52,51,50.0,678.0,33900.0,2024-05-30
2024053003014116,FMDBL,11,51,200.0,678.1,135620.0,2024-05-30
2024053003014115,FMDBL,32,51,10.0,678.2,6782.0,2024-05-30
2024053003014114,FMDBL,56,51,100.0,679.0,67900.0,2024-05-30
2024053003014113,FMDBL,51,51,40.0,679.1,27164.0,2024-05-30
2024053001031141,SARBTM,57,58,10.0,844.0,8440.0,2024-05-30
2024053003014112,JBBL,22,59,480.0,290.0,139200.0,2024-05-30
2024053003014111,JBBL,54,59,35.0,290.1,10153.5,2024-05-30
2024053003014110,JBBL,21,59,100.0,290.2,29020.0,2024-05-30
2024053003014109,JBBL,54,59,10.0,290.3,2903.0,2024-05-30
2024053001031140,SAMAJ,10,56,10.0,2070.0,20700.0,2024-05-30
2024053004010413,NICL,85,22,700.0,830.0,581000.0,2024-05-30
2024053004010412,NICL,85,45,44.0,830.0,36520.0,2024-05-30
2024053004010411,NICL,85,26,10.0,830.0,8300.0,2024-05-30
2024053001031139,SMHL,65,71,25.0,558.0,13950.0,2024-05-30
2024053001031138,SMHL,65,68,500.0,558.0,279000.0,2024-05-30
2024053001031137,SMHL,65,18,10.0,558.0,5580.0,2024-05-30
2024053001031136,SMHL,65,42,100.0,557.0,55700.0,2024-05-30
2024053001031135,SMHL,65,34,15.0,557.0,8355.0,2024-05-30
2024053001031134,SMHL,65,21,70.0,557.0,38990.0,2024-05-30
2024053001031133,SMHL,65,49,10.0,557.0,5570.0,2024-05-30
2024053001031132,SMHL,65,10,200.0,557.0,111400.0,2024-05-30
2024053001031131,SMHL,65,58,10.0,556.9,5569.0,2024-05-30
2024053001031130,SMHL,65,43,10.0,556.9,5569.0,2024-05-30
2024053001031129,SMHL,65,1,10.0,556.0,5560.0,2024-05-30
2024053001031128,SMHL,65,10,100.0,555.4,55540.0,2024-05-30
2024053001031127,SMHL,65,34,50.0,555.0,27750.0,2024-05-30
2024053001031126,SMHL,65,54,100.0,555.0,55500.0,2024-05-30
2024053001031125,SMHL,65,53,100.0,555.0,55500.0,2024-05-30
2024053001031124,SMHL,65,48,282.0,555.0,156510.0,2024-05-30
2024053001031123,SMHL,65,52,10.0,555.0,5550.0,2024-05-30
2024053001031122,SMHL,65,38,10.0,555.0,5550.0,2024-05-30
2024053001031121,SMHL,65,34,10.0,555.0,5550.0,2024-05-30
2024053001031120,SMHL,65,38,300.0,555.0,166500.0,2024-05-30
2024053001031119,SMHL,65,51,20.0,555.0,11100.0,2024-05-30
2024053001031118,SMHL,65,52,20.0,555.0,11100.0,2024-05-30
2024053001031117,SMHL,65,42,10.0,555.0,5550.0,2024-05-30
2024053001031116,SMHL,65,35,10.0,555.0,5550.0,2024-05-30
2024053001031115,SMHL,65,21,300.0,555.0,166500.0,2024-05-30
2024053001031114,SMHL,65,45,10.0,555.0,5550.0,2024-05-30
2024053001031113,SMHL,65,57,30.0,554.4,16632.0,2024-05-30
2024053001031112,SMHL,65,18,500.0,554.0,277000.0,2024-05-30
2024053001031111,SMHL,65,72,178.0,553.9,98594.2,2024-05-30
2024053004010410,UMHL,88,38,794.0,234.0,185796.0,2024-05-30
2024053003014108,LLBS,33,57,20.0,1053.0,21060.0,2024-05-30
2024053005004546,NIFRA,36,50,20.0,199.0,3980.0,2024-05-30
2024053005004545,NIFRA,29,50,406.0,199.1,80834.6,2024-05-30
2024053004010409,SPDL,58,50,81.0,235.0,19035.0,2024-05-30
2024053004010408,SPDL,58,50,40.0,235.0,9400.0,2024-05-30
2024053004010407,SPDL,6,50,199.0,235.0,46765.0,2024-05-30
2024053003014107,RSDC,68,52,15.0,663.0,9945.0,2024-05-30
2024053003014106,JFL,41,14,10.0,559.9,5599.0,2024-05-30
2024053004010406,UMHL,10,41,500.0,233.5,116750.0,2024-05-30
2024053003014105,GRDBL,77,55,68.0,429.5,29206.0,2024-05-30
2024053003014104,GRDBL,77,45,772.0,429.4,331496.8,2024-05-30
2024053003014103,GRDBL,77,53,150.0,428.0,64200.0,2024-05-30
2024053001031110,ULHC,69,33,10.0,399.3,3993.0,2024-05-30
2024053003014102,CORBL,62,55,200.0,462.5,92500.0,2024-05-30
2024053003014101,KMCDB,54,35,118.0,994.0,117292.0,2024-05-30
2024053003014100,KMCDB,35,35,1000.0,995.0,995000.0,2024-05-30
2024053003014099,KMCDB,22,35,100.0,996.7,99670.0,2024-05-30
2024053003014098,KMCDB,53,35,20.0,996.7,19934.0,2024-05-30
2024053003014097,KMCDB,14,35,262.0,997.0,261214.0,2024-05-30
2024053001031109,KDL,34,22,10.0,1164.0,11640.0,2024-05-30
2024053001031108,KDL,34,26,10.0,1163.0,11630.0,2024-05-30
2024053001031107,KDL,34,52,30.0,1155.0,34650.0,2024-05-30
2024053001031106,SCB,38,6,50.0,565.9,28295.0,2024-05-30
2024053001031105,HDL,51,42,20.0,1305.0,26100.0,2024-05-30
2024053005004544,HIDCL,32,49,20.0,165.0,3300.0,2024-05-30
2024053005004543,HIDCL,34,49,200.0,165.0,33000.0,2024-05-30
2024053003014096,GILB,62,14,100.0,1270.0,127000.0,2024-05-30
2024053004010405,RURU,18,34,10.0,624.7,6247.0,2024-05-30
2024053003014095,ALBSL,33,29,50.0,950.0,47500.0,2024-05-30
2024053004010404,HEI,57,35,160.0,594.9,95184.0,2024-05-30
2024053003014094,SHINE,48,57,200.0,388.0,77600.0,2024-05-30
2024053003014093,NLIC,72,49,10.0,603.0,6030.0,2024-05-30
2024053003014092,SHINE,45,57,90.0,390.0,35100.0,2024-05-30
2024053004010403,HEI,49,41,38.0,592.9,22530.2,2024-05-30
2024053004010402,HEI,14,41,12.0,593.0,7116.0,2024-05-30
2024053004010401,RIDI,33,32,60.0,168.0,10080.0,2024-05-30
2024053001031104,SNLI,45,8,69.0,461.0,31809.0,2024-05-30
2024053001031103,SNLI,57,8,75.0,461.0,34575.0,2024-05-30
2024053001031102,SNLI,36,8,73.0,461.0,33653.0,2024-05-30
2024053003014091,MFIL,4,42,200.0,503.0,100600.0,2024-05-30
2024053005004542,HRL,42,57,100.0,575.0,57500.0,2024-05-30
2024053005004541,HRL,59,55,10.0,574.1,5741.0,2024-05-30
2024053003014090,GFCL,43,37,15.0,458.0,6870.0,2024-05-30
2024053003014089,MLBL,19,39,74.0,323.0,23902.0,2024-05-30
2024053001031101,TPC,25,34,40.0,493.5,19740.0,2024-05-30
2024053001031100,TPC,34,34,50.0,493.7,24685.0,2024-05-30
2024053001031099,TPC,38,34,10.0,496.0,4960.0,2024-05-30
2024053001031098,MKHL,44,26,230.0,432.1,99383.0,2024-05-30
2024053001031097,MKHL,13,26,200.0,432.2,86440.0,2024-05-30
2024053001031096,MKHL,34,26,50.0,434.0,21700.0,2024-05-30
2024053001031095,MKHL,74,26,20.0,434.1,8682.0,2024-05-30
2024053003014088,GUFL,13,38,70.0,658.0,46060.0,2024-05-30
2024053003014087,LBBL,11,32,101.0,379.0,38279.0,2024-05-30
2024053003014086,DDBL,58,25,20.0,717.0,14340.0,2024-05-30
2024053001031094,ADBL,21,58,50.0,260.5,13025.0,2024-05-30
2024053001031093,ADBL,6,58,100.0,260.6,26060.0,2024-05-30
2024053001031092,SMHL,62,72,822.0,553.9,455305.8,2024-05-30
2024053001031091,SMHL,62,26,10.0,553.8,5538.0,2024-05-30
2024053001031090,SMHL,62,42,30.0,553.0,16590.0,2024-05-30
2024053001031089,SMHL,62,54,10.0,553.0,5530.0,2024-05-30
2024053001031088,SMHL,62,13,10.0,553.0,5530.0,2024-05-30
2024053001031087,SMHL,62,4,20.0,552.9,11058.0,2024-05-30
2024053001031086,SMHL,62,58,10.0,552.8,5528.0,2024-05-30
2024053001031085,SMHL,62,36,10.0,552.8,5528.0,2024-05-30
2024053001031084,SMHL,62,8,10.0,552.8,5528.0,2024-05-30
2024053001031083,SMHL,62,58,40.0,552.0,22080.0,2024-05-30
2024053001031082,SMHL,62,58,10.0,552.0,5520.0,2024-05-30
2024053001031081,SMHL,62,58,10.0,552.0,5520.0,2024-05-30
2024053001031080,SMHL,62,26,10.0,552.0,5520.0,2024-05-30
2024053001031079,SMHL,62,54,10.0,552.0,5520.0,2024-05-30
2024053001031078,SMHL,62,58,210.0,551.8,115878.0,2024-05-30
2024053001031077,SMHL,62,45,10.0,551.7,5517.0,2024-05-30
2024053001031076,SMHL,62,42,30.0,551.7,16551.0,2024-05-30
2024053001031075,SMHL,62,51,40.0,550.5,22020.0,2024-05-30
2024053001031074,SMHL,62,71,198.0,550.0,108900.0,2024-05-30
2024053004010400,SPDL,6,56,250.0,235.0,58750.0,2024-05-30
2024053004010399,SHEL,13,22,100.0,157.0,15700.0,2024-05-30
2024053004010398,AHPC,29,32,100.0,159.0,15900.0,2024-05-30
2024053004010397,AHPC,29,14,50.0,159.0,7950.0,2024-05-30
2024053003014085,SFCL,68,29,85.0,343.0,29155.0,2024-05-30
2024053003014084,SFCL,68,47,45.0,342.9,15430.5,2024-05-30
2024053001031073,HHL,5,52,10.0,363.0,3630.0,2024-05-30
2024053003014083,MFIL,45,42,10.0,503.4,5034.0,2024-05-30
2024053005004540,NRIC,42,41,100.0,666.0,66600.0,2024-05-30
2024053005004539,NRIC,42,45,17.0,665.0,11305.0,2024-05-30
2024053005004538,NRIC,42,53,100.0,665.0,66500.0,2024-05-30
2024053005004537,NRIC,42,48,28.0,665.0,18620.0,2024-05-30
2024053005004536,NRIC,42,46,52.0,662.0,34424.0,2024-05-30
2024053004010396,SHL,39,52,175.0,438.0,76650.0,2024-05-30
2024053001031072,PRVU,26,7,100.0,144.7,14470.0,2024-05-30
2024053003014082,SWBBL,34,58,10.0,805.0,8050.0,2024-05-30
2024053003014081,PROFL,45,34,90.0,336.1,30249.0,2024-05-30
2024053003014080,PROFL,25,34,10.0,336.2,3362.0,2024-05-30
2024053001031071,RNLI,58,58,10.0,426.1,4261.0,2024-05-30
2024053004010395,NGPL,62,16,10.0,309.0,3090.0,2024-05-30
2024053003014079,NABBC,39,58,450.0,612.3,275535.0,2024-05-30
2024053003014078,NABBC,94,58,50.0,613.0,30650.0,2024-05-30
2024053003014077,FMDBL,51,58,10.0,679.1,6791.0,2024-05-30
2024053001031070,CITY,70,59,43.0,650.0,27950.0,2024-05-30
2024053001031069,VLUCL,29,58,240.0,506.9,121656.0,2024-05-30
2024053003014076,NMLBBL,25,1,30.0,690.0,20700.0,2024-05-30
2024053003014075,KSBBL,36,28,30.0,371.5,11145.0,2024-05-30
2024053001031068,SANIMA,45,74,80.0,254.1,20328.0,2024-05-30
2024053001031067,MHCL,7,45,250.0,378.0,94500.0,2024-05-30
2024053001031066,MHCL,42,45,100.0,378.3,37830.0,2024-05-30
2024053004010394,TRH,50,41,125.0,754.0,94250.0,2024-05-30
2024053001031065,MHCL,58,45,500.0,378.5,189250.0,2024-05-30
2024053001031064,MHCL,84,45,500.0,378.6,189300.0,2024-05-30
2024053001031063,MHCL,32,45,100.0,379.0,37900.0,2024-05-30
2024053001031062,MHCL,32,45,15.0,379.0,5685.0,2024-05-30
2024053001031061,MHCL,45,45,30.0,379.1,11373.0,2024-05-30
2024053003014074,SWBBL,26,40,20.0,797.1,15942.0,2024-05-30
2024053001031060,NIBLGF,38,43,1700.0,8.11,13787.0,2024-05-30
2024053001031059,NIBLGF,42,43,2900.0,8.13,23577.0,2024-05-30
2024053003014073,SHINE,38,57,40.0,390.0,15600.0,2024-05-30
2024053003014072,PROFL,22,11,217.0,336.3,72977.1,2024-05-30
2024053003014071,BFC,58,56,500.0,411.4,205700.0,2024-05-30
2024053003014070,VLBS,40,58,50.0,919.2,45960.0,2024-05-30
2024053003014069,MNBBL,13,48,40.0,345.5,13820.0,2024-05-30
2024053003014068,NFS,41,13,20.0,556.6,11132.0,2024-05-30
2024053001031058,SMHL,26,71,52.0,550.0,28600.0,2024-05-30
2024053003014067,NFS,41,5,100.0,556.6,55660.0,2024-05-30
2024053004010393,JOSHI,45,74,360.0,307.6,110736.0,2024-05-30
2024053003014066,GUFL,42,56,10.0,660.0,6600.0,2024-05-30
2024053001031057,GBIME,38,42,80.0,186.1,14888.0,2024-05-30
2024053001031056,SPL,37,52,10.0,705.0,7050.0,2024-05-30
2024053001031055,SPL,37,57,10.0,705.0,7050.0,2024-05-30
2024053001031054,SPL,37,42,10.0,704.0,7040.0,2024-05-30
2024053001031053,GCIL,35,34,48.0,494.0,23712.0,2024-05-30
2024053001031052,GCIL,35,13,52.0,493.9,25682.8,2024-05-30
2024053001031051,CITY,70,54,100.0,650.0,65000.0,2024-05-30
2024053001031050,SARBTM,57,34,40.0,844.0,33760.0,2024-05-30
2024053001031049,SARBTM,7,34,10.0,844.0,8440.0,2024-05-30
2024053001031048,SARBTM,38,34,100.0,845.0,84500.0,2024-05-30
2024053003014065,NLIC,47,34,80.0,602.2,48176.0,2024-05-30
2024053003014064,NLIC,32,34,20.0,603.0,12060.0,2024-05-30
2024053003014063,NICLBSL,34,34,10.0,641.0,6410.0,2024-05-30
2024053004010392,GHL,29,52,500.0,146.3,73150.0,2024-05-30
2024053003014062,PMLI,45,38,10.0,498.0,4980.0,2024-05-30
2024053001031047,HHL,17,62,340.0,362.9,123386.0,2024-05-30
2024053005004535,NRIC,63,49,64.0,660.6,42278.4,2024-05-30
2024053001031046,PRVU,14,7,100.0,144.7,14470.0,2024-05-30
2024053003014061,BFC,49,32,110.0,415.0,45650.0,2024-05-30
2024053003014060,BFC,49,49,90.0,414.9,37341.0,2024-05-30
2024053001031045,DLBS,34,49,20.0,1177.0,23540.0,2024-05-30
2024053001031044,NABIL,49,46,142.0,477.0,67734.0,2024-05-30
2024053004010391,AHPC,33,48,247.0,158.0,39026.0,2024-05-30
2024053004010390,AHPC,45,48,150.0,158.1,23715.0,2024-05-30
2024053001031043,MCHL,48,55,50.0,396.0,19800.0,2024-05-30
2024053001031042,GCIL,58,28,11.0,492.0,5412.0,2024-05-30
2024053001031041,TAMOR,42,32,10.0,374.0,3740.0,2024-05-30
2024053001031040,NIMB,58,25,100.0,162.5,16250.0,2024-05-30
2024053001031039,SHIVM,37,36,20.0,499.3,9986.0,2024-05-30
2024053001031038,SHIVM,16,36,30.0,500.0,15000.0,2024-05-30
2024053005004534,HRL,59,57,10.0,574.1,5741.0,2024-05-30
2024053001031037,RFPL,14,33,20.0,358.9,7178.0,2024-05-30
2024053001031036,SRLI,7,45,480.0,437.0,209760.0,2024-05-30
2024053001031035,SRLI,42,45,30.0,437.1,13113.0,2024-05-30
2024053001031034,SBL,50,45,30.0,251.0,7530.0,2024-05-30
2024053001031033,AVYAN,62,45,10.0,820.0,8200.0,2024-05-30
2024053005004533,NTC,4,8,10.0,832.1,8321.0,2024-05-30
2024053005004532,NTC,49,8,58.0,832.1,48261.8,2024-05-30
2024053001031032,SARBTM,42,57,10.0,849.9,8499.0,2024-05-30
2024053003014059,KMCDB,14,42,38.0,997.0,37886.0,2024-05-30
2024053003014058,KMCDB,43,42,20.0,1000.0,20000.0,2024-05-30
2024053001031031,SMJC,34,63,90.0,381.9,34371.0,2024-05-30
2024053001031030,SMJC,34,45,10.0,381.9,3819.0,2024-05-30
2024053001031029,SMJC,34,58,10.0,381.0,3810.0,2024-05-30
2024053001031028,SMJC,34,41,10.0,381.0,3810.0,2024-05-30
2024053001031027,SMJC,34,3,10.0,380.0,3800.0,2024-05-30
2024053001031026,SMJC,34,58,10.0,380.0,3800.0,2024-05-30
2024053001031025,SMJC,34,58,10.0,380.0,3800.0,2024-05-30
2024053001031024,SMJC,34,56,500.0,380.0,190000.0,2024-05-30
2024053001031023,SMJC,34,58,10.0,380.0,3800.0,2024-05-30
2024053001031022,SMJC,34,45,200.0,380.0,76000.0,2024-05-30
2024053001031021,SMJC,34,33,10.0,380.0,3800.0,2024-05-30
2024053001031020,SMJC,34,63,110.0,380.0,41800.0,2024-05-30
2024053001031019,SMJC,34,34,10.0,380.0,3800.0,2024-05-30
2024053001031018,SMJC,34,38,10.0,379.5,3795.0,2024-05-30
2024053004010389,SHL,6,38,1000.0,437.8,437800.0,2024-05-30
2024053001031017,UNL,38,22,10.0,47400.0,474000.0,2024-05-30
2024053001031016,RFPL,52,22,300.0,360.0,108000.0,2024-05-30
2024053001031015,KDL,28,38,10.0,1153.0,11530.0,2024-05-30
2024053001031014,PPL,70,47,10.0,446.2,4462.0,2024-05-30
2024053003014057,LBBL,60,14,20.0,376.5,7530.0,2024-05-30
2024053003014056,JSLBB,50,32,25.0,1274.0,31850.0,2024-05-30
2024053003014055,JSLBB,36,32,55.0,1274.0,70070.0,2024-05-30
2024053004010388,SHEL,32,22,275.0,157.0,43175.0,2024-05-30
2024053004010387,SHEL,32,38,370.0,157.0,58090.0,2024-05-30
2024053001031013,SONA,58,58,150.0,448.1,67215.0,2024-05-30
2024053001031012,SONA,59,58,100.0,448.2,44820.0,2024-05-30
2024053003014054,MLBL,13,25,10.0,323.9,3239.0,2024-05-30
2024053001031011,MEL,21,10,30.0,227.7,6831.0,2024-05-30
2024053001031010,SMHL,26,21,300.0,550.0,165000.0,2024-05-30
2024053001031009,MKHL,74,57,10.0,434.1,4341.0,2024-05-30
2024053003014053,GMFIL,45,48,10.0,390.0,3900.0,2024-05-30
2024053004010386,TRH,50,43,60.0,754.0,45240.0,2024-05-30
2024053001031008,MKHC,34,34,430.0,325.0,139750.0,2024-05-30
2024053001031007,MKHC,34,19,10.0,325.0,3250.0,2024-05-30
2024053001031006,MKHC,34,42,10.0,325.0,3250.0,2024-05-30
2024053001031005,MKHC,34,45,500.0,324.9,162450.0,2024-05-30
2024053001031004,MKHC,34,32,10.0,324.5,3245.0,2024-05-30
2024053001031003,MKHC,34,52,10.0,324.0,3240.0,2024-05-30
2024053001031002,MKHC,34,52,10.0,324.0,3240.0,2024-05-30
2024053001031001,MKHC,34,49,10.0,324.0,3240.0,2024-05-30
2024053001031000,MKHC,34,28,10.0,323.9,3239.0,2024-05-30
2024053004010385,SHEL,22,38,50.0,157.0,7850.0,2024-05-30
2024053001030999,MHCL,45,38,70.0,379.1,26537.0,2024-05-30
2024053003014052,MPFL,17,39,10.0,455.0,4550.0,2024-05-30
2024053003014051,MPFL,17,7,300.0,454.0,136200.0,2024-05-30
2024053003014050,MPFL,17,1,190.0,454.0,86260.0,2024-05-30
2024053001030998,NABIL,49,42,20.0,477.3,9546.0,2024-05-30
2024053004010384,GLH,49,4,450.0,202.2,90990.0,2024-05-30
2024053004010383,SGIC,53,32,10.0,532.0,5320.0,2024-05-30
2024053001030997,BNT,58,33,10.0,13000.0,130000.0,2024-05-30
2024053004010382,HDHPC,41,50,870.0,130.2,113274.0,2024-05-30
2024053004010381,HDHPC,57,50,500.0,130.3,65150.0,2024-05-30
2024053004010380,HDHPC,38,50,10.0,130.4,1304.0,2024-05-30
2024053001030996,MBJC,50,54,10.0,297.0,2970.0,2024-05-30
2024053004010379,RURU,72,34,20.0,624.7,12494.0,2024-05-30
2024053001030995,ADBL,21,77,30.0,260.5,7815.0,2024-05-30
2024053001030994,ADBL,6,77,10.0,260.7,2607.0,2024-05-30
2024053005004531,CHDC,25,5,49.0,902.0,44198.0,2024-05-30
2024053005004530,CHDC,1,5,51.0,902.0,46002.0,2024-05-30
2024053003014049,ACLBSL,35,41,155.0,911.0,141205.0,2024-05-30
2024053001030993,SNLI,36,45,10.0,461.0,4610.0,2024-05-30
2024053005004529,ENL,42,45,130.0,916.0,119080.0,2024-05-30
2024053003014048,GILB,67,45,12.0,1267.5,15210.0,2024-05-30
2024053003014047,JFL,55,65,500.0,558.0,279000.0,2024-05-30
2024053004010378,CGH,58,35,50.0,860.0,43000.0,2024-05-30
2024053003014046,NFS,41,39,100.0,556.6,55660.0,2024-05-30
2024053001030992,MKCL,3,52,80.0,962.4,76992.0,2024-05-30
2024053001030991,MCHL,19,34,10.0,396.0,3960.0,2024-05-30
2024053001030990,USHEC,60,57,10.0,396.5,3965.0,2024-05-30
2024053001030989,MKHC,49,49,10.0,323.5,3235.0,2024-05-30
2024053001030988,MKHC,49,41,10.0,323.5,3235.0,2024-05-30
2024053001030987,NYADI,18,56,51.0,283.0,14433.0,2024-05-30
2024053005004528,SMATA,56,38,10.0,898.0,8980.0,2024-05-30
2024053001030986,NMB,53,5,10.0,197.0,1970.0,2024-05-30
2024053005004527,NICSF,10,28,2500.0,9.18,22950.0,2024-05-30
2024053001030985,USHEC,64,10,480.0,396.4,190272.0,2024-05-30
2024053001030984,MHCL,58,42,50.0,380.0,19000.0,2024-05-30
2024053001030983,MHCL,58,51,120.0,380.0,45600.0,2024-05-30
2024053005004526,ENL,42,21,10.0,916.0,9160.0,2024-05-30
2024053004010377,GLH,50,4,145.0,202.2,29319.0,2024-05-30
2024053001030982,SGHC,32,50,10.0,332.6,3326.0,2024-05-30
2024053003014045,GILB,66,14,50.0,1270.0,63500.0,2024-05-30
2024053003014044,KRBL,58,45,50.0,419.0,20950.0,2024-05-30
2024053003014043,NUBL,38,54,15.0,655.0,9825.0,2024-05-30
2024053003014042,RLFL,51,55,10.0,398.9,3989.0,2024-05-30
2024053001030981,DOLTI,41,38,50.0,412.3,20615.0,2024-05-30
2024053004010376,UMRH,41,34,1000.0,363.0,363000.0,2024-05-30
2024053003014041,MLBL,19,34,38.0,323.0,12274.0,2024-05-30
2024053003014040,MLBL,58,34,100.0,323.0,32300.0,2024-05-30
2024053003014039,MLBL,1,34,17.0,323.0,5491.0,2024-05-30
2024053003014038,MLBL,58,34,45.0,323.1,14539.5,2024-05-30
2024053001030980,MSHL,13,32,100.0,648.0,64800.0,2024-05-30
2024053005004525,NRN,80,29,153.0,572.0,87516.0,2024-05-30
2024053005004524,NRN,71,29,300.0,572.3,171690.0,2024-05-30
2024053005004523,NRN,49,29,100.0,573.0,57300.0,2024-05-30
2024053005004522,NRN,34,29,200.0,574.0,114800.0,2024-05-30
2024053005004521,NRN,7,29,100.0,574.0,57400.0,2024-05-30
2024053005004520,NRN,49,29,147.0,574.0,84378.0,2024-05-30
2024053001030979,AVYAN,62,50,100.0,820.0,82000.0,2024-05-30
2024053001030978,HHL,5,57,97.0,361.0,35017.0,2024-05-30
2024053003014037,SJLIC,41,21,500.0,413.0,206500.0,2024-05-30
2024053001030977,MHL,70,41,162.0,442.0,71604.0,2024-05-30
2024053001030976,MHL,65,41,100.0,442.2,44220.0,2024-05-30
2024053001030975,MHL,65,41,455.0,442.2,201201.0,2024-05-30
2024053001030974,MHL,49,41,83.0,442.3,36710.9,2024-05-30
2024053001030973,RHGCL,21,41,300.0,347.3,104190.0,2024-05-30
2024053003014036,CBBL,55,8,10.0,843.0,8430.0,2024-05-30
2024053003014035,CBBL,55,59,88.0,843.0,74184.0,2024-05-30
2024053003014034,SDLBSL,42,36,10.0,887.5,8875.0,2024-05-30
2024053003014033,FMDBL,21,34,50.0,681.0,34050.0,2024-05-30
2024053003014032,GBBL,21,54,50.0,360.1,18005.0,2024-05-30
2024053001030972,CITY,75,49,46.0,653.0,30038.0,2024-05-30
2024053001030971,CITY,75,34,100.0,653.0,65300.0,2024-05-30
2024053001030970,CITY,75,54,10.0,653.0,6530.0,2024-05-30
2024053001030969,CITY,75,58,44.0,652.0,28688.0,2024-05-30
2024053001030968,CITY,75,44,10.0,652.0,6520.0,2024-05-30
2024053001030967,CITY,75,4,100.0,651.0,65100.0,2024-05-30
2024053001030966,CITY,75,60,190.0,651.0,123690.0,2024-05-30
2024053001030965,NBL,38,34,50.0,210.0,10500.0,2024-05-30
2024053001030964,SONA,38,44,200.0,449.9,89980.0,2024-05-30
2024053001030963,SONA,38,13,300.0,448.9,134670.0,2024-05-30
2024053004010375,RURU,60,35,20.0,616.2,12324.0,2024-05-30
2024053001030962,ILI,18,16,10.0,437.0,4370.0,2024-05-30
2024053004010374,SSHL,48,35,50.0,161.0,8050.0,2024-05-30
2024053003014031,KLBSL,44,18,150.0,945.0,141750.0,2024-05-30
2024053001030961,HATHY,34,32,423.0,888.0,375624.0,2024-05-30
2024053001030960,NBL,4,34,10.0,210.0,2100.0,2024-05-30
2024053004010373,GLH,16,4,1000.0,202.2,202200.0,2024-05-30
2024053001030959,PPL,36,47,10.0,446.2,4462.0,2024-05-30
2024053003014030,GUFL,13,94,200.0,658.0,131600.0,2024-05-30
2024053001030958,JBLB,41,33,10.0,1318.0,13180.0,2024-05-30
2024053003014029,NFS,41,45,120.0,556.6,66792.0,2024-05-30
2024053001030957,ILI,81,42,30.0,436.5,13095.0,2024-05-30
2024053001030956,ILI,57,42,50.0,436.5,21825.0,2024-05-30
2024053001030955,ILI,25,42,20.0,436.7,8734.0,2024-05-30
2024053003014028,NUBL,33,45,233.0,650.1,151473.3,2024-05-30
2024053003014027,NUBL,47,45,50.0,650.2,32510.0,2024-05-30
2024053003014026,NUBL,40,45,50.0,651.0,32550.0,2024-05-30
2024053003014025,NUBL,39,45,17.0,651.0,11067.0,2024-05-30
2024053001030954,HATHY,34,45,307.0,888.0,272616.0,2024-05-30
2024053001030953,MCHL,17,39,150.0,395.5,59325.0,2024-05-30
2024053003014024,ILBS,53,43,62.0,1288.0,79856.0,2024-05-30
2024053003014023,ILBS,36,43,14.0,1289.0,18046.0,2024-05-30
2024053004010372,SPDL,54,13,10.0,236.9,2369.0,2024-05-30
2024053001030952,RNLI,54,58,51.0,426.3,21741.3,2024-05-30
2024053001030951,LSL,17,49,10.0,158.0,1580.0,2024-05-30
2024053001030950,AVYAN,34,11,56.0,820.0,45920.0,2024-05-30
2024053005004519,NRN,34,57,75.0,575.0,43125.0,2024-05-30
2024053004010371,AHPC,45,34,550.0,158.1,86955.0,2024-05-30
2024053004010370,AHPC,14,34,90.0,158.1,14229.0,2024-05-30
2024053004010369,AHPC,50,34,60.0,158.9,9534.0,2024-05-30
2024053001030949,HATHY,34,14,100.0,888.0,88800.0,2024-05-30
2024053005004518,HRL,59,46,170.0,574.1,97597.0,2024-05-30
2024053001030948,NABIL,49,49,200.0,477.0,95400.0,2024-05-30
2024053003014022,NMBMF,16,49,50.0,642.0,32100.0,2024-05-30
2024053001030947,CLI,47,34,100.0,468.0,46800.0,2024-05-30
2024053003014021,NUBL,39,53,83.0,651.0,54033.0,2024-05-30
2024053003014020,NUBL,39,53,17.0,652.0,11084.0,2024-05-30
2024053001030946,HHL,84,33,300.0,358.0,107400.0,2024-05-30
2024053003014019,USLB,44,45,10.0,1936.5,19365.0,2024-05-30
2024053004010368,SSHL,45,35,50.0,161.0,8050.0,2024-05-30
2024053001030945,NABIL,49,54,100.0,477.0,47700.0,2024-05-30
2024053001030944,BGWT,65,51,10.0,835.1,8351.0,2024-05-30
2024053003014018,GFCL,43,17,15.0,458.0,6870.0,2024-05-30
2024053003014017,GFCL,7,17,285.0,458.0,130530.0,2024-05-30
2024053001030943,NRM,38,11,100.0,376.9,37690.0,2024-05-30
2024053003014016,DDBL,34,25,10.0,717.0,7170.0,2024-05-30
2024053001030942,KDL,28,7,64.0,1153.0,73792.0,2024-05-30
2024053001030941,KDL,14,7,136.0,1153.1,156821.6,2024-05-30
2024053003014015,NFS,41,16,500.0,556.6,278300.0,2024-05-30
2024053004010367,RIDI,13,32,84.0,168.0,14112.0,2024-05-30
2024053004010366,RIDI,13,34,15.0,168.0,2520.0,2024-05-30
2024053001030940,SARBTM,7,25,10.0,844.0,8440.0,2024-05-30
2024053005004517,SMATA,86,32,10.0,895.0,8950.0,2024-05-30
2024053001030939,CLI,57,34,18.0,468.0,8424.0,2024-05-30
2024053001030938,NMB,49,57,500.0,195.0,97500.0,2024-05-30
2024053001030937,RHGCL,21,58,32.0,347.3,11113.6,2024-05-30
2024053001030936,RHGCL,58,58,18.0,348.0,6264.0,2024-05-30
2024053004010365,AKJCL,41,58,50.0,203.2,10160.0,2024-05-30
2024053001030935,DORDI,1,45,1450.0,411.1,596095.0,2024-05-30
2024053001030934,DORDI,26,45,50.0,411.5,20575.0,2024-05-30
2024053001030933,NABIL,49,52,130.0,477.0,62010.0,2024-05-30
2024053001030932,SMHL,17,34,10.0,551.0,5510.0,2024-05-30
2024053001030931,SMHL,17,49,10.0,550.8,5508.0,2024-05-30
2024053001030930,ULBSL,58,38,50.0,1763.4,88170.0,2024-05-30
2024053003014014,HLBSL,38,34,25.0,1202.0,30050.0,2024-05-30
2024053004010364,UNHPL,58,44,100.0,223.6,22360.0,2024-05-30
2024053001030929,JALPA,38,49,30.0,1395.0,41850.0,2024-05-30
2024053003014013,NUBL,39,18,83.0,652.0,54116.0,2024-05-30
2024053003014012,NUBL,44,18,311.0,652.3,202865.3,2024-05-30
2024053001030928,UHEWA,16,41,296.0,390.0,115440.0,2024-05-30
2024053001030927,UHEWA,16,91,200.0,389.0,77800.0,2024-05-30
2024053001030926,MMKJL,47,82,29.0,420.0,12180.0,2024-05-30
2024053001030925,MMKJL,82,82,100.0,420.2,42020.0,2024-05-30
2024053001030924,MMKJL,21,82,60.0,420.4,25224.0,2024-05-30
2024053001030923,MMKJL,21,82,380.0,420.5,159790.0,2024-05-30
2024053001030922,MMKJL,85,82,431.0,420.6,181278.6,2024-05-30
2024053001030921,HATHY,34,10,250.0,888.0,222000.0,2024-05-30
2024053001030920,MHL,49,91,17.0,442.3,7519.1,2024-05-30
2024053001030919,MHL,42,91,83.0,442.3,36710.9,2024-05-30
2024053004010363,RIDI,57,34,10.0,168.0,1680.0,2024-05-30
2024053004010362,RHPL,57,57,80.0,270.0,21600.0,2024-05-30
2024053005004516,HRL,58,57,50.0,575.0,28750.0,2024-05-30
2024053001030918,BEDC,54,42,120.0,394.0,47280.0,2024-05-30
2024053001030917,KSBBLD87,58,52,25.0,988.3,24707.5,2024-05-30
2024053003014011,HLI,53,35,370.0,390.0,144300.0,2024-05-30
2024053003014010,HLI,41,35,30.0,390.0,11700.0,2024-05-30
2024053001030916,CLI,19,34,237.0,468.0,110916.0,2024-05-30
2024053001030915,CLI,40,34,60.0,468.5,28110.0,2024-05-30
2024053001030914,HDL,48,42,50.0,1305.0,65250.0,2024-05-30
2024053003014009,FOWAD,6,32,19.0,1208.0,22952.0,2024-05-30
2024053001030913,SHIVM,16,59,11.0,500.0,5500.0,2024-05-30
2024053001030912,MEHL,66,13,100.0,346.0,34600.0,2024-05-30
2024053001030911,BHL,13,33,90.0,332.2,29898.0,2024-05-30
2024053003014008,GUFL,13,57,125.0,658.0,82250.0,2024-05-30
2024053003014007,GMFBS,68,3,30.0,1180.0,35400.0,2024-05-30
2024053003014006,GMFBS,68,45,20.0,1179.9,23598.0,2024-05-30
2024053004010361,RADHI,16,45,370.0,231.3,85581.0,2024-05-30
2024053004010360,RADHI,52,45,100.0,231.5,23150.0,2024-05-30
2024053004010359,RADHI,22,45,30.0,231.5,6945.0,2024-05-30
2024053003014005,SIFC,49,45,120.0,423.0,50760.0,2024-05-30
2024053001030910,AHL,58,45,190.0,459.0,87210.0,2024-05-30
2024053001030909,AHL,34,45,10.0,460.9,4609.0,2024-05-30
2024053003014004,GBBL,21,64,109.0,360.1,39250.9,2024-05-30
2024053004010358,CHL,16,22,11.0,324.1,3565.1,2024-05-30
2024053004010357,DHPL,11,17,100.0,190.0,19000.0,2024-05-30
2024053003014003,GILB,67,62,33.0,1267.5,41827.5,2024-05-30
2024053003014002,GILB,62,62,200.0,1267.5,253500.0,2024-05-30
2024053003014001,GILB,62,62,47.0,1269.0,59643.0,2024-05-30
2024053001030908,SHIVM,16,20,65.0,500.0,32500.0,2024-05-30
2024053001030907,SHIVM,16,8,25.0,500.0,12500.0,2024-05-30
2024053001030906,SHIVM,16,58,20.0,500.0,10000.0,2024-05-30
2024053001030905,SHIVM,16,48,150.0,500.0,75000.0,2024-05-30
2024053001030904,SHIVM,16,59,82.0,500.0,41000.0,2024-05-30
2024053001030903,SHIVM,16,76,10.0,500.0,5000.0,2024-05-30
2024053001030902,SHIVM,16,44,29.0,500.0,14500.0,2024-05-30
2024053001030901,SHIVM,16,48,60.0,500.0,30000.0,2024-05-30
2024053001030900,SHIVM,16,8,18.0,499.5,8991.0,2024-05-30
2024053004010356,MEN,62,82,100.0,574.0,57400.0,2024-05-30
2024053004010355,MEN,13,82,800.0,574.0,459200.0,2024-05-30
2024053004010354,MEN,42,82,303.0,577.0,174831.0,2024-05-30
2024053004010353,MEN,57,82,40.0,577.1,23084.0,2024-05-30
2024053003014000,MFIL,4,55,22.0,503.0,11066.0,2024-05-30
2024053003013999,MFIL,4,29,15.0,503.0,7545.0,2024-05-30
2024053001030899,MLBS,34,36,10.0,1293.0,12930.0,2024-05-30
2024053004010352,TRH,50,77,50.0,754.0,37700.0,2024-05-30
2024053004010351,TRH,50,34,396.0,754.0,298584.0,2024-05-30
2024053004010350,TRH,50,34,342.0,753.9,257833.8,2024-05-30
2024053004010349,TRH,50,45,27.0,753.5,20344.5,2024-05-30
2024053001030898,GVL,66,53,600.0,455.9,273540.0,2024-05-30
2024053001030897,GVL,66,16,101.0,455.0,45955.0,2024-05-30
2024053001030896,GVL,66,3,192.0,455.0,87360.0,2024-05-30
2024053001030895,GVL,66,35,10.0,454.6,4546.0,2024-05-30
2024053001030894,GVL,66,16,250.0,454.0,113500.0,2024-05-30
2024053001030893,GVL,66,51,10.0,453.9,4539.0,2024-05-30
2024053001030892,GVL,66,58,1000.0,453.9,453900.0,2024-05-30
2024053001030891,GVL,66,57,100.0,453.8,45380.0,2024-05-30
2024053001030890,GVL,66,49,40.0,453.6,18144.0,2024-05-30
2024053001030889,GVL,66,34,1800.0,453.6,816480.0,2024-05-30
2024053001030888,GVL,66,26,500.0,453.0,226500.0,2024-05-30
2024053001030887,GVL,66,65,10.0,453.0,4530.0,2024-05-30
2024053001030886,GVL,66,47,10.0,452.8,4528.0,2024-05-30
2024053001030885,GVL,66,22,100.0,452.8,45280.0,2024-05-30
2024053001030884,GVL,66,11,121.0,451.0,54571.0,2024-05-30
2024053004010348,SSHL,8,35,100.0,161.0,16100.0,2024-05-30
2024053003013998,SJLIC,41,58,465.0,413.0,192045.0,2024-05-30
2024053003013997,SJLIC,51,58,11.0,413.0,4543.0,2024-05-30
2024053003013996,SJLIC,22,58,11.0,413.0,4543.0,2024-05-30
2024053003013995,SJLIC,32,58,50.0,413.0,20650.0,2024-05-30
2024053003013994,SJLIC,26,58,219.0,413.0,90447.0,2024-05-30
2024053004010347,CHCL,45,45,133.0,444.0,59052.0,2024-05-30
2024053004010346,CHCL,39,45,100.0,444.0,44400.0,2024-05-30
2024053004010345,CHCL,25,45,43.0,444.0,19092.0,2024-05-30
2024053004010344,CHCL,25,45,28.0,444.0,12432.0,2024-05-30
2024053004010343,NHDL,52,39,58.0,500.0,29000.0,2024-05-30
2024053003013993,ALBSL,33,45,140.0,950.0,133000.0,2024-05-30
2024053005004515,NICGF,7,17,13000.0,9.73,126490.0,2024-05-30
2024053004010342,AHPC,50,17,90.0,158.9,14301.0,2024-05-30
2024053001030883,JBLB,47,33,90.0,1318.0,118620.0,2024-05-30
2024053004010341,LEC,29,49,500.0,181.0,90500.0,2024-05-30
2024053003013992,NFS,41,49,53.0,556.6,29499.8,2024-05-30
2024053003013991,GUFL,34,34,315.0,655.0,206325.0,2024-05-30
2024053003013990,GUFL,67,34,55.0,655.0,36025.0,2024-05-30
2024053003013989,GUFL,49,34,80.0,655.8,52464.0,2024-05-30
2024053003013988,GUFL,67,34,50.0,657.0,32850.0,2024-05-30
2024053005004514,CHDC,21,34,100.0,904.0,90400.0,2024-05-30
2024053001030882,NICA,61,28,150.0,407.5,61125.0,2024-05-30
2024053003013987,ICFC,13,55,340.0,512.0,174080.0,2024-05-30
2024053003013986,PMLI,25,25,200.0,498.0,99600.0,2024-05-30
2024053001030881,EBL,8,58,118.0,522.0,61596.0,2024-05-30
2024053001030880,EBL,32,58,100.0,522.0,52200.0,2024-05-30
2024053001030879,EBL,49,58,21.0,522.0,10962.0,2024-05-30
2024053001030878,EBL,59,58,50.0,522.0,26100.0,2024-05-30
2024053001030877,EBL,57,58,10.0,522.0,5220.0,2024-05-30
2024053001030876,EBL,57,58,35.0,522.0,18270.0,2024-05-30
2024053001030875,EBL,59,58,10.0,522.0,5220.0,2024-05-30
2024053001030874,EBL,26,58,200.0,522.0,104400.0,2024-05-30
2024053001030873,EBL,52,58,13.0,522.7,6795.1,2024-05-30
2024053001030872,EBL,57,58,100.0,522.7,52270.0,2024-05-30
2024053001030871,EBL,52,58,168.0,522.7,87813.6,2024-05-30
2024053003013985,NFS,41,39,100.0,556.6,55660.0,2024-05-30
2024053001030870,PCBL,26,13,97.0,201.0,19497.0,2024-05-30
2024053001030869,PCBL,26,7,968.0,201.0,194568.0,2024-05-30
2024053001030868,PCBL,26,49,135.0,200.2,27027.0,2024-05-30
2024053004010340,SHPC,26,82,185.0,328.0,60680.0,2024-05-30
2024053003013984,PMLI,29,19,43.0,497.7,21401.1,2024-05-30
2024053001030867,SARBTM,34,55,108.0,850.0,91800.0,2024-05-30
2024053001030866,SARBTM,34,36,200.0,850.0,170000.0,2024-05-30
2024053001030865,SARBTM,34,49,50.0,850.0,42500.0,2024-05-30
2024053001030864,SARBTM,34,8,732.0,850.0,622200.0,2024-05-30
2024053001030863,SARBTM,34,13,400.0,849.9,339960.0,2024-05-30
2024053001030862,SARBTM,34,22,30.0,849.0,25470.0,2024-05-30
2024053001030861,SARBTM,34,62,300.0,849.0,254700.0,2024-05-30
2024053001030860,SARBTM,34,42,80.0,849.0,67920.0,2024-05-30
2024053001030859,SARBTM,34,34,100.0,845.0,84500.0,2024-05-30
2024053003013983,MNBBL,34,48,30.0,345.5,10365.0,2024-05-30
2024053003013982,HLI,56,34,200.0,390.0,78000.0,2024-05-30
2024053001030858,RNLI,80,29,11.0,426.5,4691.5,2024-05-30
2024053001030857,RAWA,34,18,200.0,494.0,98800.0,2024-05-30
2024053001030856,RAWA,41,18,20.0,494.0,9880.0,2024-05-30
2024053004010339,NHDL,50,46,25.0,502.0,12550.0,2024-05-30
2024053004010338,NHDL,50,5,25.0,502.0,12550.0,2024-05-30
2024053004010337,NHDL,52,42,200.0,500.0,100000.0,2024-05-30
2024053003013981,CFCL,78,21,75.0,392.0,29400.0,2024-05-30
2024053003013980,CFCL,78,1,118.0,392.0,46256.0,2024-05-30
2024053003013979,ICFC,44,49,190.0,510.0,96900.0,2024-05-30
2024053003013978,NFS,41,49,30.0,556.6,16698.0,2024-05-30
2024053004010336,RADHI,34,16,400.0,232.0,92800.0,2024-05-30
2024053001030855,AHL,34,39,10.0,461.0,4610.0,2024-05-30
2024053003013977,MPFL,36,1,50.0,454.0,22700.0,2024-05-30
2024053001030854,NESDO,40,57,100.0,1936.0,193600.0,2024-05-30
2024053001030853,SMHL,26,26,100.0,550.0,55000.0,2024-05-30
2024053001030852,SIKLES,35,58,20.0,535.0,10700.0,2024-05-30
2024053001030851,SIKLES,35,42,20.0,534.0,10680.0,2024-05-30
2024053001030850,SIKLES,35,22,10.0,532.0,5320.0,2024-05-30
2024053001030849,SIKLES,35,32,10.0,530.0,5300.0,2024-05-30
2024053001030848,SIKLES,35,55,10.0,530.0,5300.0,2024-05-30
2024053001030847,SIKLES,35,58,10.0,530.0,5300.0,2024-05-30
2024053001030846,SIKLES,35,43,10.0,530.0,5300.0,2024-05-30
2024053001030845,SIKLES,35,21,10.0,527.0,5270.0,2024-05-30
2024053003013976,PFL,34,45,151.0,691.2,104371.2,2024-05-30
2024053003013975,PFL,34,49,849.0,691.2,586828.8,2024-05-30
2024053004010335,UMHL,10,21,541.0,233.5,126323.5,2024-05-30
2024053004010334,UMHL,10,17,100.0,233.0,23300.0,2024-05-30
2024053003013974,NABBC,62,13,10.0,613.0,6130.0,2024-05-30
2024053005004513,NIFRA,29,58,54.0,199.0,10746.0,2024-05-30
2024053005004512,NIFRA,29,54,40.0,199.0,7960.0,2024-05-30
2024053004010333,KPCL,67,59,86.0,434.4,37358.4,2024-05-30
2024053004010332,KPCL,67,72,80.0,434.4,34752.0,2024-05-30
2024053004010331,KPCL,67,41,14.0,434.4,6081.6,2024-05-30
2024053004010330,KPCL,67,4,12.0,434.0,5208.0,2024-05-30
2024053004010329,KPCL,67,25,14.0,432.5,6055.0,2024-05-30
2024053001030844,CLI,40,50,440.0,468.5,206140.0,2024-05-30
2024053003013973,ICFC,44,57,210.0,510.0,107100.0,2024-05-30
2024053003013972,ICFC,54,57,100.0,510.5,51050.0,2024-05-30
2024053003013971,ICFC,59,57,190.0,510.5,96995.0,2024-05-30
2024053003013970,GRDBL,77,41,10.0,423.0,4230.0,2024-05-30
2024053004010328,BPCL,41,58,250.0,294.4,73600.0,2024-05-30
2024053004010327,CGH,43,8,20.0,860.0,17200.0,2024-05-30
2024053004010326,CGH,33,8,27.0,860.0,23220.0,2024-05-30
2024053004010325,GHL,20,8,54.0,146.2,7894.8,2024-05-30
2024053004010324,GHL,44,8,655.0,146.2,95761.0,2024-05-30
2024053004010323,GHL,56,8,400.0,146.4,58560.0,2024-05-30
2024053003013969,MPFL,58,1,10.0,454.0,4540.0,2024-05-30
2024053004010322,AHPC,35,14,10.0,159.0,1590.0,2024-05-30
2024053003013968,EDBL,14,41,10.0,380.0,3800.0,2024-05-30
2024053005004511,NIFRA,38,54,10.0,199.0,1990.0,2024-05-30
2024053001030843,BHDC,21,20,138.0,590.0,81420.0,2024-05-30
2024053001030842,NABIL,49,33,30.0,477.0,14310.0,2024-05-30
2024053001030841,NABIL,49,17,65.0,477.0,31005.0,2024-05-30
2024053003013967,VLBS,40,59,20.0,919.2,18384.0,2024-05-30
2024053003013966,MPFL,8,72,64.0,452.4,28953.6,2024-05-30
2024053001030840,SHIVM,58,91,439.0,499.0,219061.0,2024-05-30
2024053001030839,SHIVM,82,91,50.0,499.0,24950.0,2024-05-30
2024053001030838,SHIVM,58,91,312.0,499.0,155688.0,2024-05-30
2024053001030837,IHL,7,50,50.0,403.1,20155.0,2024-05-30
2024053001030836,IHL,58,50,40.0,404.0,16160.0,2024-05-30
2024053005004510,HRL,35,57,480.0,575.0,276000.0,2024-05-30
2024053005004509,HRL,35,58,20.0,575.0,11500.0,2024-05-30
2024053001030835,SCB,22,22,16.0,565.0,9040.0,2024-05-30
2024053004010321,UMRH,47,70,93.0,361.0,33573.0,2024-05-30
2024053004010320,UMRH,80,70,365.0,361.0,131765.0,2024-05-30
2024053004010319,UMRH,32,70,10.0,361.1,3611.0,2024-05-30
2024053004010318,UMRH,36,70,32.0,362.9,11612.8,2024-05-30
2024053003013965,NMBMF,71,38,250.0,643.3,160825.0,2024-05-30
2024053003013964,NMBMF,41,38,67.0,643.4,43107.8,2024-05-30
2024053003013963,CORBL,14,46,10.0,464.9,4649.0,2024-05-30
2024053004010317,HDHPC,38,42,393.0,131.0,51483.0,2024-05-30
2024053004010316,HDHPC,38,26,107.0,131.0,14017.0,2024-05-30
2024053003013962,KLBSL,44,44,100.0,945.0,94500.0,2024-05-30
2024053003013961,KLBSL,17,44,100.0,945.1,94510.0,2024-05-30
2024053001030834,SNLI,36,34,67.0,461.0,30887.0,2024-05-30
2024053001030833,SNLI,22,34,40.0,461.0,18440.0,2024-05-30
2024053001030832,SNLI,36,34,40.0,461.0,18440.0,2024-05-30
2024053001030831,SNLI,14,34,50.0,461.0,23050.0,2024-05-30
2024053001030830,SNLI,36,34,60.0,461.0,27660.0,2024-05-30
2024053001030829,SNLI,58,34,50.0,461.0,23050.0,2024-05-30
2024053001030828,SNLI,50,34,33.0,461.0,15213.0,2024-05-30
2024053001030827,SNLI,57,34,70.0,461.1,32277.0,2024-05-30
2024053001030826,SNLI,34,34,90.0,461.2,41508.0,2024-05-30
2024053004010315,RADHI,53,16,10.0,232.0,2320.0,2024-05-30
2024053003013960,NFS,41,13,20.0,556.6,11132.0,2024-05-30
2024053001030825,NIMB,58,25,100.0,162.5,16250.0,2024-05-30
2024053004010314,AHPC,50,29,2000.0,158.9,317800.0,2024-05-30
2024053004010313,AHPC,50,47,750.0,158.8,119100.0,2024-05-30
2024053004010312,AHPC,50,46,100.0,158.7,15870.0,2024-05-30
2024053001030824,BHPL,44,41,24.0,540.3,12967.2,2024-05-30
2024053001030823,BHPL,36,41,10.0,541.0,5410.0,2024-05-30
2024053003013959,SKBBL,41,55,40.0,811.0,32440.0,2024-05-30
2024053003013958,SKBBL,5,55,200.0,811.0,162200.0,2024-05-30
2024053003013957,SKBBL,13,55,10.0,811.0,8110.0,2024-05-30
2024053005004508,CHDC,1,39,30.0,902.0,27060.0,2024-05-30
2024053004010311,JOSHI,45,74,140.0,307.6,43064.0,2024-05-30
2024053004010310,RIDI,19,34,40.0,168.0,6720.0,2024-05-30
2024053003013956,NFS,41,49,30.0,556.6,16698.0,2024-05-30
2024053001030822,KDL,82,22,10.0,1164.0,11640.0,2024-05-30
2024053004010309,SPIL,49,36,11.0,766.0,8426.0,2024-05-30
2024053004010308,SPIL,45,36,100.0,766.0,76600.0,2024-05-30
2024053004010307,SPIL,52,36,15.0,766.1,11491.5,2024-05-30
2024053004010306,SPIL,33,36,174.0,766.1,133301.4,2024-05-30
2024053001030821,SBL,50,28,10.0,251.9,2519.0,2024-05-30
2024053001030820,SBL,50,42,20.0,251.0,5020.0,2024-05-30
2024053001030819,KDL,14,50,128.0,1153.1,147596.8,2024-05-30
2024053001030818,KDL,44,50,22.0,1155.0,25410.0,2024-05-30
2024053001030817,JALPA,38,5,15.0,1395.0,20925.0,2024-05-30
2024053001030816,SHIVM,56,8,82.0,499.5,40959.0,2024-05-30
2024053001030815,GBIME,38,41,20.0,186.1,3722.0,2024-05-30
2024053001030814,MEL,21,39,100.0,227.7,22770.0,2024-05-30
2024053003013955,ALBSL,33,42,10.0,950.0,9500.0,2024-05-30
2024053003013954,PROFL,22,42,228.0,336.3,76676.4,2024-05-30
2024053003013953,PROFL,58,42,200.0,336.3,67260.0,2024-05-30
2024053003013952,PROFL,47,42,1000.0,336.4,336400.0,2024-05-30
2024053003013951,PROFL,58,42,65.0,336.5,21872.5,2024-05-30
2024053003013950,PROFL,35,42,12.0,336.5,4038.0,2024-05-30
2024053003013949,MERO,49,42,11.0,655.7,7212.7,2024-05-30
2024053003013948,MERO,69,42,39.0,655.8,25576.2,2024-05-30
2024053001030813,KDL,44,26,10.0,1155.0,11550.0,2024-05-30
2024053001030812,NICA,26,52,50.0,407.5,20375.0,2024-05-30
2024053001030811,SCB,22,29,23.0,565.0,12995.0,2024-05-30
2024053003013947,GUFL,46,57,20.0,658.0,13160.0,2024-05-30
2024053001030810,LSL,58,62,275.0,157.1,43202.5,2024-05-30
2024053001030809,SMJC,48,52,100.0,379.9,37990.0,2024-05-30
2024053001030808,SMJC,48,25,120.0,379.9,45588.0,2024-05-30
2024053004010305,UPPER,49,53,457.0,163.5,74719.5,2024-05-30
2024053004010304,UPPER,49,35,100.0,163.5,16350.0,2024-05-30
2024053004010303,UPPER,49,38,43.0,163.5,7030.5,2024-05-30
2024053004010302,UPPER,49,39,500.0,163.0,81500.0,2024-05-30
2024053001030807,HDL,22,49,10.0,1304.0,13040.0,2024-05-30
2024053004010301,RURU,18,14,162.0,611.0,98982.0,2024-05-30
2024053001030806,HDL,32,42,30.0,1305.0,39150.0,2024-05-30
2024053001030805,HDL,32,32,10.0,1305.0,13050.0,2024-05-30
2024053001030804,HDL,32,7,10.0,1305.0,13050.0,2024-05-30
2024053004010300,SHL,50,10,615.0,437.7,269185.5,2024-05-30
2024053004010299,SHL,43,10,100.0,437.7,43770.0,2024-05-30
2024053004010298,SHL,48,10,110.0,438.0,48180.0,2024-05-30
2024053004010297,SHL,58,10,175.0,438.0,76650.0,2024-05-30
2024053004010296,HURJA,36,33,500.0,279.9,139950.0,2024-05-30
2024053001030803,AVYAN,66,19,10.0,826.0,8260.0,2024-05-30
2024053004010295,UPPER,48,39,500.0,163.0,81500.0,2024-05-30
2024053001030802,GVL,39,11,10.0,451.0,4510.0,2024-05-30
2024053001030801,NABIL,7,42,300.0,476.0,142800.0,2024-05-30
2024053001030800,NABIL,45,42,50.0,476.0,23800.0,2024-05-30
2024053004010294,UMHL,52,21,1959.0,233.5,457426.5,2024-05-30
2024053004010293,UMHL,52,17,41.0,233.0,9553.0,2024-05-30
2024053001030799,HDL,51,53,10.0,1305.0,13050.0,2024-05-30
2024053001030798,HDL,51,8,10.0,1304.9,13049.0,2024-05-30
2024053001030797,HATHY,34,14,120.0,888.0,106560.0,2024-05-30
2024053001030796,HATHY,58,14,10.0,888.0,8880.0,2024-05-30
2024053001030795,HATHY,7,14,70.0,888.1,62167.0,2024-05-30
2024053003013946,LBBL,21,32,10.0,379.0,3790.0,2024-05-30
2024053001030794,USHL,22,34,100.0,512.0,51200.0,2024-05-30
2024053001030793,BEDC,54,34,160.0,394.0,63040.0,2024-05-30
2024053003013945,NLIC,47,50,10.0,602.2,6022.0,2024-05-30
2024053001030792,MHL,42,20,17.0,442.3,7519.1,2024-05-30
2024053001030791,MHL,25,20,500.0,442.5,221250.0,2024-05-30
2024053001030790,MHL,36,20,23.0,442.6,10179.8,2024-05-30
2024053001030789,MHL,56,20,460.0,442.6,203596.0,2024-05-30
2024053001030788,ULHC,69,42,10.0,399.3,3993.0,2024-05-30
2024053001030787,USHL,22,58,26.0,512.0,13312.0,2024-05-30
2024053001030786,USHEC,64,7,280.0,396.4,110992.0,2024-05-30
2024053001030785,USHEC,38,7,220.0,396.5,87230.0,2024-05-30
2024053001030784,PHCL,21,62,958.0,294.3,281939.4,2024-05-30
2024053001030783,SANIMA,45,21,50.0,254.1,12705.0,2024-05-30
2024053001030782,SANIMA,38,21,550.0,254.1,139755.0,2024-05-30
2024053003013944,SFCL,21,47,85.0,342.9,29146.5,2024-05-30
2024053003013943,SFCL,21,16,115.0,342.0,39330.0,2024-05-30
2024053001030781,BGWT,65,21,200.0,835.1,167020.0,2024-05-30
2024053003013942,SHINE,56,57,10.0,390.0,3900.0,2024-05-30
2024053001030780,KBL,6,22,40.0,143.0,5720.0,2024-05-30
2024053001030779,KBL,6,32,20.0,143.0,2860.0,2024-05-30
2024053004010292,SHEL,32,52,355.0,156.9,55699.5,2024-05-30
2024053005004507,LEMF,58,65,200.0,9.71,1942.0,2024-05-30
2024053004010291,NGPL,16,16,100.0,309.0,30900.0,2024-05-30
2024053004010290,NGPL,14,16,50.0,309.0,15450.0,2024-05-30
2024053004010289,NGPL,58,16,100.0,309.0,30900.0,2024-05-30
2024053004010288,NGPL,47,16,442.0,309.0,136578.0,2024-05-30
2024053004010287,NGPL,14,16,20.0,309.2,6184.0,2024-05-30
2024053004010286,NGPL,58,16,50.0,309.3,15465.0,2024-05-30
2024053004010285,NGPL,13,16,325.0,309.3,100522.5,2024-05-30
2024053004010284,UMRH,25,58,270.0,363.0,98010.0,2024-05-30
2024053005004506,NRIC,63,41,93.0,660.6,61435.8,2024-05-30
2024053005004505,NRIC,14,41,179.0,660.6,118247.4,2024-05-30
2024053005004504,NRIC,35,41,28.0,660.7,18499.6,2024-05-30
2024053001030778,JBLB,45,58,20.0,1315.0,26300.0,2024-05-30
2024053005004503,RMF1,19,34,400.0,8.2,3280.0,2024-05-30
2024053005004502,RMF1,19,33,100.0,8.2,820.0,2024-05-30
2024053001030777,SMHL,17,26,10.0,550.8,5508.0,2024-05-30
2024053001030776,SMHL,17,68,10.0,550.8,5508.0,2024-05-30
2024053003013941,GLBSL,58,62,20.0,1843.2,36864.0,2024-05-30
2024053001030775,SAMAJ,38,34,30.0,2094.0,62820.0,2024-05-30
2024053001030774,SAMAJ,38,54,10.0,2090.0,20900.0,2024-05-30
2024053001030773,HBL,38,34,10.0,191.6,1916.0,2024-05-30
2024053001030772,BHDC,65,20,500.0,590.0,295000.0,2024-05-30
2024053001030771,SMHL,26,59,100.0,550.0,55000.0,2024-05-30
2024053001030770,MCHL,67,10,60.0,396.0,23760.0,2024-05-30
2024053004010283,SPDL,6,16,25.0,235.0,5875.0,2024-05-30
2024053003013940,ALICL,36,43,20.0,566.5,11330.0,2024-05-30
2024053001030769,SAHAS,29,36,160.0,527.1,84336.0,2024-05-30
2024053005004501,NRN,33,57,575.0,575.0,330625.0,2024-05-30
2024053005004500,NRN,63,57,300.0,575.0,172500.0,2024-05-30
2024053005004499,NRN,44,57,50.0,575.0,28750.0,2024-05-30
2024053003013939,USLB,95,62,10.0,1940.0,19400.0,2024-05-30
2024053003013938,PFL,55,49,10.0,691.2,6912.0,2024-05-30
2024053001030768,HHL,84,52,180.0,358.0,64440.0,2024-05-30
2024053001030767,HHL,5,52,20.0,359.9,7198.0,2024-05-30
2024053001030766,BHDC,11,20,86.0,590.0,50740.0,2024-05-30
2024053004010282,SSHL,49,35,40.0,161.0,6440.0,2024-05-30
2024053004010281,SSHL,49,38,10.0,161.0,1610.0,2024-05-30
2024053004010280,API,53,55,38.0,169.2,6429.6,2024-05-30
2024053004010279,API,53,35,50.0,169.1,8455.0,2024-05-30
2024053001030765,HATHY,7,34,180.0,888.1,159858.0,2024-05-30
2024053001030764,HATHY,36,34,20.0,889.0,17780.0,2024-05-30
2024053003013937,FMDBL,34,34,10.0,681.0,6810.0,2024-05-30
2024053004010278,MEN,16,52,40.0,580.0,23200.0,2024-05-30
2024053001030763,GVL,72,11,369.0,451.0,166419.0,2024-05-30
2024053001030762,GVL,72,45,300.0,450.0,135000.0,2024-05-30
2024053001030761,GVL,72,55,10.0,450.0,4500.0,2024-05-30
2024053001030760,GVL,72,49,10.0,450.0,4500.0,2024-05-30
2024053001030759,GVL,72,45,10.0,450.0,4500.0,2024-05-30
2024053001030758,GVL,72,58,100.0,450.0,45000.0,2024-05-30
2024053001030757,GVL,72,25,10.0,449.8,4498.0,2024-05-30
2024053001030756,GVL,72,42,10.0,449.8,4498.0,2024-05-30
2024053001030755,GVL,72,58,35.0,449.8,15743.0,2024-05-30
2024053001030754,GVL,72,17,20.0,449.8,8996.0,2024-05-30
2024053001030753,GVL,72,25,10.0,449.8,4498.0,2024-05-30
2024053001030752,GVL,72,45,30.0,449.8,13494.0,2024-05-30
2024053001030751,GVL,72,29,10.0,449.8,4498.0,2024-05-30
2024053001030750,GVL,72,34,200.0,449.0,89800.0,2024-05-30
2024053001030749,GVL,72,47,100.0,449.0,44900.0,2024-05-30
2024053001030748,GVL,72,45,398.0,449.0,178702.0,2024-05-30
2024053001030747,GVL,72,45,10.0,449.0,4490.0,2024-05-30
2024053001030746,GVL,72,35,10.0,448.8,4488.0,2024-05-30
2024053001030745,GVL,72,42,320.0,448.8,143616.0,2024-05-30
2024053001030744,GVL,72,22,20.0,447.8,8956.0,2024-05-30
2024053001030743,GVL,72,4,10.0,447.8,4478.0,2024-05-30
2024053001030742,GVL,72,58,10.0,447.7,4477.0,2024-05-30
2024053001030741,GVL,72,45,100.0,447.0,44700.0,2024-05-30
2024053001030740,GVL,72,33,898.0,447.0,401406.0,2024-05-30
2024053001030739,CITY,50,60,25.0,651.0,16275.0,2024-05-30
2024053005004498,NRIC,42,48,16.0,664.9,10638.4,2024-05-30
2024053005004497,NRIC,42,22,145.0,662.0,95990.0,2024-05-30
2024053004010277,HDHPC,38,42,490.0,130.4,63896.0,2024-05-30
2024053004010276,HDHPC,49,42,10.0,130.5,1305.0,2024-05-30
2024053001030738,MHL,56,52,40.0,442.6,17704.0,2024-05-30
2024053001030737,MHL,28,52,100.0,442.6,44260.0,2024-05-30
2024053001030736,MHL,49,52,10.0,442.7,4427.0,2024-05-30
2024053003013936,MNBBL,5,35,10.0,345.2,3452.0,2024-05-30
2024053003013935,MNBBL,45,35,200.0,345.3,69060.0,2024-05-30
2024053003013934,MNBBL,58,35,50.0,345.3,17265.0,2024-05-30
2024053003013933,NABBC,35,25,10.0,635.0,6350.0,2024-05-30
2024053001030735,ANLB,58,51,20.0,2240.0,44800.0,2024-05-30
2024053001030734,ANLB,33,51,30.0,2240.1,67203.0,2024-05-30
2024053003013932,MNBBL,22,48,10.0,345.5,3455.0,2024-05-30
2024053003013931,ILBS,53,44,90.0,1288.0,115920.0,2024-05-30
2024053003013930,ILBS,49,44,10.0,1289.0,12890.0,2024-05-30
2024053005004496,NRIC,48,49,10.0,661.4,6614.0,2024-05-30
2024053003013929,FMDBL,11,49,190.0,679.5,129105.0,2024-05-30
2024053003013928,FMDBL,34,49,10.0,679.5,6795.0,2024-05-30
2024053004010275,RURU,29,14,100.0,611.0,61100.0,2024-05-30
2024053001030733,ILI,58,16,25.0,437.0,10925.0,2024-05-30
2024053004010274,CHL,55,45,100.0,327.0,32700.0,2024-05-30
2024053001030732,GVL,39,33,10.0,447.0,4470.0,2024-05-30
2024053003013927,SABSL,39,26,20.0,934.0,18680.0,2024-05-30
2024053001030731,ULHC,69,42,10.0,399.3,3993.0,2024-05-30
2024053004010273,MEN,45,52,10.0,580.0,5800.0,2024-05-30
2024053004010272,MEN,45,26,30.0,579.0,17370.0,2024-05-30
2024053004010271,SHEL,58,52,600.0,156.9,94140.0,2024-05-30
2024053005004495,CIT,22,51,50.0,2112.2,105610.0,2024-05-30
2024053003013926,GUFL,21,57,70.0,658.0,46060.0,2024-05-30
2024053003013925,GUFL,21,14,180.0,658.0,118440.0,2024-05-30
2024053001030730,CLI,19,34,63.0,468.0,29484.0,2024-05-30
2024053001030729,CLI,26,34,375.0,468.0,175500.0,2024-05-30
2024053001030728,CLI,26,34,60.0,468.1,28086.0,2024-05-30
2024053001030727,CLI,42,34,102.0,468.5,47787.0,2024-05-30
2024053001030726,SAHAS,29,34,340.0,527.1,179214.0,2024-05-30
2024053004010270,NLG,57,29,408.0,753.0,307224.0,2024-05-30
2024053004010269,NLG,71,29,10.0,754.0,7540.0,2024-05-30
2024053004010268,NLG,28,29,100.0,754.0,75400.0,2024-05-30
2024053004010267,NLG,13,29,352.0,755.0,265760.0,2024-05-30
2024053004010266,NLG,17,29,50.0,755.1,37755.0,2024-05-30
2024053004010265,NLG,45,29,100.0,756.0,75600.0,2024-05-30
2024053004010264,NLG,36,29,200.0,756.1,151220.0,2024-05-30
2024053001030725,MKHC,68,65,90.0,323.0,29070.0,2024-05-30
2024053003013924,GUFL,67,71,45.0,655.0,29475.0,2024-05-30
2024053003013923,GUFL,4,71,50.0,655.0,32750.0,2024-05-30
2024053003013922,GUFL,58,71,500.0,655.0,327500.0,2024-05-30
2024053003013921,GUFL,56,71,50.0,655.0,32750.0,2024-05-30
2024053003013920,GUFL,55,71,100.0,655.0,65500.0,2024-05-30
2024053003013919,GUFL,35,71,10.0,655.0,6550.0,2024-05-30
2024053003013918,GUFL,56,71,75.0,655.0,49125.0,2024-05-30
2024053003013917,GUFL,42,71,170.0,657.0,111690.0,2024-05-30
2024053001030724,BHL,11,33,30.0,332.2,9966.0,2024-05-30
2024053004010263,OHL,51,8,61.0,755.0,46055.0,2024-05-30
2024053004010262,OHL,58,8,10.0,755.0,7550.0,2024-05-30
2024053004010261,OHL,5,8,550.0,755.0,415250.0,2024-05-30
2024053004010260,OHL,58,8,38.0,755.1,28693.8,2024-05-30
2024053004010259,OHL,40,8,141.0,755.6,106539.6,2024-05-30
2024053003013916,SIFC,14,45,128.0,425.0,54400.0,2024-05-30
2024053001030723,MMKJL,85,38,69.0,420.6,29021.4,2024-05-30
2024053001030722,EHPL,35,6,230.0,496.0,114080.0,2024-05-30
2024053001030721,EHPL,94,6,100.0,496.1,49610.0,2024-05-30
2024053001030720,EHPL,34,6,50.0,497.0,24850.0,2024-05-30
2024053004010258,NGPL,34,56,270.0,309.3,83511.0,2024-05-30
2024053001030719,KBL,93,32,10.0,143.0,1430.0,2024-05-30
2024053003013915,USLB,44,17,34.0,1936.5,65841.0,2024-05-30
2024053005004494,NRIC,35,46,30.0,660.7,19821.0,2024-05-30
2024053005004493,NRIC,48,46,10.0,661.4,6614.0,2024-05-30
2024053001030718,MAKAR,4,21,65.0,373.0,24245.0,2024-05-30
2024053001030717,MAKAR,14,21,25.0,373.0,9325.0,2024-05-30
2024053001030716,MAKAR,56,21,10.0,373.0,3730.0,2024-05-30
2024053001030715,NYADI,18,38,74.0,280.0,20720.0,2024-05-30
2024053005004492,SMATA,49,44,80.0,882.0,70560.0,2024-05-30
2024053003013914,WNLB,44,6,6.0,1350.0,8100.0,2024-05-30
2024053003013913,WNLB,44,13,80.0,1350.0,108000.0,2024-05-30
2024053003013912,GUFL,42,29,220.0,657.0,144540.0,2024-05-30
2024053003013911,NICLBSL,57,34,10.0,640.2,6402.0,2024-05-30
2024053001030714,SNLI,45,8,73.0,461.5,33689.5,2024-05-30
2024053001030713,SNLI,57,8,10.0,461.6,4616.0,2024-05-30
2024053003013910,ICFC,57,55,160.0,512.0,81920.0,2024-05-30
2024053003013909,ICFC,57,80,40.0,512.0,20480.0,2024-05-30
2024053003013908,NICLBSL,55,34,115.0,641.0,73715.0,2024-05-30
2024053003013907,NICLBSL,55,57,45.0,641.0,28845.0,2024-05-30
2024053003013906,SIFC,14,14,300.0,425.0,127500.0,2024-05-30
2024053004010257,SJCL,38,10,100.0,266.5,26650.0,2024-05-30
2024053001030712,RNLI,58,4,575.0,426.1,245007.5,2024-05-30
2024053001030711,RNLI,58,4,50.0,426.1,21305.0,2024-05-30
2024053001030710,RNLI,51,4,179.0,426.2,76289.8,2024-05-30
2024053001030709,RNLI,38,4,35.0,426.3,14920.5,2024-05-30
2024053001030708,RNLI,41,4,161.0,426.3,68634.3,2024-05-30
