transaction,symbol,buyer,seller,quantity,rate,amount,date
2024100901013026,MHCL,57,62,10.0,404.3,4043.0,2024-10-09
2024100903008565,GFCL,74,21,30.0,1062.0,31860.0,2024-10-09
2024100901013025,TPC,44,36,100.0,468.0,46800.0,2024-10-09
2024100904008941,NICL,48,7,21.0,1009.0,21189.0,2024-10-09
2024100901013024,EBL,58,45,100.0,613.1,61310.0,2024-10-09
2024100901013023,MLBS,29,34,10.0,1610.0,16100.0,2024-10-09
2024100904008940,IGI,29,64,10.0,609.0,6090.0,2024-10-09
2024100901013022,HBL,45,29,10.0,261.5,2615.0,2024-10-09
2024100904008939,NHPC,72,58,100.0,221.9,22190.0,2024-10-09
2024100904008938,NGPL,43,58,300.0,430.0,129000.0,2024-10-09
2024100903008564,NMLBBL,56,10,10.0,793.9,7939.0,2024-10-09
2024100901013021,SIKLES,35,19,10.0,699.9,6999.0,2024-10-09
2024100901013020,SIKLES,35,21,50.0,699.8,34990.0,2024-10-09
2024100901013019,SIKLES,35,13,40.0,699.6,27984.0,2024-10-09
2024100901013018,SIKLES,35,58,10.0,693.0,6930.0,2024-10-09
2024100901013017,SIKLES,35,6,40.0,692.0,27680.0,2024-10-09
2024100904008937,NLG,55,59,50.0,1305.0,65250.0,2024-10-09
2024100901013016,EHPL,6,60,11.0,852.2,9374.2,2024-10-09
2024100901013015,ULBSL,49,77,80.0,3282.0,262560.0,2024-10-09
2024100901013014,ULBSL,49,28,10.0,3280.0,32800.0,2024-10-09
2024100901013013,ULBSL,49,4,10.0,3260.0,32600.0,2024-10-09
2024100901013012,SANIMA,65,52,55.0,342.3,18826.5,2024-10-09
2024100901013011,SANIMA,64,52,85.0,342.3,29095.5,2024-10-09
2024100904008936,SHPC,42,49,100.0,545.0,54500.0,2024-10-09
2024100904008935,SHPC,48,49,1131.0,545.0,616395.0,2024-10-09
2024100904008934,SHPC,45,49,300.0,545.3,163590.0,2024-10-09
2024100905009599,CHDC,39,94,10.0,1745.0,17450.0,2024-10-09
2024100904008933,SHEL,49,42,10.0,240.0,2400.0,2024-10-09
2024100901013010,HHL,34,48,10.0,428.0,4280.0,2024-10-09
2024100903008563,GRDBL,20,49,10.0,714.5,7145.0,2024-10-09
2024100903008562,SADBL,35,34,90.0,422.8,38052.0,2024-10-09
2024100903008561,SADBL,34,34,200.0,423.0,84600.0,2024-10-09
2024100903008560,SADBL,55,34,1000.0,423.0,423000.0,2024-10-09
2024100903008559,SADBL,37,34,200.0,423.5,84700.0,2024-10-09
2024100904008932,MHNL,49,49,10.0,273.0,2730.0,2024-10-09
2024100904008931,MHNL,49,51,480.0,271.0,130080.0,2024-10-09
2024100901013009,ULHC,54,53,10.0,386.0,3860.0,2024-10-09
2024100904008930,JOSHI,17,34,300.0,318.0,95400.0,2024-10-09
2024100905009598,NIFRA,26,52,190.0,286.3,54397.0,2024-10-09
2024100901013008,MCHL,52,37,10.0,492.0,4920.0,2024-10-09
2024100903008558,SINDU,14,6,10.0,651.0,6510.0,2024-10-09
2024100903008557,ILBS,62,49,50.0,996.0,49800.0,2024-10-09
2024100903008556,RLFL,17,62,162.0,615.2,99662.4,2024-10-09
2024100903008555,RLFL,21,62,28.0,615.9,17245.2,2024-10-09
2024100903008554,MDB,62,45,103.0,638.7,65786.1,2024-10-09
2024100903008553,MDB,62,57,100.0,637.8,63780.0,2024-10-09
2024100903008552,MDB,62,45,197.0,636.9,125469.3,2024-10-09
2024100903008551,NMLBBL,25,25,1.0,780.0,780.0,2024-10-09
2024100903008550,NLIC,16,48,10.0,840.0,8400.0,2024-10-09
2024100904008929,IGI,38,51,50.0,606.9,30345.0,2024-10-09
2024100901013007,GBIME,47,44,11.0,253.7,2790.7,2024-10-09
2024100901013006,GBIME,47,57,100.0,253.7,25370.0,2024-10-09
2024100901013005,GBIME,47,55,50.0,253.5,12675.0,2024-10-09
2024100901013004,GBIME,47,6,15.0,253.5,3802.5,2024-10-09
2024100901013003,GBIME,47,57,50.0,253.5,12675.0,2024-10-09
2024100901013002,GBIME,47,35,74.0,253.5,18759.0,2024-10-09
2024100904008928,UMRH,70,47,50.0,452.0,22600.0,2024-10-09
2024100904008927,UMRH,10,47,100.0,452.1,45210.0,2024-10-09
2024100904008926,UMRH,63,47,500.0,453.0,226500.0,2024-10-09
2024100904008925,UMRH,46,47,50.0,453.0,22650.0,2024-10-09
2024100904008924,UMRH,58,47,300.0,453.0,135900.0,2024-10-09
2024100905009597,NRM,47,45,24.0,445.0,10680.0,2024-10-09
2024100905009596,NRM,47,58,10.0,440.0,4400.0,2024-10-09
2024100905009595,NRM,47,49,406.0,439.0,178234.0,2024-10-09
2024100905009594,NRM,47,45,200.0,438.0,87600.0,2024-10-09
2024100905009593,NRM,47,22,10.0,438.0,4380.0,2024-10-09
2024100905009592,NRM,47,21,150.0,438.0,65700.0,2024-10-09
2024100901013001,SARBTM,47,33,187.0,790.0,147730.0,2024-10-09
2024100901013000,SARBTM,47,22,100.0,789.9,78990.0,2024-10-09
2024100901012999,SARBTM,47,57,13.0,789.9,10268.7,2024-10-09
2024100901012998,SARBTM,47,29,50.0,789.0,39450.0,2024-10-09
2024100901012997,SARBTM,47,21,50.0,789.0,39450.0,2024-10-09
2024100901012996,SARBTM,47,44,100.0,788.9,78890.0,2024-10-09
2024100903008549,SINDU,88,6,18.0,651.0,11718.0,2024-10-09
2024100903008548,SINDU,88,6,100.0,651.0,65100.0,2024-10-09
2024100905009591,CHDC,28,94,27.0,1745.0,47115.0,2024-10-09
2024100905009590,HIDCL,28,22,350.0,274.0,95900.0,2024-10-09
2024100905009589,HIDCL,28,39,50.0,274.0,13700.0,2024-10-09
2024100905009588,HIDCL,28,58,251.0,274.0,68774.0,2024-10-09
2024100905009587,HIDCL,28,58,100.0,274.0,27400.0,2024-10-09
2024100903008547,MLBL,42,54,10.0,407.6,4076.0,2024-10-09
2024100905009586,SHIVM,58,49,200.0,599.0,119800.0,2024-10-09
2024100903008546,GFCL,6,57,110.0,1063.0,116930.0,2024-10-09
2024100903008545,GFCL,57,57,55.0,1064.0,58520.0,2024-10-09
2024100901012995,MHCL,57,62,330.0,404.3,133419.0,2024-10-09
2024100901012994,MHCL,57,34,70.0,404.0,28280.0,2024-10-09
2024100901012993,MHCL,57,47,100.0,404.0,40400.0,2024-10-09
2024100901012992,MHL,57,57,38.0,743.0,28234.0,2024-10-09
2024100905009585,SAHAS,54,90,82.0,463.0,37966.0,2024-10-09
2024100905009584,SAHAS,54,74,18.0,463.0,8334.0,2024-10-09
2024100903008544,GLBSL,58,38,10.0,1660.0,16600.0,2024-10-09
2024100904008923,SHPC,45,26,100.0,545.3,54530.0,2024-10-09
2024100901012991,ULBSL,38,41,25.0,3250.0,81250.0,2024-10-09
2024100901012990,ULBSL,38,35,30.0,3245.0,97350.0,2024-10-09
2024100901012989,ULBSL,38,22,10.0,3235.9,32359.0,2024-10-09
2024100901012988,ULBSL,38,55,55.0,3220.0,177100.0,2024-10-09
2024100901012987,ULBSL,38,41,10.0,3135.0,31350.0,2024-10-09
2024100905009583,CHDC,69,22,33.0,1744.0,57552.0,2024-10-09
2024100905009582,CHDC,69,57,17.0,1742.0,29614.0,2024-10-09
2024100904008922,OHL,17,18,10.0,985.0,9850.0,2024-10-09
2024100905009581,SAHAS,44,17,16.0,462.0,7392.0,2024-10-09
2024100905009580,SAHAS,58,17,484.0,462.0,223608.0,2024-10-09
2024100905009579,HIDCL,17,58,300.0,274.0,82200.0,2024-10-09
2024100904008921,BPCL,14,6,10.0,475.3,4753.0,2024-10-09
2024100904008920,BPCL,58,6,10.0,475.5,4755.0,2024-10-09
2024100901012986,CZBIL,6,45,430.0,253.0,108790.0,2024-10-09
2024100901012985,CZBIL,6,34,220.0,253.0,55660.0,2024-10-09
2024100901012984,BHL,6,47,65.0,448.8,29172.0,2024-10-09
2024100901012983,BHL,6,16,235.0,448.0,105280.0,2024-10-09
2024100901012982,CZBIL,48,34,10.0,253.0,2530.0,2024-10-09
2024100904008919,RIDI,63,57,10.0,237.9,2379.0,2024-10-09
2024100901012981,MSHL,64,64,20.0,1141.0,22820.0,2024-10-09
2024100901012980,MSHL,64,58,10.0,1122.2,11222.0,2024-10-09
2024100901012979,MSHL,64,47,100.0,994.0,99400.0,2024-10-09
2024100901012978,MSHL,64,45,53.0,979.2,51897.6,2024-10-09
2024100901012977,MSHL,64,92,10.0,979.2,9792.0,2024-10-09
2024100901012976,MSHL,64,56,1000.0,979.0,979000.0,2024-10-09
2024100901012975,MSHL,64,34,10.0,979.0,9790.0,2024-10-09
2024100901012974,MSHL,64,96,10.0,979.0,9790.0,2024-10-09
2024100901012973,MSHL,64,55,100.0,979.0,97900.0,2024-10-09
2024100901012972,MSHL,64,4,20.0,978.0,19560.0,2024-10-09
2024100901012971,MSHL,64,64,10.0,978.0,9780.0,2024-10-09
2024100901012970,MSHL,64,45,10.0,975.0,9750.0,2024-10-09
2024100901012969,CKHL,44,57,10.0,654.0,6540.0,2024-10-09
2024100903008543,NADEP,19,94,10.0,1060.0,10600.0,2024-10-09
2024100901012968,CYCL,45,51,10.0,1536.0,15360.0,2024-10-09
2024100903008542,RLFL,21,1,25.0,615.9,15397.5,2024-10-09
2024100903008541,RLFL,46,1,75.0,616.0,46200.0,2024-10-09
2024100905009578,HATHY,56,47,10.0,1420.0,14200.0,2024-10-09
2024100901012967,MBL,56,41,154.0,256.0,39424.0,2024-10-09
2024100901012966,EHPL,6,56,10.0,852.2,8522.0,2024-10-09
2024100904008918,NLG,55,35,385.0,1305.0,502425.0,2024-10-09
2024100905009577,PHCL,22,14,290.0,415.3,120437.0,2024-10-09
2024100905009576,PHCL,22,45,10.0,415.2,4152.0,2024-10-09
2024100904008917,CGH,59,42,105.0,944.0,99120.0,2024-10-09
2024100903008540,KRBL,60,58,20.0,604.0,12080.0,2024-10-09
2024100905009575,HIDCL,53,58,10.0,274.0,2740.0,2024-10-09
2024100901012965,RFPL,34,22,50.0,536.9,26845.0,2024-10-09
2024100903008539,NFS,7,34,50.0,1390.0,69500.0,2024-10-09
2024100905009574,SAHAS,58,34,16.0,462.0,7392.0,2024-10-09
2024100905009573,SAHAS,54,34,40.0,462.0,18480.0,2024-10-09
2024100905009572,SAHAS,49,34,200.0,462.0,92400.0,2024-10-09
2024100905009571,SAHAS,49,34,144.0,462.0,66528.0,2024-10-09
2024100904008916,NICL,11,7,20.0,1009.0,20180.0,2024-10-09
2024100903008538,SINDU,32,6,10.0,651.0,6510.0,2024-10-09
2024100901012964,GBIME,14,35,10.0,253.5,2535.0,2024-10-09
2024100904008915,UMHL,62,62,500.0,338.8,169400.0,2024-10-09
2024100904008914,UMHL,62,28,346.0,324.0,112104.0,2024-10-09
2024100903008537,JSLBB,62,58,10.0,1578.0,15780.0,2024-10-09
2024100901012963,TVCL,22,62,64.0,460.0,29440.0,2024-10-09
2024100901012962,TVCL,70,62,36.0,460.0,16560.0,2024-10-09
2024100905009570,NRN,88,18,100.0,920.0,92000.0,2024-10-09
2024100901012961,KDL,36,55,15.0,1080.0,16200.0,2024-10-09
2024100903008536,GRDBL,20,43,10.0,718.0,7180.0,2024-10-09
2024100904008913,HURJA,4,58,750.0,220.0,165000.0,2024-10-09
2024100901012960,ULHC,54,4,10.0,386.0,3860.0,2024-10-09
2024100904008912,HDHPC,47,55,36.0,212.1,7635.6,2024-10-09
2024100904008911,HDHPC,80,55,500.0,212.2,106100.0,2024-10-09
2024100904008910,HDHPC,42,55,383.0,212.8,81502.4,2024-10-09
2024100901012959,SRLI,59,55,80.0,449.2,35936.0,2024-10-09
2024100901012958,SRLI,34,55,320.0,449.3,143776.0,2024-10-09
2024100901012957,EHPL,32,28,10.0,852.3,8523.0,2024-10-09
2024100904008909,CHCL,28,25,85.0,587.0,49895.0,2024-10-09
2024100904008908,CHCL,28,41,90.0,586.9,52821.0,2024-10-09
2024100904008907,CHCL,28,13,25.0,586.7,14667.5,2024-10-09
2024100901012956,GVL,74,1,35.0,556.0,19460.0,2024-10-09
2024100901012955,GVL,74,48,350.0,555.0,194250.0,2024-10-09
2024100901012954,GVL,74,43,150.0,554.4,83160.0,2024-10-09
2024100901012953,GVL,74,26,77.0,554.4,42688.8,2024-10-09
2024100901012952,GVL,74,14,330.0,552.9,182457.0,2024-10-09
2024100901012951,GVL,74,57,50.0,552.0,27600.0,2024-10-09
2024100901012950,GVL,74,38,10.0,552.0,5520.0,2024-10-09
2024100905009569,MBJC,67,58,10.0,339.0,3390.0,2024-10-09
2024100901012949,USHL,58,58,50.0,908.0,45400.0,2024-10-09
2024100901012948,USHL,58,6,10.0,836.0,8360.0,2024-10-09
2024100901012947,USHL,58,58,1000.0,831.3,831300.0,2024-10-09
2024100901012946,USHL,58,66,580.0,831.3,482154.0,2024-10-09
2024100901012945,USHL,58,41,1210.0,831.3,1005873.0,2024-10-09
2024100901012944,USHL,58,52,1160.0,831.3,964308.0,2024-10-09
2024100901012943,USHL,58,44,19.0,831.3,15794.7,2024-10-09
2024100901012942,USHL,58,36,100.0,831.3,83130.0,2024-10-09
2024100901012941,USHL,58,66,100.0,831.3,83130.0,2024-10-09
2024100901012940,USHL,58,4,2050.0,831.3,1704165.0,2024-10-09
2024100901012939,USHEC,42,38,10.0,504.0,5040.0,2024-10-09
2024100905009568,SONA,52,42,10.0,476.0,4760.0,2024-10-09
2024100903008535,MLBSL,19,10,32.0,2035.6,65139.2,2024-10-09
2024100903008534,MLBSL,34,10,25.0,2035.7,50892.5,2024-10-09
2024100901012938,NYADI,58,74,10.0,320.0,3200.0,2024-10-09
2024100903008533,GFCL,57,22,35.0,1064.0,37240.0,2024-10-09
2024100901012937,RFPL,84,22,80.0,536.9,42952.0,2024-10-09
2024100901012936,RFPL,84,39,10.0,535.0,5350.0,2024-10-09
2024100901012935,RFPL,84,34,290.0,535.0,155150.0,2024-10-09
2024100901012934,RFPL,84,45,40.0,534.4,21376.0,2024-10-09
2024100901012933,RFPL,84,34,200.0,532.0,106400.0,2024-10-09
2024100901012932,RFPL,84,19,15.0,531.4,7971.0,2024-10-09
2024100901012931,RFPL,84,42,10.0,530.0,5300.0,2024-10-09
2024100901012930,RFPL,84,46,10.0,530.0,5300.0,2024-10-09
2024100901012929,RFPL,84,53,100.0,530.0,53000.0,2024-10-09
2024100901012928,RFPL,84,45,180.0,529.3,95274.0,2024-10-09
2024100901012927,RFPL,84,11,15.0,529.0,7935.0,2024-10-09
2024100901012926,RFPL,84,58,50.0,527.0,26350.0,2024-10-09
2024100905009567,HRL,17,39,10.0,879.0,8790.0,2024-10-09
2024100904008906,UMRH,63,13,490.0,456.0,223440.0,2024-10-09
2024100903008532,GILB,1,57,10.0,1270.0,12700.0,2024-10-09
2024100905009566,SAHAS,49,1,121.0,462.0,55902.0,2024-10-09
2024100905009565,SAHAS,42,1,50.0,462.0,23100.0,2024-10-09
2024100905009564,SAHAS,57,1,50.0,462.0,23100.0,2024-10-09
2024100905009563,SAHAS,57,1,25.0,462.0,11550.0,2024-10-09
2024100905009562,SAHAS,58,1,754.0,462.0,348348.0,2024-10-09
2024100903008531,GFCL,6,22,30.0,1063.0,31890.0,2024-10-09
2024100904008905,UMHL,39,28,194.0,324.0,62856.0,2024-10-09
2024100904008904,UMHL,39,6,834.0,322.0,268548.0,2024-10-09
2024100904008903,UMHL,39,49,1950.0,322.0,627900.0,2024-10-09
2024100904008902,UMHL,39,48,527.0,320.3,168798.1,2024-10-09
2024100904008901,UMHL,39,51,10.0,320.3,3203.0,2024-10-09
2024100904008900,UMHL,39,7,1260.0,320.1,403326.0,2024-10-09
2024100904008899,UMHL,39,42,400.0,320.0,128000.0,2024-10-09
2024100904008898,UMHL,39,52,1100.0,319.2,351120.0,2024-10-09
2024100904008897,UMHL,39,6,1000.0,319.0,319000.0,2024-10-09
2024100904008896,UMHL,39,6,1000.0,319.0,319000.0,2024-10-09
2024100904008895,UMHL,39,43,200.0,319.0,63800.0,2024-10-09
2024100904008894,UMHL,39,6,1000.0,319.0,319000.0,2024-10-09
2024100904008893,UMHL,39,22,249.0,319.0,79431.0,2024-10-09
2024100904008892,UMHL,39,49,50.0,318.8,15940.0,2024-10-09
2024100904008891,UMHL,39,6,10.0,318.0,3180.0,2024-10-09
2024100904008890,UMHL,39,22,136.0,318.0,43248.0,2024-10-09
2024100904008889,UMHL,39,29,80.0,317.9,25432.0,2024-10-09
2024100905009561,HRL,48,59,10.0,878.0,8780.0,2024-10-09
2024100901012925,HIDCLP,59,45,10.0,174.0,1740.0,2024-10-09
2024100901012924,SBL,50,58,11.0,346.9,3815.9,2024-10-09
2024100904008888,NGPL,52,34,365.0,429.2,156658.0,2024-10-09
2024100905009560,HATHY,6,34,145.0,1416.0,205320.0,2024-10-09
2024100905009559,HATHY,49,34,100.0,1416.0,141600.0,2024-10-09
2024100905009558,HATHY,58,34,225.0,1416.0,318600.0,2024-10-09
2024100905009557,HATHY,40,34,210.0,1417.0,297570.0,2024-10-09
2024100903008530,GUFL,34,29,30.0,750.0,22500.0,2024-10-09
2024100901012923,RAWA,71,21,10.0,709.0,7090.0,2024-10-09
2024100904008887,UMHL,62,29,100.0,317.9,31790.0,2024-10-09
2024100903008529,ALICL,62,44,46.0,716.0,32936.0,2024-10-09
2024100903008528,ALICL,62,37,164.0,715.0,117260.0,2024-10-09
2024100903008527,ALICL,62,16,90.0,714.9,64341.0,2024-10-09
2024100903008526,ALICL,62,44,100.0,714.0,71400.0,2024-10-09
2024100903008525,SMPDA,48,62,10.0,924.0,9240.0,2024-10-09
2024100904008886,NGPL,7,58,10.0,430.0,4300.0,2024-10-09
2024100904008885,NGPL,7,74,490.0,429.9,210651.0,2024-10-09
2024100901012922,BNHC,70,11,1000.0,463.0,463000.0,2024-10-09
2024100901012921,TVCL,41,21,10.0,463.9,4639.0,2024-10-09
2024100903008524,RLFL,46,41,25.0,616.0,15400.0,2024-10-09
2024100903008523,NFS,88,72,10.0,1569.7,15697.0,2024-10-09
2024100903008522,NFS,88,40,780.0,1569.7,1224366.0,2024-10-09
2024100903008521,NFS,88,58,150.0,1550.0,232500.0,2024-10-09
2024100903008520,NFS,88,58,170.0,1542.0,262140.0,2024-10-09
2024100903008519,NFS,88,51,100.0,1542.0,154200.0,2024-10-09
2024100903008518,NFS,88,20,300.0,1542.0,462600.0,2024-10-09
2024100903008517,NFS,88,35,20.0,1438.2,28764.0,2024-10-09
2024100903008516,NFS,88,21,50.0,1438.2,71910.0,2024-10-09
2024100903008515,NFS,88,21,50.0,1438.2,71910.0,2024-10-09
2024100903008514,NFS,88,18,200.0,1438.2,287640.0,2024-10-09
2024100903008513,NFS,88,19,10.0,1438.2,14382.0,2024-10-09
2024100903008512,NFS,88,16,700.0,1438.2,1006740.0,2024-10-09
2024100903008511,NFS,88,22,40.0,1438.2,57528.0,2024-10-09
2024100903008510,NFS,88,37,50.0,1438.2,71910.0,2024-10-09
2024100903008509,NFS,88,21,30.0,1438.2,43146.0,2024-10-09
2024100903008508,NFS,88,41,10.0,1438.2,14382.0,2024-10-09
2024100903008507,NFS,88,94,1100.0,1438.2,1582020.0,2024-10-09
2024100903008506,NFS,88,51,40.0,1438.2,57528.0,2024-10-09
2024100903008505,NFS,88,44,200.0,1438.2,287640.0,2024-10-09
2024100903008504,NFS,88,51,200.0,1438.2,287640.0,2024-10-09
2024100903008503,NFS,88,58,140.0,1438.2,201348.0,2024-10-09
2024100903008502,NFS,88,25,29.0,1438.2,41707.8,2024-10-09
2024100903008501,NFS,88,69,1000.0,1438.2,1438200.0,2024-10-09
2024100903008500,NFS,88,58,4500.0,1438.2,6471900.0,2024-10-09
2024100903008499,NFS,88,39,10.0,1438.2,14382.0,2024-10-09
2024100903008498,NFS,88,25,100.0,1438.2,143820.0,2024-10-09
2024100903008497,NFS,88,35,10.0,1438.2,14382.0,2024-10-09
2024100903008496,NFS,88,22,500.0,1438.2,719100.0,2024-10-09
2024100903008495,NFS,88,18,70.0,1438.0,100660.0,2024-10-09
2024100903008494,NFS,88,22,25.0,1438.0,35950.0,2024-10-09
2024100903008493,NFS,88,16,100.0,1438.0,143800.0,2024-10-09
2024100903008492,NFS,88,49,10.0,1438.0,14380.0,2024-10-09
2024100903008491,NFS,88,25,500.0,1438.0,719000.0,2024-10-09
2024100903008490,NFS,88,57,100.0,1438.0,143800.0,2024-10-09
2024100903008489,NFS,88,53,4170.0,1438.0,5996460.0,2024-10-09
2024100903008488,NFS,88,55,150.0,1438.0,215700.0,2024-10-09
2024100903008487,NFS,88,99,160.0,1438.0,230080.0,2024-10-09
2024100903008486,NFS,88,32,10.0,1438.0,14380.0,2024-10-09
2024100903008485,NFS,88,68,50.0,1438.0,71900.0,2024-10-09
2024100903008484,NFS,88,41,76.0,1438.0,109288.0,2024-10-09
2024100903008483,NFS,88,37,130.0,1438.0,186940.0,2024-10-09
2024100903008482,NFS,88,91,500.0,1438.0,719000.0,2024-10-09
2024100903008481,NFS,88,43,200.0,1438.0,287600.0,2024-10-09
2024100903008480,NFS,88,43,200.0,1438.0,287600.0,2024-10-09
2024100903008479,NFS,88,45,40.0,1438.0,57520.0,2024-10-09
2024100903008478,NFS,88,71,1000.0,1438.0,1438000.0,2024-10-09
2024100903008477,NFS,88,16,100.0,1438.0,143800.0,2024-10-09
2024100903008476,NFS,88,5,10.0,1438.0,14380.0,2024-10-09
2024100903008475,NFS,88,42,50.0,1438.0,71900.0,2024-10-09
2024100903008474,NFS,88,48,170.0,1438.0,244460.0,2024-10-09
2024100903008473,NFS,88,16,500.0,1438.0,719000.0,2024-10-09
2024100903008472,NFS,88,55,200.0,1438.0,287600.0,2024-10-09
2024100903008471,NFS,88,35,10.0,1438.0,14380.0,2024-10-09
2024100903008470,NFS,88,33,10.0,1437.3,14373.0,2024-10-09
2024100903008469,NFS,88,38,197.0,1437.2,283128.4,2024-10-09
2024100903008468,NFS,88,45,50.0,1437.1,71855.0,2024-10-09
2024100903008467,NFS,88,4,100.0,1437.0,143700.0,2024-10-09
2024100903008466,NFS,88,49,10.0,1437.0,14370.0,2024-10-09
2024100903008465,NFS,88,45,10.0,1437.0,14370.0,2024-10-09
2024100903008464,NFS,88,36,150.0,1437.0,215550.0,2024-10-09
2024100903008463,NFS,88,28,300.0,1437.0,431100.0,2024-10-09
2024100903008462,NFS,88,17,10.0,1437.0,14370.0,2024-10-09
2024100903008461,NFS,88,71,250.0,1437.0,359250.0,2024-10-09
2024100903008460,NFS,88,46,40.0,1436.1,57444.0,2024-10-09
2024100903008459,NFS,88,41,30.0,1436.0,43080.0,2024-10-09
2024100903008458,NFS,88,36,500.0,1436.0,718000.0,2024-10-09
2024100903008457,NFS,88,41,50.0,1436.0,71800.0,2024-10-09
2024100903008456,NFS,88,49,50.0,1436.0,71800.0,2024-10-09
2024100903008455,NFS,88,36,10.0,1436.0,14360.0,2024-10-09
2024100903008454,NFS,88,16,10.0,1436.0,14360.0,2024-10-09
2024100903008453,NFS,88,57,100.0,1436.0,143600.0,2024-10-09
2024100903008452,NFS,88,97,1000.0,1435.0,1435000.0,2024-10-09
2024100903008451,NFS,88,37,150.0,1435.0,215250.0,2024-10-09
2024100903008450,NFS,88,32,50.0,1435.0,71750.0,2024-10-09
2024100903008449,NFS,88,57,400.0,1430.0,572000.0,2024-10-09
2024100903008448,NFS,88,38,10.0,1430.0,14300.0,2024-10-09
2024100903008447,NFS,88,48,100.0,1430.0,143000.0,2024-10-09
2024100903008446,NFS,88,71,650.0,1430.0,929500.0,2024-10-09
2024100903008445,NFS,88,47,100.0,1430.0,143000.0,2024-10-09
2024100903008444,NFS,88,58,10.0,1430.0,14300.0,2024-10-09
2024100903008443,NFS,88,33,80.0,1429.9,114392.0,2024-10-09
2024100903008442,NFS,88,7,50.0,1429.0,71450.0,2024-10-09
2024100903008441,NFS,88,49,10.0,1427.0,14270.0,2024-10-09
2024100903008440,NFS,88,37,200.0,1427.0,285400.0,2024-10-09
2024100903008439,NFS,88,17,150.0,1420.0,213000.0,2024-10-09
2024100903008438,NFS,88,6,50.0,1420.0,71000.0,2024-10-09
2024100903008437,NFS,88,49,10.0,1420.0,14200.0,2024-10-09
2024100903008436,NFS,88,35,350.0,1415.0,495250.0,2024-10-09
2024100903008435,NFS,88,45,70.0,1410.0,98700.0,2024-10-09
2024100903008434,NFS,88,42,75.0,1410.0,105750.0,2024-10-09
2024100903008433,NFS,88,48,100.0,1410.0,141000.0,2024-10-09
2024100903008432,NFS,88,14,100.0,1410.0,141000.0,2024-10-09
2024100903008431,NFS,88,49,10.0,1410.0,14100.0,2024-10-09
2024100903008430,NFS,88,47,100.0,1410.0,141000.0,2024-10-09
2024100903008429,NFS,88,37,100.0,1410.0,141000.0,2024-10-09
2024100903008428,NFS,88,57,100.0,1410.0,141000.0,2024-10-09
2024100903008427,NFS,88,4,80.0,1410.0,112800.0,2024-10-09
2024100904008884,OHL,91,18,10.0,985.0,9850.0,2024-10-09
2024100904008883,CGH,4,58,18.0,942.1,16957.8,2024-10-09
2024100904008882,CGH,1,58,20.0,943.0,18860.0,2024-10-09
2024100905009556,CIT,18,65,20.0,2226.0,44520.0,2024-10-09
2024100905009555,CIT,54,65,80.0,2226.6,178128.0,2024-10-09
2024100901012920,SANIMA,64,21,100.0,342.3,34230.0,2024-10-09
2024100904008881,API,42,42,100.0,296.0,29600.0,2024-10-09
2024100903008426,FMDBL,42,55,200.0,797.0,159400.0,2024-10-09
2024100903008425,FMDBL,42,13,30.0,795.0,23850.0,2024-10-09
2024100903008424,FMDBL,42,42,100.0,794.0,79400.0,2024-10-09
2024100903008423,FMDBL,42,22,47.0,793.0,37271.0,2024-10-09
2024100903008422,FMDBL,42,17,25.0,793.0,19825.0,2024-10-09
2024100903008421,FMDBL,42,98,50.0,793.0,39650.0,2024-10-09
2024100903008420,FMDBL,42,34,60.0,793.0,47580.0,2024-10-09
2024100903008419,FMDBL,42,26,60.0,790.0,47400.0,2024-10-09
2024100903008418,FMDBL,42,41,100.0,790.0,79000.0,2024-10-09
2024100903008417,FMDBL,42,6,223.0,790.0,176170.0,2024-10-09
2024100905009554,HRL,48,90,99.0,878.0,86922.0,2024-10-09
2024100905009553,HRL,52,90,91.0,878.0,79898.0,2024-10-09
2024100905009552,HRL,58,90,10.0,878.0,8780.0,2024-10-09
2024100904008880,NGPL,58,74,10.0,429.9,4299.0,2024-10-09
2024100904008879,NLG,55,26,500.0,1305.0,652500.0,2024-10-09
2024100903008416,NMBMF,38,39,20.0,701.9,14038.0,2024-10-09
2024100901012919,MHL,58,17,10.0,742.0,7420.0,2024-10-09
2024100903008415,SLBBL,62,13,480.0,986.0,473280.0,2024-10-09
2024100903008414,SLBBL,35,13,10.0,998.0,9980.0,2024-10-09
2024100903008413,SLBBL,35,13,10.0,998.9,9989.0,2024-10-09
2024100904008878,NLG,55,44,600.0,1305.0,783000.0,2024-10-09
2024100901012918,TPC,44,56,220.0,468.0,102960.0,2024-10-09
2024100901012917,TPC,44,84,100.0,468.0,46800.0,2024-10-09
2024100901012916,TPC,44,14,500.0,468.0,234000.0,2024-10-09
2024100901012915,TPC,44,58,10.0,468.0,4680.0,2024-10-09
2024100901012914,TPC,44,58,200.0,468.0,93600.0,2024-10-09
2024100901012913,TPC,44,4,10.0,467.1,4671.0,2024-10-09
2024100901012912,TPC,44,44,300.0,467.0,140100.0,2024-10-09
2024100901012911,TPC,44,38,10.0,467.0,4670.0,2024-10-09
2024100901012910,TPC,44,42,100.0,466.0,46600.0,2024-10-09
2024100901012909,TPC,44,19,20.0,465.5,9310.0,2024-10-09
2024100903008412,VLBS,44,16,10.0,850.0,8500.0,2024-10-09
2024100904008877,HURJA,29,58,30.0,220.0,6600.0,2024-10-09
2024100904008876,AHPC,45,16,458.0,275.0,125950.0,2024-10-09
2024100904008875,AHPC,45,38,1000.0,275.0,275000.0,2024-10-09
2024100904008874,AHPC,45,57,80.0,275.0,22000.0,2024-10-09
2024100904008873,AHPC,45,52,100.0,274.8,27480.0,2024-10-09
2024100904008872,AHPC,45,22,88.0,274.5,24156.0,2024-10-09
2024100904008871,GHL,1,43,3615.0,220.0,795300.0,2024-10-09
2024100904008870,GHL,1,42,900.0,220.0,198000.0,2024-10-09
2024100904008869,GHL,1,3,200.0,219.9,43980.0,2024-10-09
2024100904008868,GHL,1,59,20.0,219.0,4380.0,2024-10-09
2024100904008867,GHL,1,57,100.0,219.0,21900.0,2024-10-09
2024100904008866,GHL,1,17,155.0,218.8,33914.0,2024-10-09
2024100904008865,GHL,1,58,10.0,218.6,2186.0,2024-10-09
2024100901012908,KBL,43,1,271.0,226.0,61246.0,2024-10-09
2024100901012907,KBL,56,1,500.0,226.0,113000.0,2024-10-09
2024100901012906,KBL,42,1,630.0,226.0,142380.0,2024-10-09
2024100903008411,CORBL,43,91,10.0,855.0,8550.0,2024-10-09
2024100904008864,UPCL,28,3,250.0,269.0,67250.0,2024-10-09
2024100904008863,UAIL,53,44,10.0,648.0,6480.0,2024-10-09
2024100901012905,MKHC,44,52,200.0,345.0,69000.0,2024-10-09
2024100903008410,PROFL,50,49,100.0,622.0,62200.0,2024-10-09
2024100901012904,BHL,34,16,765.0,448.0,342720.0,2024-10-09
2024100901012903,BHL,34,65,20.0,447.7,8954.0,2024-10-09
2024100901012902,BHL,34,58,215.0,447.6,96234.0,2024-10-09
2024100901012901,KBL,42,81,4220.0,226.0,953720.0,2024-10-09
2024100901012900,KBL,43,81,340.0,226.1,76874.0,2024-10-09
2024100901012899,KBL,58,81,50.0,226.4,11320.0,2024-10-09
2024100901012898,KBL,54,81,390.0,226.4,88296.0,2024-10-09
2024100903008409,JSLBB,62,58,13.0,1578.0,20514.0,2024-10-09
2024100903008408,JSLBB,62,45,200.0,1576.0,315200.0,2024-10-09
2024100903008407,JSLBB,62,14,50.0,1576.0,78800.0,2024-10-09
2024100903008406,JSLBB,62,50,100.0,1576.0,157600.0,2024-10-09
2024100903008405,JSLBB,62,14,30.0,1575.0,47250.0,2024-10-09
2024100903008404,JSLBB,62,34,10.0,1570.0,15700.0,2024-10-09
2024100903008403,JSLBB,62,50,100.0,1569.0,156900.0,2024-10-09
2024100903008402,JSLBB,62,57,37.0,1567.0,57979.0,2024-10-09
2024100903008401,JSLBB,62,55,130.0,1567.0,203710.0,2024-10-09
2024100904008862,UMHL,62,29,10.0,317.9,3179.0,2024-10-09
2024100905009551,HIDCL,4,58,100.0,274.0,27400.0,2024-10-09
2024100903008400,SMB,55,5,10.0,1820.0,18200.0,2024-10-09
2024100903008399,SMB,55,16,70.0,1800.0,126000.0,2024-10-09
2024100901012897,HBL,16,57,510.0,261.0,133110.0,2024-10-09
2024100901012896,HBL,16,18,487.0,261.0,127107.0,2024-10-09
2024100903008398,NFS,50,41,10.0,1372.0,13720.0,2024-10-09
2024100903008397,NFS,41,41,100.0,1379.9,137990.0,2024-10-09
2024100903008396,NFS,7,41,60.0,1379.9,82794.0,2024-10-09
2024100903008395,NFS,32,41,200.0,1379.9,275980.0,2024-10-09
2024100903008394,NFS,75,41,40.0,1379.9,55196.0,2024-10-09
2024100903008393,NFS,62,41,10.0,1379.9,13799.0,2024-10-09
2024100903008392,NFS,1,41,2000.0,1379.9,2759800.0,2024-10-09
2024100903008391,NFS,16,41,100.0,1379.9,137990.0,2024-10-09
2024100903008390,NFS,72,41,150.0,1379.9,206985.0,2024-10-09
2024100903008389,NFS,58,41,170.0,1379.9,234583.0,2024-10-09
2024100903008388,NFS,45,41,20.0,1380.0,27600.0,2024-10-09
2024100903008387,NFS,22,41,25.0,1380.0,34500.0,2024-10-09
2024100903008386,NFS,22,41,40.0,1380.1,55204.0,2024-10-09
2024100903008385,NFS,38,41,390.0,1380.8,538512.0,2024-10-09
2024100903008384,NFS,57,41,10.0,1380.9,13809.0,2024-10-09
2024100903008383,NFS,29,41,10.0,1381.8,13818.0,2024-10-09
2024100903008382,NFS,58,41,50.0,1381.8,69090.0,2024-10-09
2024100903008381,NFS,21,41,50.0,1381.8,69090.0,2024-10-09
2024100903008380,NFS,38,41,20.0,1381.8,27636.0,2024-10-09
2024100903008379,NFS,14,41,10.0,1381.8,13818.0,2024-10-09
2024100903008378,NFS,21,41,30.0,1381.8,41454.0,2024-10-09
2024100903008377,NFS,49,41,20.0,1382.0,27640.0,2024-10-09
2024100903008376,NFS,6,41,100.0,1382.0,138200.0,2024-10-09
2024100903008375,NFS,38,41,36.0,1382.0,49752.0,2024-10-09
2024100903008374,NFS,55,41,50.0,1382.0,69100.0,2024-10-09
2024100903008373,NFS,33,41,12.0,1382.0,16584.0,2024-10-09
2024100903008372,NFS,17,41,50.0,1382.0,69100.0,2024-10-09
2024100903008371,NFS,7,41,100.0,1382.1,138210.0,2024-10-09
2024100903008370,NFS,14,41,100.0,1382.2,138220.0,2024-10-09
2024100903008369,NFS,45,41,20.0,1383.3,27666.0,2024-10-09
2024100903008368,NFS,58,41,50.0,1385.0,69250.0,2024-10-09
2024100901012895,BHDC,5,44,10.0,587.0,5870.0,2024-10-09
2024100904008861,UPCL,28,54,90.0,269.0,24210.0,2024-10-09
2024100904008860,CHL,29,21,10.0,345.0,3450.0,2024-10-09
2024100901012894,MMKJL,61,57,120.0,485.0,58200.0,2024-10-09
2024100904008859,BPCL,14,42,50.0,475.3,23765.0,2024-10-09
2024100901012893,TPC,26,45,500.0,465.0,232500.0,2024-10-09
2024100901012892,CZBIL,44,17,13.0,252.6,3283.8,2024-10-09
2024100904008858,NLG,55,45,310.0,1305.0,404550.0,2024-10-09
2024100904008857,AKPL,7,45,500.0,250.5,125250.0,2024-10-09
2024100901012891,GBIME,43,35,200.0,253.5,50700.0,2024-10-09
2024100901012890,MBL,35,41,346.0,256.0,88576.0,2024-10-09
2024100901012889,MBL,35,38,200.0,256.0,51200.0,2024-10-09
2024100901012888,MBL,35,58,220.0,256.0,56320.0,2024-10-09
2024100901012887,MBL,35,28,130.0,256.0,33280.0,2024-10-09
2024100901012886,MBL,35,19,84.0,255.9,21495.6,2024-10-09
2024100901012885,MBL,35,6,20.0,255.0,5100.0,2024-10-09
2024100904008856,JOSHI,17,52,200.0,318.0,63600.0,2024-10-09
2024100901012884,EBL,33,33,10.0,613.7,6137.0,2024-10-09
2024100901012883,HHL,34,48,10.0,428.0,4280.0,2024-10-09
2024100904008855,API,34,42,90.0,296.0,26640.0,2024-10-09
2024100903008367,ACLBSL,42,34,10.0,1040.1,10401.0,2024-10-09
2024100903008366,ACLBSL,29,34,10.0,1041.0,10410.0,2024-10-09
2024100901012882,NWCL,1,32,85.0,1014.9,86266.5,2024-10-09
2024100901012881,NWCL,34,32,15.0,1015.0,15225.0,2024-10-09
2024100903008365,JSLBB,62,55,370.0,1567.0,579790.0,2024-10-09
2024100903008364,JSLBB,62,53,100.0,1565.9,156590.0,2024-10-09
2024100903008363,JSLBB,62,41,50.0,1560.0,78000.0,2024-10-09
2024100903008362,JSLBB,62,11,20.0,1554.9,31098.0,2024-10-09
2024100903008361,JSLBB,62,36,100.0,1550.0,155000.0,2024-10-09
2024100903008360,JSLBB,62,5,10.0,1549.0,15490.0,2024-10-09
2024100903008359,JSLBB,62,34,50.0,1545.0,77250.0,2024-10-09
2024100901012880,HHL,70,48,250.0,428.0,107000.0,2024-10-09
2024100904008854,NLG,41,56,25.0,1307.9,32697.5,2024-10-09
2024100901012879,SRLI,42,94,10.0,450.0,4500.0,2024-10-09
2024100903008358,NFS,45,21,20.0,1383.3,27666.0,2024-10-09
2024100903008357,NFS,6,21,20.0,1385.0,27700.0,2024-10-09
2024100903008356,NFS,1,21,10.0,1390.0,13900.0,2024-10-09
2024100903008355,RSDC,57,38,50.0,705.5,35275.0,2024-10-09
2024100904008853,NLG,55,58,120.0,1305.0,156600.0,2024-10-09
2024100901012878,USHL,58,13,100.0,831.3,83130.0,2024-10-09
2024100901012877,USHL,58,52,90.0,831.1,74799.0,2024-10-09
2024100901012876,USHL,58,59,49.0,831.0,40719.0,2024-10-09
2024100901012875,USHL,58,44,500.0,831.0,415500.0,2024-10-09
2024100901012874,USHL,58,35,200.0,831.0,166200.0,2024-10-09
2024100901012873,USHL,58,33,300.0,831.0,249300.0,2024-10-09
2024100901012872,USHL,58,34,160.0,830.2,132832.0,2024-10-09
2024100901012871,USHL,58,48,250.0,830.0,207500.0,2024-10-09
2024100901012870,USHL,58,11,50.0,829.4,41470.0,2024-10-09
2024100901012869,USHL,58,49,100.0,829.2,82920.0,2024-10-09
2024100901012868,USHL,58,54,80.0,828.2,66256.0,2024-10-09
2024100901012867,USHL,58,42,15.0,827.0,12405.0,2024-10-09
2024100901012866,USHL,58,42,400.0,826.5,330600.0,2024-10-09
2024100901012865,USHL,58,6,100.0,825.0,82500.0,2024-10-09
2024100901012864,USHL,58,33,10.0,825.0,8250.0,2024-10-09
2024100901012863,USHL,58,38,70.0,819.6,57372.0,2024-10-09
2024100901012862,USHL,58,38,408.0,819.5,334356.0,2024-10-09
2024100901012861,USHL,58,38,112.0,814.0,91168.0,2024-10-09
2024100903008354,FMDBL,58,34,10.0,785.0,7850.0,2024-10-09
2024100901012860,HIDCLP,6,45,500.0,174.0,87000.0,2024-10-09
2024100903008353,SIFC,6,88,200.0,610.0,122000.0,2024-10-09
2024100903008352,SKBBL,77,57,20.0,953.0,19060.0,2024-10-09
2024100903008351,SKBBL,77,16,10.0,953.0,9530.0,2024-10-09
2024100905009550,HATHY,64,47,100.0,1420.0,142000.0,2024-10-09
2024100904008852,AHPC,61,22,99.0,274.5,27175.5,2024-10-09
2024100904008851,AHPC,61,72,901.0,274.5,247324.5,2024-10-09
2024100904008850,SHPC,48,44,100.0,545.0,54500.0,2024-10-09
2024100901012859,NIMB,29,32,93.0,241.0,22413.0,2024-10-09
2024100901012858,NIMB,29,58,25.0,241.0,6025.0,2024-10-09
2024100901012857,NIMB,29,14,124.0,240.0,29760.0,2024-10-09
2024100901012856,NIMB,29,13,500.0,240.0,120000.0,2024-10-09
2024100901012855,NIMB,29,46,46.0,240.0,11040.0,2024-10-09
2024100901012854,NIMB,29,37,50.0,240.0,12000.0,2024-10-09
2024100901012853,NIMB,29,1,1597.0,240.0,383280.0,2024-10-09
2024100901012852,NIMB,29,72,565.0,239.9,135543.5,2024-10-09
2024100905009549,SAHAS,58,29,793.0,462.0,366366.0,2024-10-09
2024100901012851,SRLI,29,94,200.0,450.0,90000.0,2024-10-09
2024100905009548,ILI,29,59,377.0,502.0,189254.0,2024-10-09
2024100905009547,ILI,29,42,12.0,502.0,6024.0,2024-10-09
2024100905009546,ILI,29,52,12.0,502.0,6024.0,2024-10-09
2024100905009545,ILI,29,58,10.0,502.0,5020.0,2024-10-09
2024100905009544,ILI,29,42,245.0,502.0,122990.0,2024-10-09
2024100905009543,ILI,29,51,12.0,502.0,6024.0,2024-10-09
2024100905009542,ILI,29,1,12.0,501.9,6022.8,2024-10-09
2024100905009541,ILI,29,49,100.0,501.0,50100.0,2024-10-09
2024100905009540,ILI,29,41,100.0,501.0,50100.0,2024-10-09
2024100905009539,ILI,29,41,100.0,501.0,50100.0,2024-10-09
2024100905009538,ILI,29,58,12.0,501.0,6012.0,2024-10-09
2024100905009537,ILI,29,14,20.0,500.1,10002.0,2024-10-09
2024100905009536,ILI,29,37,188.0,500.0,94000.0,2024-10-09
2024100901012850,AHL,36,60,10.0,675.0,6750.0,2024-10-09
2024100904008849,KKHC,50,34,423.0,264.0,111672.0,2024-10-09
2024100904008848,KKHC,50,34,290.0,263.9,76531.0,2024-10-09
2024100904008847,KKHC,50,14,230.0,263.0,60490.0,2024-10-09
2024100901012849,BGWT,34,32,10.0,960.0,9600.0,2024-10-09
2024100905009535,SAHAS,58,32,200.0,462.0,92400.0,2024-10-09
2024100903008350,JBBL,14,55,800.0,355.0,284000.0,2024-10-09
2024100904008846,GLH,16,85,40.0,249.7,9988.0,2024-10-09
2024100904008845,GLH,50,85,160.0,250.0,40000.0,2024-10-09
2024100901012848,NICA,44,20,10.0,478.0,4780.0,2024-10-09
2024100901012847,NICA,58,20,170.0,478.0,81260.0,2024-10-09
2024100905009534,CIT,41,57,32.0,2226.7,71254.4,2024-10-09
2024100905009533,SONA,49,54,985.0,474.1,466988.5,2024-10-09
2024100905009532,SONA,57,54,15.0,475.0,7125.0,2024-10-09
2024100903008349,RLFL,46,43,200.0,616.0,123200.0,2024-10-09
2024100901012846,SRLI,42,94,50.0,450.0,22500.0,2024-10-09
2024100904008844,RURU,34,58,100.0,859.9,85990.0,2024-10-09
2024100904008843,HEI,38,34,10.0,659.5,6595.0,2024-10-09
2024100901012845,SMH,44,29,20.0,1071.0,21420.0,2024-10-09
2024100901012844,SMH,44,34,50.0,1070.9,53545.0,2024-10-09
2024100901012843,SMH,44,34,10.0,1070.8,10708.0,2024-10-09
2024100901012842,SMH,44,14,20.0,1060.5,21210.0,2024-10-09
2024100903008348,PROFL,3,49,10.0,622.0,6220.0,2024-10-09
2024100901012841,NABIL,66,36,168.0,593.0,99624.0,2024-10-09
2024100901012840,NABIL,42,36,362.0,593.0,214666.0,2024-10-09
2024100903008347,SFCL,32,16,20.0,629.0,12580.0,2024-10-09
2024100903008346,SFCL,32,57,10.0,627.5,6275.0,2024-10-09
2024100904008842,AKPL,7,48,200.0,250.3,50060.0,2024-10-09
2024100901012839,SCB,48,28,543.0,700.0,380100.0,2024-10-09
2024100901012838,SCB,39,28,500.0,700.0,350000.0,2024-10-09
2024100901012837,SCB,34,28,1757.0,700.0,1229900.0,2024-10-09
2024100901012836,SCB,57,28,200.0,702.0,140400.0,2024-10-09
2024100903008345,MDB,66,45,10.0,636.9,6369.0,2024-10-09
2024100904008841,SPDL,17,40,10.0,305.0,3050.0,2024-10-09
2024100901012835,KDL,83,55,20.0,1080.0,21600.0,2024-10-09
2024100901012834,KDL,83,64,50.0,1079.9,53995.0,2024-10-09
2024100901012833,KDL,83,56,10.0,1078.0,10780.0,2024-10-09
2024100901012832,KDL,83,49,10.0,1070.0,10700.0,2024-10-09
2024100901012831,KDL,83,43,10.0,1055.0,10550.0,2024-10-09
2024100901012830,CZBIL,44,13,50.0,252.6,12630.0,2024-10-09
2024100901012829,MKCL,45,64,40.0,1470.0,58800.0,2024-10-09
2024100901012828,MKCL,56,64,10.0,1471.8,14718.0,2024-10-09
2024100903008344,SJLIC,56,82,200.0,485.2,97040.0,2024-10-09
2024100903008343,SHINE,34,44,550.0,488.0,268400.0,2024-10-09
2024100903008342,HLBSL,6,22,12.0,892.0,10704.0,2024-10-09
2024100905009531,CHDC,58,35,50.0,1741.0,87050.0,2024-10-09
2024100905009530,CHDC,35,35,50.0,1741.1,87055.0,2024-10-09
2024100904008840,API,45,42,50.0,296.0,14800.0,2024-10-09
2024100904008839,UMHL,62,29,10.0,317.9,3179.0,2024-10-09
2024100904008838,UMHL,62,26,90.0,317.0,28530.0,2024-10-09
2024100903008341,SLBSL,62,46,10.0,1463.0,14630.0,2024-10-09
2024100903008340,SLBSL,62,52,50.0,1463.0,73150.0,2024-10-09
2024100903008339,SLBSL,62,67,153.0,1428.0,218484.0,2024-10-09
2024100903008338,SLBSL,62,5,10.0,1419.8,14198.0,2024-10-09
2024100903008337,SLBSL,62,67,100.0,1402.0,140200.0,2024-10-09
2024100903008336,SLBSL,62,7,10.0,1401.0,14010.0,2024-10-09
2024100903008335,SLBSL,62,67,10.0,1401.0,14010.0,2024-10-09
2024100901012827,ADBL,41,55,100.0,383.5,38350.0,2024-10-09
2024100904008837,IGI,92,64,333.0,609.0,202797.0,2024-10-09
2024100904008836,NHPC,57,68,50.0,221.6,11080.0,2024-10-09
2024100901012826,ANLB,39,38,10.0,4328.0,43280.0,2024-10-09
2024100903008334,NFS,77,4,20.0,1410.0,28200.0,2024-10-09
2024100901012825,NABIL,42,40,438.0,593.0,259734.0,2024-10-09
2024100901012824,NABIL,52,40,50.0,593.0,29650.0,2024-10-09
2024100901012823,NABIL,28,40,12.0,593.0,7116.0,2024-10-09
2024100903008333,CORBL,60,91,10.0,855.0,8550.0,2024-10-09
2024100903008332,CORBL,60,56,10.0,854.7,8547.0,2024-10-09
2024100903008331,HLI,59,49,34.0,476.7,16207.8,2024-10-09
2024100905009529,SAHAS,58,50,1030.0,462.0,475860.0,2024-10-09
2024100903008330,KSBBL,33,57,52.0,462.0,24024.0,2024-10-09
2024100903008329,KSBBL,33,22,50.0,460.0,23000.0,2024-10-09
2024100903008328,KSBBL,33,49,100.0,460.0,46000.0,2024-10-09
2024100903008327,KSBBL,33,32,298.0,459.0,136782.0,2024-10-09
2024100901012822,SRLI,34,45,65.0,449.3,29204.5,2024-10-09
2024100901012821,SRLI,59,45,35.0,449.3,15725.5,2024-10-09
2024100905009528,NRIC,58,45,38.0,813.0,30894.0,2024-10-09
2024100903008326,SINDU,32,62,250.0,650.0,162500.0,2024-10-09
2024100903008325,SINDU,32,54,35.0,650.0,22750.0,2024-10-09
2024100903008324,SINDU,32,66,100.0,650.0,65000.0,2024-10-09
2024100903008323,SINDU,32,1,90.0,650.0,58500.0,2024-10-09
2024100903008322,SINDU,32,42,90.0,647.0,58230.0,2024-10-09
2024100903008321,SINDU,32,32,500.0,646.0,323000.0,2024-10-09
2024100903008320,SINDU,32,39,31.0,646.0,20026.0,2024-10-09
2024100903008319,SINDU,32,44,165.0,641.9,105913.5,2024-10-09
2024100903008318,SINDU,32,21,480.0,641.0,307680.0,2024-10-09
2024100903008317,SWBBL,34,44,10.0,1034.0,10340.0,2024-10-09
2024100904008835,NIL,18,55,1871.0,915.0,1711965.0,2024-10-09
2024100901012820,LSL,8,50,100.0,253.0,25300.0,2024-10-09
2024100904008834,CHL,57,34,10.0,348.9,3489.0,2024-10-09
2024100905009527,SHIVM,17,49,100.0,599.0,59900.0,2024-10-09
2024100904008833,API,38,42,424.0,296.0,125504.0,2024-10-09
2024100904008832,API,38,94,276.0,296.0,81696.0,2024-10-09
2024100904008831,API,48,94,1000.0,296.0,296000.0,2024-10-09
2024100905009526,NRN,88,58,833.0,920.0,766360.0,2024-10-09
2024100905009525,NRN,49,58,500.0,920.0,460000.0,2024-10-09
2024100905009524,NRN,1,58,50.0,920.0,46000.0,2024-10-09
2024100905009523,NRN,58,58,50.0,920.0,46000.0,2024-10-09
2024100905009522,NRN,77,58,20.0,920.0,18400.0,2024-10-09
2024100905009521,NRN,13,58,147.0,920.0,135240.0,2024-10-09
2024100905009520,NTC,19,58,25.0,988.0,24700.0,2024-10-09
2024100904008830,UPCL,22,54,10.0,269.0,2690.0,2024-10-09
2024100903008316,LICN,22,94,90.0,2099.0,188910.0,2024-10-09
2024100903008315,GRDBL,33,43,87.0,718.0,62466.0,2024-10-09
2024100903008314,GRDBL,33,21,53.0,717.5,38027.5,2024-10-09
2024100904008829,KPCL,45,77,10.0,493.0,4930.0,2024-10-09
2024100901012819,NABIL,49,17,14.0,593.3,8306.2,2024-10-09
2024100901012818,SNLI,34,57,10.0,605.5,6055.0,2024-10-09
2024100903008313,SHINE,34,58,1151.0,485.0,558235.0,2024-10-09
2024100903008312,SHINE,34,34,170.0,484.0,82280.0,2024-10-09
2024100903008311,NMLBBL,7,10,10.0,793.9,7939.0,2024-10-09
2024100904008828,PRIN,86,33,20.0,989.0,19780.0,2024-10-09
2024100904008827,PRIN,86,21,50.0,989.0,49450.0,2024-10-09
2024100905009519,NRN,65,56,200.0,922.0,184400.0,2024-10-09
2024100904008826,API,8,94,606.0,296.0,179376.0,2024-10-09
2024100904008825,API,8,5,394.0,295.9,116584.6,2024-10-09
2024100905009518,HIDCL,8,57,140.0,273.9,38346.0,2024-10-09
2024100904008824,KKHC,42,14,150.0,263.0,39450.0,2024-10-09
2024100901012817,HIDCLP,42,45,10.0,174.0,1740.0,2024-10-09
2024100904008823,RURU,34,26,50.0,859.9,42995.0,2024-10-09
2024100904008822,SSHL,26,28,10.0,216.9,2169.0,2024-10-09
2024100901012816,NABIL,11,17,20.0,593.4,11868.0,2024-10-09
2024100905009517,GCIL,70,17,128.0,501.1,64140.8,2024-10-09
2024100905009516,GCIL,35,17,72.0,502.0,36144.0,2024-10-09
2024100904008821,NICL,58,7,20.0,1009.0,20180.0,2024-10-09
2024100905009515,NRM,47,58,10.0,437.0,4370.0,2024-10-09
2024100904008820,SJCL,59,58,20.0,329.0,6580.0,2024-10-09
2024100901012815,BHL,64,58,75.0,447.6,33570.0,2024-10-09
2024100901012814,BHL,64,43,120.0,447.1,53652.0,2024-10-09
2024100901012813,BHL,64,42,10.0,447.0,4470.0,2024-10-09
2024100901012812,BHL,64,22,10.0,445.6,4456.0,2024-10-09
2024100901012811,BHL,64,54,355.0,445.0,157975.0,2024-10-09
2024100901012810,BHL,64,45,10.0,444.7,4447.0,2024-10-09
2024100901012809,BHL,64,38,420.0,444.7,186774.0,2024-10-09
2024100905009514,STC,39,94,80.0,5770.0,461600.0,2024-10-09
2024100904008819,UMHL,18,39,15.0,313.2,4698.0,2024-10-09
2024100905009513,HRL,39,39,72.0,880.0,63360.0,2024-10-09
2024100905009512,HRL,39,58,20.0,880.0,17600.0,2024-10-09
2024100905009511,HRL,39,43,98.0,880.0,86240.0,2024-10-09
2024100905009510,HRL,39,19,500.0,879.0,439500.0,2024-10-09
2024100905009509,HRL,39,51,10.0,878.0,8780.0,2024-10-09
2024100903008310,NLIC,35,48,25.0,840.0,21000.0,2024-10-09
2024100901012808,SHLB,50,45,10.0,1837.1,18371.0,2024-10-09
2024100904008818,MEN,81,60,97.0,650.0,63050.0,2024-10-09
2024100901012807,KBL,54,14,100.0,226.4,22640.0,2024-10-09
2024100901012806,BNHC,34,57,10.0,463.9,4639.0,2024-10-09
2024100904008817,RURU,34,40,100.0,859.9,85990.0,2024-10-09
2024100904008816,RURU,34,38,616.0,859.9,529698.4,2024-10-09
2024100904008815,RURU,34,43,10.0,859.7,8597.0,2024-10-09
2024100904008814,RURU,34,58,200.0,859.0,171800.0,2024-10-09
2024100904008813,RURU,34,57,250.0,858.9,214725.0,2024-10-09
2024100904008812,RURU,34,57,250.0,858.8,214700.0,2024-10-09
2024100904008811,RURU,34,40,100.0,858.0,85800.0,2024-10-09
2024100903008309,SHINE,49,34,180.0,484.0,87120.0,2024-10-09
2024100905009508,SEF,7,33,1000.0,9.41,9410.0,2024-10-09
2024100903008308,SHINE,49,55,10.0,484.0,4840.0,2024-10-09
2024100904008810,RADHI,32,55,290.0,394.1,114289.0,2024-10-09
2024100901012805,MSHL,46,58,10.0,975.0,9750.0,2024-10-09
2024100903008307,GFCL,6,57,20.0,1063.0,21260.0,2024-10-09
2024100904008809,RURU,39,42,15.0,857.0,12855.0,2024-10-09
2024100904008808,RURU,29,42,110.0,857.0,94270.0,2024-10-09
2024100905009507,SAHAS,6,74,50.0,463.0,23150.0,2024-10-09
2024100903008306,GFCL,38,22,100.0,1064.0,106400.0,2024-10-09
2024100904008807,API,56,5,15.0,295.9,4438.5,2024-10-09
2024100904008806,HDHPC,49,56,50.0,213.0,10650.0,2024-10-09
2024100901012804,SANIMA,64,32,30.0,342.3,10269.0,2024-10-09
2024100903008305,CBBL,18,21,69.0,1000.0,69000.0,2024-10-09
2024100903008304,CBBL,18,43,15.0,1000.0,15000.0,2024-10-09
2024100903008303,CBBL,18,45,93.0,1000.0,93000.0,2024-10-09
2024100903008302,CBBL,18,51,20.0,1000.0,20000.0,2024-10-09
2024100903008301,CBBL,18,57,13.0,1000.0,13000.0,2024-10-09
2024100903008300,CBBL,18,35,90.0,999.9,89991.0,2024-10-09
2024100903008299,NFS,7,41,15.0,1410.0,21150.0,2024-10-09
2024100901012803,HIDCLP,7,45,10.0,174.0,1740.0,2024-10-09
2024100904008805,KPCL,10,77,10.0,493.0,4930.0,2024-10-09
2024100901012802,TVCL,70,57,50.0,460.0,23000.0,2024-10-09
2024100901012801,TVCL,58,57,100.0,460.1,46010.0,2024-10-09
2024100903008298,GFCL,74,69,943.0,1062.0,1001466.0,2024-10-09
2024100905009506,SMJC,83,38,10.0,538.0,5380.0,2024-10-09
2024100905009505,SMJC,6,38,10.0,538.0,5380.0,2024-10-09
2024100905009504,SMJC,6,41,200.0,538.0,107600.0,2024-10-09
2024100904008804,SPDL,49,48,42.0,304.0,12768.0,2024-10-09
2024100904008803,SPDL,50,48,50.0,304.0,15200.0,2024-10-09
2024100904008802,SPDL,42,48,50.0,304.0,15200.0,2024-10-09
2024100904008801,SPDL,44,48,50.0,304.0,15200.0,2024-10-09
2024100904008800,SPDL,49,48,230.0,305.0,70150.0,2024-10-09
2024100904008799,SPDL,48,48,50.0,305.0,15250.0,2024-10-09
2024100904008798,SPDL,13,48,10.0,305.0,3050.0,2024-10-09
2024100904008797,SPDL,25,48,200.0,305.0,61000.0,2024-10-09
2024100904008796,SPDL,58,48,50.0,306.1,15305.0,2024-10-09
2024100904008795,SPDL,49,48,123.0,306.1,37650.3,2024-10-09
2024100904008794,SPDL,43,48,30.0,306.2,9186.0,2024-10-09
2024100904008793,SPDL,26,48,15.0,306.2,4593.0,2024-10-09
2024100904008792,SPDL,39,48,100.0,306.3,30630.0,2024-10-09
2024100904008791,NLG,55,77,50.0,1305.0,65250.0,2024-10-09
2024100904008790,RURU,29,38,134.0,857.0,114838.0,2024-10-09
2024100904008789,RURU,38,38,576.0,857.0,493632.0,2024-10-09
2024100903008297,NFS,77,34,15.0,1405.0,21075.0,2024-10-09
2024100905009503,CIT,41,58,10.0,2226.7,22267.0,2024-10-09
2024100904008788,RHPL,32,72,660.0,385.0,254100.0,2024-10-09
2024100904008787,IGI,22,64,30.0,609.0,18270.0,2024-10-09
2024100903008296,MNBBL,42,52,26.0,395.1,10272.6,2024-10-09
2024100903008295,MNBBL,57,52,20.0,395.2,7904.0,2024-10-09
2024100901012800,NABIL,11,45,80.0,593.4,47472.0,2024-10-09
2024100904008786,NLG,55,45,100.0,1305.0,130500.0,2024-10-09
2024100903008294,SADBL,88,45,108.0,424.1,45802.8,2024-10-09
2024100903008293,MFIL,37,49,44.0,730.0,32120.0,2024-10-09
2024100901012799,UHEWA,32,25,92.0,506.9,46634.8,2024-10-09
2024100901012798,UHEWA,32,28,238.0,506.9,120642.2,2024-10-09
2024100901012797,UHEWA,32,38,90.0,506.0,45540.0,2024-10-09
2024100901012796,UHEWA,32,58,50.0,506.0,25300.0,2024-10-09
2024100901012795,UHEWA,32,29,200.0,505.9,101180.0,2024-10-09
2024100901012794,UHEWA,32,38,200.0,505.8,101160.0,2024-10-09
2024100901012793,UHEWA,32,48,10.0,502.9,5029.0,2024-10-09
2024100901012792,UHEWA,32,66,10.0,502.5,5025.0,2024-10-09
2024100901012791,UHEWA,32,25,110.0,502.0,55220.0,2024-10-09
2024100904008785,KKHC,34,14,10.0,263.0,2630.0,2024-10-09
2024100901012790,KBL,34,58,900.0,226.5,203850.0,2024-10-09
2024100903008292,SWBBL,34,44,760.0,1034.0,785840.0,2024-10-09
2024100903008291,GUFL,41,29,20.0,750.0,15000.0,2024-10-09
2024100904008784,SHL,47,25,100.0,528.0,52800.0,2024-10-09
2024100905009502,SONA,49,57,1000.0,474.1,474100.0,2024-10-09
2024100901012789,USHEC,42,38,10.0,504.0,5040.0,2024-10-09
2024100904008783,API,37,5,10.0,295.9,2959.0,2024-10-09
2024100905009501,SHIVM,42,49,10.0,599.0,5990.0,2024-10-09
2024100903008290,GFCL,48,63,100.0,1062.1,106210.0,2024-10-09
2024100904008782,JOSHI,17,49,36.0,316.0,11376.0,2024-10-09
2024100904008781,JOSHI,17,81,80.0,315.7,25256.0,2024-10-09
2024100904008780,JOSHI,17,34,100.0,315.6,31560.0,2024-10-09
2024100904008779,JOSHI,17,1,100.0,315.0,31500.0,2024-10-09
2024100904008778,JOSHI,17,1,243.0,314.9,76520.7,2024-10-09
2024100904008777,JOSHI,17,47,10.0,314.8,3148.0,2024-10-09
2024100904008776,JOSHI,17,58,300.0,313.0,93900.0,2024-10-09
2024100904008775,AKPL,25,68,425.0,250.1,106292.5,2024-10-09
2024100904008774,AKJCL,58,45,35.0,213.0,7455.0,2024-10-09
2024100905009500,NTC,51,22,30.0,987.9,29637.0,2024-10-09
2024100904008773,AKJCL,58,11,100.0,212.0,21200.0,2024-10-09
2024100903008289,NLIC,62,48,30.0,840.0,25200.0,2024-10-09
2024100903008288,PROFL,49,49,374.0,622.0,232628.0,2024-10-09
2024100901012788,GBIME,14,41,500.0,253.5,126750.0,2024-10-09
2024100901012787,RHGCL,32,55,50.0,423.7,21185.0,2024-10-09
2024100901012786,RHGCL,32,34,50.0,423.0,21150.0,2024-10-09
2024100904008772,API,13,5,100.0,295.9,29590.0,2024-10-09
2024100903008287,FMDBL,41,34,10.0,785.0,7850.0,2024-10-09
2024100905009499,NMB50,47,47,235.0,10.06,2364.1,2024-10-09
2024100903008286,NFS,79,33,10.0,1400.0,14000.0,2024-10-09
2024100904008771,API,57,94,1000.0,296.0,296000.0,2024-10-09
2024100901012785,SIKLES,45,38,100.0,683.0,68300.0,2024-10-09
2024100901012784,USHEC,65,29,30.0,468.0,14040.0,2024-10-09
2024100901012783,CITY,95,34,350.0,857.0,299950.0,2024-10-09
2024100901012782,CITY,95,45,50.0,857.0,42850.0,2024-10-09
2024100901012781,CITY,95,19,100.0,853.0,85300.0,2024-10-09
2024100901012780,SBI,35,52,1650.0,456.5,753225.0,2024-10-09
2024100901012779,NIMB,32,72,300.0,239.9,71970.0,2024-10-09
2024100901012778,NBL,8,19,300.0,288.0,86400.0,2024-10-09
2024100905009498,NRM,21,21,70.0,438.0,30660.0,2024-10-09
2024100903008285,RLFL,21,42,109.0,615.9,67133.1,2024-10-09
2024100903008284,GFCL,57,57,50.0,1062.1,53105.0,2024-10-09
2024100903008283,GFCL,22,57,10.0,1062.1,10621.0,2024-10-09
2024100903008282,GFCL,33,57,934.0,1062.1,992001.4,2024-10-09
2024100904008770,NHPC,29,57,500.0,221.0,110500.0,2024-10-09
2024100904008769,LEC,57,71,10.0,278.0,2780.0,2024-10-09
2024100903008281,SMPDA,48,42,300.0,923.0,276900.0,2024-10-09
2024100903008280,SMPDA,48,19,36.0,922.5,33210.0,2024-10-09
2024100904008768,NGPL,52,77,300.0,429.2,128760.0,2024-10-09
2024100905009497,ILI,17,37,50.0,500.0,25000.0,2024-10-09
2024100903008279,PFL,6,19,70.0,620.0,43400.0,2024-10-09
2024100903008278,PFL,13,19,150.0,620.0,93000.0,2024-10-09
2024100903008277,PFL,49,19,50.0,620.0,31000.0,2024-10-09
2024100903008276,PFL,1,19,30.0,625.0,18750.0,2024-10-09
2024100901012777,HBL,43,18,500.0,261.0,130500.0,2024-10-09
2024100901012776,MANDU,21,22,50.0,953.0,47650.0,2024-10-09
2024100901012775,MANDU,11,22,50.0,953.2,47660.0,2024-10-09
2024100904008767,LEC,57,71,300.0,278.0,83400.0,2024-10-09
2024100901012774,MCHL,52,37,10.0,490.0,4900.0,2024-10-09
2024100904008766,PPCL,45,44,2000.0,260.0,520000.0,2024-10-09
2024100903008275,LBBL,14,55,11.0,479.0,5269.0,2024-10-09
2024100905009496,HDL,34,35,20.0,1338.0,26760.0,2024-10-09
2024100905009495,NRN,13,65,10.0,920.0,9200.0,2024-10-09
2024100903008274,GMFIL,57,17,250.0,605.0,151250.0,2024-10-09
2024100903008273,GMFIL,57,94,500.0,605.0,302500.0,2024-10-09
2024100903008272,GMFIL,57,28,250.0,605.0,151250.0,2024-10-09
2024100903008271,GMFIL,57,57,104.0,605.0,62920.0,2024-10-09
2024100903008270,GMFIL,57,33,100.0,603.8,60380.0,2024-10-09
2024100903008269,GMFIL,57,59,20.0,603.0,12060.0,2024-10-09
2024100903008268,GMFIL,57,45,200.0,603.0,120600.0,2024-10-09
2024100904008765,API,26,94,1000.0,296.0,296000.0,2024-10-09
2024100903008267,SLBSL,72,83,60.0,1379.0,82740.0,2024-10-09
2024100904008764,SPIL,42,55,10.0,860.0,8600.0,2024-10-09
2024100903008266,NFS,42,33,60.0,1400.0,84000.0,2024-10-09
2024100903008265,RSDC,42,38,25.0,705.5,17637.5,2024-10-09
2024100901012773,SANIMA,58,45,459.0,342.5,157207.5,2024-10-09
2024100901012772,SANIMA,58,11,54.0,342.5,18495.0,2024-10-09
2024100901012771,SANIMA,58,34,22.0,342.5,7535.0,2024-10-09
2024100903008264,MPFL,58,17,10.0,695.0,6950.0,2024-10-09
2024100903008263,JFL,53,42,50.0,616.0,30800.0,2024-10-09
2024100903008262,JFL,53,38,250.0,615.0,153750.0,2024-10-09
2024100901012770,TAMOR,81,81,375.0,471.8,176925.0,2024-10-09
2024100901012769,TAMOR,67,81,90.0,472.0,42480.0,2024-10-09
2024100901012768,TAMOR,41,81,100.0,475.0,47500.0,2024-10-09
2024100905009494,SONA,45,45,700.0,475.0,332500.0,2024-10-09
2024100905009493,SONA,41,45,100.0,476.0,47600.0,2024-10-09
2024100901012767,JBLB,49,4,10.0,1570.0,15700.0,2024-10-09
2024100904008763,SHL,63,49,400.0,522.6,209040.0,2024-10-09
2024100904008762,SHL,34,49,100.0,523.0,52300.0,2024-10-09
2024100904008761,SHL,34,25,100.0,528.0,52800.0,2024-10-09
2024100903008261,JFL,7,38,100.0,615.0,61500.0,2024-10-09
2024100901012766,NICA,58,55,50.0,478.0,23900.0,2024-10-09
2024100904008760,AKPL,52,85,52.0,250.3,13015.6,2024-10-09
2024100904008759,AKPL,38,85,100.0,250.4,25040.0,2024-10-09
2024100904008758,GHL,28,17,36.0,218.8,7876.8,2024-10-09
2024100903008260,NFS,54,33,15.0,1400.0,21000.0,2024-10-09
2024100901012765,SIKLES,57,6,10.0,692.0,6920.0,2024-10-09
2024100904008757,KPCL,42,77,10.0,493.0,4930.0,2024-10-09
2024100903008259,NLIC,42,48,100.0,840.0,84000.0,2024-10-09
2024100903008258,GFCL,33,1,66.0,1062.1,70098.6,2024-10-09
2024100903008257,GFCL,21,1,34.0,1062.1,36111.4,2024-10-09
2024100901012764,UNLB,22,34,28.0,2450.0,68600.0,2024-10-09
2024100904008756,RIDI,58,57,145.0,237.9,34495.5,2024-10-09
2024100904008755,RIDI,58,57,150.0,237.8,35670.0,2024-10-09
2024100904008754,GHL,6,50,500.0,218.1,109050.0,2024-10-09
2024100903008256,PFL,58,48,10.0,627.9,6279.0,2024-10-09
2024100901012763,HIDCLP,32,45,100.0,174.0,17400.0,2024-10-09
2024100903008255,GLBSL,45,32,40.0,1651.0,66040.0,2024-10-09
2024100901012762,RHGCL,16,34,10.0,386.5,3865.0,2024-10-09
2024100903008254,NLIC,48,16,20.0,835.0,16700.0,2024-10-09
2024100903008253,NLIC,44,16,50.0,835.0,41750.0,2024-10-09
2024100903008252,NLIC,44,16,10.0,835.0,8350.0,2024-10-09
2024100903008251,NLIC,39,16,250.0,835.0,208750.0,2024-10-09
2024100903008250,NLIC,36,16,500.0,835.0,417500.0,2024-10-09
2024100903008249,NLIC,45,16,10.0,836.0,8360.0,2024-10-09
2024100903008248,NLIC,19,16,100.0,836.0,83600.0,2024-10-09
2024100903008247,NLIC,41,16,500.0,836.2,418100.0,2024-10-09
2024100903008246,NLIC,45,16,10.0,836.3,8363.0,2024-10-09
2024100903008245,NLIC,45,16,1000.0,836.5,836500.0,2024-10-09
2024100903008244,NLIC,59,16,100.0,836.6,83660.0,2024-10-09
2024100903008243,NLIC,61,16,350.0,836.7,292845.0,2024-10-09
2024100903008242,NLIC,54,16,50.0,838.0,41900.0,2024-10-09
2024100903008241,NLIC,57,16,140.0,839.0,117460.0,2024-10-09
2024100903008240,NLIC,29,16,10.0,839.1,8391.0,2024-10-09
2024100905009492,SAHAS,41,74,350.0,463.0,162050.0,2024-10-09
2024100903008239,JFL,74,38,170.0,615.0,104550.0,2024-10-09
2024100903008238,JFL,74,49,30.0,615.0,18450.0,2024-10-09
2024100905009491,HIDCL,8,6,40.0,273.9,10956.0,2024-10-09
2024100905009490,HIDCL,8,8,100.0,273.8,27380.0,2024-10-09
2024100903008237,GFCL,13,22,60.0,1064.0,63840.0,2024-10-09
2024100903008236,GFCL,13,26,40.0,1064.0,42560.0,2024-10-09
2024100903008235,SFCL,42,54,99.0,626.0,61974.0,2024-10-09
2024100901012761,SANIMA,64,42,285.0,342.2,97527.0,2024-10-09
2024100904008753,HDHPC,40,56,500.0,213.0,106500.0,2024-10-09
2024100901012760,KBL,43,1,160.0,226.1,36176.0,2024-10-09
2024100901012759,KBL,8,1,160.0,226.2,36192.0,2024-10-09
2024100901012758,KBL,38,1,50.0,226.4,11320.0,2024-10-09
2024100901012757,KBL,38,1,1630.0,226.4,369032.0,2024-10-09
2024100904008752,GLH,50,8,140.0,250.0,35000.0,2024-10-09
2024100901012756,LSL,58,7,100.0,252.0,25200.0,2024-10-09
2024100901012755,LSL,58,42,73.0,252.0,18396.0,2024-10-09
2024100901012754,LSL,58,25,15.0,252.0,3780.0,2024-10-09
2024100901012753,LSL,58,58,290.0,252.0,73080.0,2024-10-09
2024100903008234,SLBBL,14,26,50.0,1000.0,50000.0,2024-10-09
2024100904008751,SHL,49,45,500.0,526.0,263000.0,2024-10-09
2024100904008750,SHL,49,77,500.0,526.0,263000.0,2024-10-09
2024100903008233,HLBSL,6,70,230.0,892.0,205160.0,2024-10-09
2024100903008232,HLBSL,49,6,46.0,893.0,41078.0,2024-10-09
2024100905009489,SAHAS,45,74,82.0,463.0,37966.0,2024-10-09
2024100904008749,UMHL,91,26,10.0,317.0,3170.0,2024-10-09
2024100903008231,JFL,58,74,135.0,612.0,82620.0,2024-10-09
2024100903008230,JFL,55,74,10.0,612.0,6120.0,2024-10-09
2024100903008229,JFL,1,74,200.0,612.0,122400.0,2024-10-09
2024100903008228,JFL,55,74,90.0,612.5,55125.0,2024-10-09
2024100903008227,JFL,34,74,660.0,613.0,404580.0,2024-10-09
2024100903008226,JFL,45,74,25.0,613.0,15325.0,2024-10-09
2024100903008225,JFL,57,74,300.0,613.0,183900.0,2024-10-09
2024100903008224,JFL,44,74,100.0,613.0,61300.0,2024-10-09
2024100903008223,JFL,42,74,100.0,613.0,61300.0,2024-10-09
2024100903008222,JFL,44,74,100.0,613.0,61300.0,2024-10-09
2024100903008221,JFL,5,74,100.0,613.1,61310.0,2024-10-09
2024100903008220,JFL,6,74,10.0,613.1,6131.0,2024-10-09
2024100903008219,JFL,14,74,20.0,613.3,12266.0,2024-10-09
2024100903008218,JFL,7,74,100.0,613.3,61330.0,2024-10-09
2024100903008217,JFL,34,74,50.0,614.0,30700.0,2024-10-09
2024100904008748,IGI,65,64,100.0,609.0,60900.0,2024-10-09
2024100904008747,SHEL,63,21,300.0,239.5,71850.0,2024-10-09
2024100901012752,SANIMA,16,21,50.0,342.1,17105.0,2024-10-09
2024100904008746,UPCL,26,13,263.0,268.3,70562.9,2024-10-09
2024100904008745,UPCL,26,4,139.0,268.2,37279.8,2024-10-09
2024100904008744,HEI,57,16,285.0,659.1,187843.5,2024-10-09
2024100903008216,CFCL,59,37,50.0,613.0,30650.0,2024-10-09
2024100903008215,CFCL,58,37,100.0,613.0,61300.0,2024-10-09
2024100904008743,RURU,17,38,90.0,858.0,77220.0,2024-10-09
2024100904008742,RURU,17,42,10.0,858.0,8580.0,2024-10-09
2024100903008214,NFS,40,33,10.0,1400.0,14000.0,2024-10-09
2024100903008213,NFS,17,33,10.0,1400.0,14000.0,2024-10-09
2024100903008212,NFS,33,33,20.0,1400.0,28000.0,2024-10-09
2024100903008211,NFS,57,33,50.0,1405.0,70250.0,2024-10-09
2024100903008210,NFS,58,33,20.0,1405.0,28100.0,2024-10-09
2024100904008741,HURJA,34,7,100.0,219.5,21950.0,2024-10-09
2024100903008209,SHINE,49,42,100.0,484.0,48400.0,2024-10-09
2024100903008208,SHINE,49,49,10.0,484.0,4840.0,2024-10-09
2024100901012751,HIDCLP,5,45,1000.0,174.0,174000.0,2024-10-09
2024100904008740,KKHC,50,34,10.0,262.0,2620.0,2024-10-09
2024100901012750,IHL,34,45,10.0,492.5,4925.0,2024-10-09
2024100904008739,AKPL,52,55,358.0,250.3,89607.4,2024-10-09
2024100904008738,IGI,86,64,55.0,609.0,33495.0,2024-10-09
2024100904008737,IGI,86,26,348.0,609.0,211932.0,2024-10-09
2024100904008736,UPCL,41,4,30.0,268.2,8046.0,2024-10-09
2024100903008207,GUFL,28,29,10.0,750.0,7500.0,2024-10-09
2024100901012749,MKJC,69,3,42.0,469.0,19698.0,2024-10-09
2024100904008735,RURU,38,42,10.0,857.0,8570.0,2024-10-09
2024100904008734,HDHPC,45,42,121.0,212.9,25760.9,2024-10-09
2024100903008206,MATRI,60,58,10.0,1440.0,14400.0,2024-10-09
2024100903008205,MATRI,60,58,11.0,1435.0,15785.0,2024-10-09
2024100903008204,MATRI,60,75,229.0,1428.0,327012.0,2024-10-09
2024100903008203,MATRI,60,51,100.0,1427.9,142790.0,2024-10-09
2024100904008733,AKPL,62,7,20.0,250.9,5018.0,2024-10-09
2024100904008732,HDHPC,45,42,79.0,212.5,16787.5,2024-10-09
2024100901012748,BHDC,57,58,10.0,585.0,5850.0,2024-10-09
2024100904008731,API,58,94,200.0,296.0,59200.0,2024-10-09
2024100901012747,BGWT,49,32,120.0,960.0,115200.0,2024-10-09
2024100903008202,SKBBL,34,16,10.0,953.0,9530.0,2024-10-09
2024100903008201,SKBBL,34,50,20.0,940.0,18800.0,2024-10-09
2024100901012746,ULHC,51,19,10.0,389.0,3890.0,2024-10-09
2024100905009488,SAHAS,58,87,2223.0,462.0,1027026.0,2024-10-09
2024100905009487,SAHAS,1,87,224.0,462.0,103488.0,2024-10-09
2024100905009486,SAHAS,16,87,470.0,462.0,217140.0,2024-10-09
2024100905009485,SAHAS,34,87,1000.0,462.1,462100.0,2024-10-09
2024100905009484,SAHAS,34,87,200.0,462.1,92420.0,2024-10-09
2024100905009483,SAHAS,16,87,500.0,462.1,231050.0,2024-10-09
2024100905009482,SAHAS,51,87,95.0,463.0,43985.0,2024-10-09
2024100905009481,SAHAS,6,87,100.0,463.0,46300.0,2024-10-09
2024100905009480,SAHAS,6,87,18.0,463.0,8334.0,2024-10-09
2024100905009479,SAHAS,40,87,170.0,463.0,78710.0,2024-10-09
2024100905009478,NTC,41,58,10.0,988.0,9880.0,2024-10-09
2024100903008200,GRDBL,20,43,10.0,718.0,7180.0,2024-10-09
2024100903008199,JBBL,46,55,40.0,355.0,14200.0,2024-10-09
2024100901012745,NIMB,51,57,55.0,238.9,13139.5,2024-10-09
2024100901012744,NIMB,57,57,775.0,239.0,185225.0,2024-10-09
2024100901012743,NIMB,21,57,1000.0,239.0,239000.0,2024-10-09
2024100901012742,NIMB,44,57,500.0,239.0,119500.0,2024-10-09
2024100901012741,NIMB,36,57,20.0,239.0,4780.0,2024-10-09
2024100901012740,NIMB,57,57,500.0,239.0,119500.0,2024-10-09
2024100901012739,NIMB,41,57,200.0,239.0,47800.0,2024-10-09
2024100901012738,NIMB,76,57,300.0,239.2,71760.0,2024-10-09
2024100901012737,NIMB,47,57,650.0,239.5,155675.0,2024-10-09
2024100901012736,MMKJL,3,57,770.0,483.1,371987.0,2024-10-09
2024100901012735,MMKJL,47,57,50.0,483.1,24155.0,2024-10-09
2024100901012734,MMKJL,22,57,50.0,483.6,24180.0,2024-10-09
2024100901012733,MMKJL,50,57,30.0,483.8,14514.0,2024-10-09
2024100901012732,MMKJL,22,57,50.0,484.0,24200.0,2024-10-09
2024100901012731,MMKJL,56,57,100.0,484.0,48400.0,2024-10-09
2024100901012730,MMKJL,42,57,40.0,484.1,19364.0,2024-10-09
2024100901012729,MMKJL,50,57,30.0,485.0,14550.0,2024-10-09
2024100901012728,MMKJL,42,57,40.0,485.0,19400.0,2024-10-09
2024100901012727,MMKJL,32,57,30.0,485.0,14550.0,2024-10-09
2024100901012726,MMKJL,58,57,10.0,485.1,4851.0,2024-10-09
2024100903008198,MSLB,21,63,20.0,1526.0,30520.0,2024-10-09
2024100904008730,UPPER,14,38,117.0,216.0,25272.0,2024-10-09
2024100904008729,UPPER,19,38,73.0,216.1,15775.3,2024-10-09
2024100901012725,HIDCLP,44,45,460.0,174.0,80040.0,2024-10-09
2024100901012724,HIDCLP,44,43,540.0,173.7,93798.0,2024-10-09
2024100901012723,SPL,5,29,100.0,838.4,83840.0,2024-10-09
2024100903008197,SFCL,17,54,20.0,626.0,12520.0,2024-10-09
2024100903008196,BFC,19,57,60.0,609.9,36594.0,2024-10-09
2024100904008728,UPPER,19,22,127.0,216.1,27444.7,2024-10-09
2024100904008727,UPPER,48,22,73.0,216.1,15775.3,2024-10-09
2024100901012722,EBL,8,22,100.0,613.0,61300.0,2024-10-09
2024100901012721,NBL,39,19,100.0,288.0,28800.0,2024-10-09
2024100905009477,HRL,95,43,152.0,880.0,133760.0,2024-10-09
2024100905009476,HRL,95,58,10.0,880.0,8800.0,2024-10-09
2024100905009475,HRL,95,39,260.0,880.0,228800.0,2024-10-09
2024100905009474,HRL,95,43,1445.0,880.0,1271600.0,2024-10-09
2024100905009473,HRL,95,7,232.0,878.0,203696.0,2024-10-09
2024100903008195,JFL,34,81,50.0,614.0,30700.0,2024-10-09
2024100903008194,JFL,41,81,100.0,614.0,61400.0,2024-10-09
2024100903008193,JFL,57,81,100.0,614.0,61400.0,2024-10-09
2024100901012720,PPL,50,13,10.0,475.9,4759.0,2024-10-09
2024100901012719,PPL,50,42,10.0,475.0,4750.0,2024-10-09
2024100901012718,PPL,50,17,20.0,475.0,9500.0,2024-10-09
2024100901012717,PPL,50,17,50.0,473.0,23650.0,2024-10-09
2024100901012716,PPL,50,58,10.0,472.0,4720.0,2024-10-09
2024100901012715,PPL,50,42,100.0,472.0,47200.0,2024-10-09
2024100901012714,PPL,50,39,100.0,472.0,47200.0,2024-10-09
2024100901012713,PPL,50,42,100.0,471.0,47100.0,2024-10-09
2024100903008192,RSDC,14,38,50.0,705.5,35275.0,2024-10-09
2024100905009472,HRL,46,7,18.0,878.0,15804.0,2024-10-09
2024100903008191,ICFC,40,41,100.0,728.7,72870.0,2024-10-09
2024100904008726,GLH,16,85,80.0,249.7,19976.0,2024-10-09
2024100904008725,GLH,34,85,25.0,249.8,6245.0,2024-10-09
2024100904008724,GLH,69,85,400.0,249.8,99920.0,2024-10-09
2024100904008723,GLH,16,85,90.0,249.9,22491.0,2024-10-09
2024100905009471,ILI,42,37,262.0,500.0,131000.0,2024-10-09
2024100903008190,GUFL,57,57,20.0,745.0,14900.0,2024-10-09
2024100904008722,CHCL,57,13,25.0,586.7,14667.5,2024-10-09
2024100904008721,CHCL,57,58,15.0,586.0,8790.0,2024-10-09
2024100904008720,CHCL,57,19,50.0,585.0,29250.0,2024-10-09
2024100901012712,EHPL,6,6,40.0,852.2,34088.0,2024-10-09
2024100901012711,EHPL,32,6,10.0,852.3,8523.0,2024-10-09
2024100904008719,API,38,94,100.0,296.0,29600.0,2024-10-09
2024100901012710,NABIL,28,42,20.0,593.0,11860.0,2024-10-09
2024100905009470,CLI,6,42,10.0,642.4,6424.0,2024-10-09
2024100904008718,HDHPC,53,42,100.0,212.5,21250.0,2024-10-09
2024100904008717,HDHPC,45,42,25.0,212.6,5315.0,2024-10-09
2024100901012709,MEHL,42,55,10.0,379.0,3790.0,2024-10-09
2024100904008716,SHPC,48,17,80.0,545.0,43600.0,2024-10-09
2024100904008715,SHPC,55,17,50.0,545.1,27255.0,2024-10-09
2024100904008714,SHPC,42,17,40.0,545.2,21808.0,2024-10-09
2024100904008713,SPDL,17,61,15.0,307.8,4617.0,2024-10-09
2024100904008712,AHPC,22,72,150.0,274.5,41175.0,2024-10-09
2024100901012708,HIDCLP,28,52,1300.0,173.6,225680.0,2024-10-09
2024100901012707,HIDCLP,69,52,1000.0,173.6,173600.0,2024-10-09
2024100901012706,HIDCLP,11,52,500.0,173.6,86800.0,2024-10-09
2024100903008189,EDBL,17,62,55.0,648.0,35640.0,2024-10-09
2024100903008188,EDBL,56,62,25.0,648.1,16202.5,2024-10-09
2024100905009469,PHCL,65,45,100.0,415.1,41510.0,2024-10-09
2024100901012705,USHL,20,58,100.0,793.8,79380.0,2024-10-09
2024100901012704,USHL,36,58,10.0,794.0,7940.0,2024-10-09
2024100901012703,USHL,8,58,530.0,794.9,421297.0,2024-10-09
2024100901012702,USHL,8,58,500.0,794.9,397450.0,2024-10-09
2024100901012701,USHL,34,58,20.0,795.0,15900.0,2024-10-09
2024100901012700,USHL,11,58,100.0,800.3,80030.0,2024-10-09
2024100901012699,USHL,55,58,200.0,801.1,160220.0,2024-10-09
2024100901012698,USHL,11,58,500.0,801.2,400600.0,2024-10-09
2024100901012697,USHL,42,58,50.0,801.4,40070.0,2024-10-09
2024100901012696,USHL,1,58,100.0,801.7,80170.0,2024-10-09
2024100901012695,USHL,11,58,50.0,802.0,40100.0,2024-10-09
2024100901012694,USHL,49,58,500.0,807.0,403500.0,2024-10-09
2024100901012693,USHL,58,58,10.0,810.0,8100.0,2024-10-09
2024100901012692,USHL,69,58,10.0,810.0,8100.0,2024-10-09
2024100901012691,USHL,43,58,625.0,810.1,506312.5,2024-10-09
2024100901012690,USHL,43,58,625.0,810.1,506312.5,2024-10-09
2024100901012689,USHL,43,58,600.0,810.1,486060.0,2024-10-09
2024100901012688,USHL,55,58,60.0,810.1,48606.0,2024-10-09
2024100901012687,USHL,42,58,300.0,810.1,243030.0,2024-10-09
2024100901012686,USHL,6,58,200.0,810.2,162040.0,2024-10-09
2024100901012685,USHL,55,58,100.0,810.2,81020.0,2024-10-09
2024100901012684,USHL,42,58,380.0,811.0,308180.0,2024-10-09
2024100901012683,USHL,42,58,500.0,813.0,406500.0,2024-10-09
2024100905009468,RNLI,58,42,12.0,502.0,6024.0,2024-10-09
2024100901012682,HIDCLP,49,43,100.0,173.7,17370.0,2024-10-09
2024100905009467,RNLI,16,42,48.0,502.0,24096.0,2024-10-09
2024100905009466,RNLI,16,45,11.0,502.0,5522.0,2024-10-09
2024100905009465,RNLI,16,20,41.0,502.0,20582.0,2024-10-09
2024100905009464,HRL,46,90,100.0,878.0,87800.0,2024-10-09
2024100905009463,HRL,8,43,100.0,880.0,88000.0,2024-10-09
2024100901012681,CZBIL,54,96,10.0,253.0,2530.0,2024-10-09
2024100905009462,MEL,28,54,100.0,293.0,29300.0,2024-10-09
2024100901012680,MHCL,57,62,30.0,404.3,12129.0,2024-10-09
2024100901012679,MHCL,57,57,300.0,404.0,121200.0,2024-10-09
2024100901012678,MHCL,57,63,100.0,403.9,40390.0,2024-10-09
2024100901012677,MHCL,57,58,70.0,403.8,28266.0,2024-10-09
2024100905009461,SAHAS,40,57,130.0,463.0,60190.0,2024-10-09
2024100905009460,SAHAS,44,57,70.0,463.0,32410.0,2024-10-09
2024100901012676,SNLI,45,57,10.0,605.5,6055.0,2024-10-09
2024100905009459,PHCL,65,29,415.0,415.1,172266.5,2024-10-09
2024100903008187,NFS,60,33,10.0,1408.0,14080.0,2024-10-09
2024100904008711,JOSHI,16,17,100.0,312.1,31210.0,2024-10-09
2024100901012675,NIMB,39,72,117.0,239.9,28068.3,2024-10-09
2024100901012674,TSHL,45,28,20.0,924.3,18486.0,2024-10-09
2024100901012673,NIMB,58,72,18.0,239.9,4318.2,2024-10-09
2024100905009458,HIDCL,41,49,100.0,273.0,27300.0,2024-10-09
2024100904008710,UPCL,49,4,711.0,268.2,190690.2,2024-10-09
2024100904008709,UPCL,49,99,789.0,268.2,211609.8,2024-10-09
2024100903008186,SHINE,82,63,82.0,483.0,39606.0,2024-10-09
2024100903008185,SHINE,14,63,89.0,483.0,42987.0,2024-10-09
2024100903008184,SHINE,49,63,100.0,483.1,48310.0,2024-10-09
2024100903008183,SHINE,94,63,650.0,483.1,314015.0,2024-10-09
2024100903008182,SHINE,57,63,40.0,483.2,19328.0,2024-10-09
2024100903008181,SHINE,42,63,500.0,483.6,241800.0,2024-10-09
2024100904008708,GHL,39,38,500.0,218.0,109000.0,2024-10-09
2024100903008180,RSDC,19,38,25.0,705.5,17637.5,2024-10-09
2024100904008707,AKJCL,58,44,666.0,212.0,141192.0,2024-10-09
2024100904008706,API,44,94,1000.0,296.0,296000.0,2024-10-09
2024100904008705,BPCL,42,58,10.0,482.0,4820.0,2024-10-09
2024100901012672,HIDCLP,59,43,10.0,173.7,1737.0,2024-10-09
2024100904008704,SJCL,59,37,50.0,329.0,16450.0,2024-10-09
2024100901012671,GBIME,33,11,50.0,253.4,12670.0,2024-10-09
2024100901012670,GBIME,33,42,693.0,253.4,175606.2,2024-10-09
2024100905009457,HIDCL,41,52,40.0,273.0,10920.0,2024-10-09
2024100905009456,SAHAS,44,45,30.0,463.0,13890.0,2024-10-09
2024100905009455,SAHAS,58,45,100.0,463.0,46300.0,2024-10-09
2024100905009454,SAHAS,58,45,370.0,463.0,171310.0,2024-10-09
2024100904008703,NHPC,29,14,100.0,221.0,22100.0,2024-10-09
2024100901012669,SANIMA,16,58,150.0,342.1,51315.0,2024-10-09
2024100903008179,SINDU,88,21,10.0,641.0,6410.0,2024-10-09
2024100905009453,ILI,42,49,12.0,500.0,6000.0,2024-10-09
2024100901012668,CZBIL,47,96,1000.0,253.0,253000.0,2024-10-09
2024100905009452,SONA,41,60,400.0,476.0,190400.0,2024-10-09
2024100903008178,BFC,42,34,10.0,610.0,6100.0,2024-10-09
2024100904008702,NHPC,42,68,200.0,221.6,44320.0,2024-10-09
2024100904008701,RBCL,59,77,10.0,17495.0,174950.0,2024-10-09
2024100905009451,HATHY,59,47,50.0,1420.0,71000.0,2024-10-09
2024100905009450,NTC,17,58,23.0,988.0,22724.0,2024-10-09
2024100905009449,CIT,39,39,130.0,2227.0,289510.0,2024-10-09
2024100904008700,API,50,94,62.0,296.0,18352.0,2024-10-09
2024100903008177,NFS,44,33,40.0,1408.0,56320.0,2024-10-09
2024100901012667,UHEWA,19,33,39.0,497.0,19383.0,2024-10-09
2024100901012666,UHEWA,32,33,61.0,498.0,30378.0,2024-10-09
2024100905009448,NRM,47,32,65.0,437.0,28405.0,2024-10-09
2024100905009447,PHCL,65,55,490.0,415.1,203399.0,2024-10-09
2024100905009446,PHCL,43,55,190.0,415.2,78888.0,2024-10-09
2024100904008699,SICL,34,34,52.0,846.0,43992.0,2024-10-09
2024100904008698,SICL,53,34,49.0,846.0,41454.0,2024-10-09
2024100904008697,SICL,38,34,15.0,846.0,12690.0,2024-10-09
2024100904008696,SICL,57,34,75.0,846.1,63457.5,2024-10-09
2024100905009445,BBC,34,34,10.0,4305.0,43050.0,2024-10-09
2024100901012665,GBIME,34,58,28.0,253.0,7084.0,2024-10-09
2024100901012664,GBIME,42,58,47.0,253.0,11891.0,2024-10-09
2024100901012663,GBIME,14,58,10.0,253.0,2530.0,2024-10-09
2024100901012662,GBIME,14,58,10.0,253.0,2530.0,2024-10-09
2024100901012661,GBIME,7,58,400.0,253.0,101200.0,2024-10-09
2024100901012660,GBIME,45,58,226.0,253.0,57178.0,2024-10-09
2024100901012659,GBIME,22,58,229.0,253.1,57959.9,2024-10-09
2024100901012658,GBIME,22,58,50.0,253.3,12665.0,2024-10-09
2024100904008695,AHPC,45,58,40.0,274.0,10960.0,2024-10-09
2024100901012657,CZBIL,44,58,72.0,252.6,18187.2,2024-10-09
2024100904008694,GHL,26,17,310.0,218.8,67828.0,2024-10-09
2024100904008693,GHL,26,21,190.0,218.7,41553.0,2024-10-09
2024100903008176,MFIL,37,42,56.0,730.0,40880.0,2024-10-09
2024100904008692,JOSHI,1,58,200.0,313.0,62600.0,2024-10-09
2024100903008175,GBLBS,40,42,37.0,751.1,27790.7,2024-10-09
2024100905009444,GCIL,35,39,28.0,502.0,14056.0,2024-10-09
2024100905009443,GCIL,94,39,17.0,502.0,8534.0,2024-10-09
2024100901012656,MKCL,50,64,10.0,1471.9,14719.0,2024-10-09
2024100901012655,MKCL,50,34,20.0,1471.0,29420.0,2024-10-09
2024100905009442,CIT,50,39,80.0,2227.0,178160.0,2024-10-09
2024100903008174,MPFL,32,81,320.0,698.0,223360.0,2024-10-09
2024100903008173,MPFL,32,50,80.0,698.0,55840.0,2024-10-09
2024100903008172,MPFL,32,55,100.0,697.9,69790.0,2024-10-09
2024100905009441,SHIVM,42,7,40.0,598.0,23920.0,2024-10-09
2024100905009440,SHIVM,81,7,460.0,598.0,275080.0,2024-10-09
2024100905009439,NIFRA,45,32,54.0,286.1,15449.4,2024-10-09
2024100904008691,UPPER,5,45,480.0,217.9,104592.0,2024-10-09
2024100904008690,UPPER,5,32,20.0,217.4,4348.0,2024-10-09
2024100903008171,SINDU,14,21,10.0,641.0,6410.0,2024-10-09
2024100904008689,MEN,16,60,10.0,650.0,6500.0,2024-10-09
2024100904008688,API,7,49,109.0,295.5,32209.5,2024-10-09
2024100904008687,API,41,49,20.0,295.5,5910.0,2024-10-09
2024100904008686,API,68,49,100.0,295.5,29550.0,2024-10-09
2024100904008685,API,34,49,50.0,295.5,14775.0,2024-10-09
2024100904008684,API,47,49,175.0,295.5,51712.5,2024-10-09
2024100904008683,API,26,49,250.0,295.5,73875.0,2024-10-09
2024100904008682,API,38,49,654.0,295.5,193257.0,2024-10-09
2024100904008681,API,22,49,20.0,295.6,5912.0,2024-10-09
2024100904008680,API,32,49,50.0,295.6,14780.0,2024-10-09
2024100904008679,API,34,49,500.0,295.7,147850.0,2024-10-09
2024100904008678,API,45,49,12.0,295.8,3549.6,2024-10-09
2024100904008677,API,48,49,60.0,295.9,17754.0,2024-10-09
2024100901012654,JBLB,41,34,10.0,1570.0,15700.0,2024-10-09
2024100903008170,FMDBL,6,26,100.0,781.0,78100.0,2024-10-09
2024100901012653,MKJC,29,3,100.0,469.0,46900.0,2024-10-09
2024100904008676,LEC,64,44,122.0,277.2,33818.4,2024-10-09
2024100904008675,LEC,14,44,50.0,277.2,13860.0,2024-10-09
2024100904008674,LEC,42,44,828.0,277.4,229687.2,2024-10-09
2024100903008169,JSLBB,33,57,37.0,1544.0,57128.0,2024-10-09
2024100903008168,KSBBL,34,57,375.0,458.0,171750.0,2024-10-09
2024100903008167,KSBBL,67,57,246.0,458.1,112692.6,2024-10-09
2024100901012652,HIDCLP,7,43,300.0,173.7,52110.0,2024-10-09
2024100901012651,HIDCLP,86,43,50.0,173.8,8690.0,2024-10-09
2024100901012650,MKJC,29,1,20.0,468.9,9378.0,2024-10-09
2024100903008166,JBBL,11,55,50.0,355.0,17750.0,2024-10-09
2024100903008165,GFCL,32,26,50.0,1064.0,53200.0,2024-10-09
2024100904008673,NHPC,45,68,150.0,221.6,33240.0,2024-10-09
2024100901012649,USHL,34,38,140.0,814.0,113960.0,2024-10-09
2024100903008164,SLBSL,82,34,50.0,1377.0,68850.0,2024-10-09
2024100903008163,SLBSL,72,34,50.0,1377.0,68850.0,2024-10-09
2024100905009438,NRN,34,45,999.0,923.0,922077.0,2024-10-09
2024100901012648,GBIME,49,42,307.0,253.4,77793.8,2024-10-09
2024100901012647,GBIME,49,42,1000.0,253.4,253400.0,2024-10-09
2024100901012646,GBIME,49,4,193.0,253.4,48906.2,2024-10-09
2024100901012645,MHL,58,44,10.0,742.0,7420.0,2024-10-09
2024100903008162,SFCL,54,54,95.0,626.0,59470.0,2024-10-09
2024100903008161,SFCL,41,54,86.0,626.0,53836.0,2024-10-09
2024100903008160,SFCL,35,54,100.0,626.2,62620.0,2024-10-09
2024100905009437,HIDCL,54,6,10.0,273.9,2739.0,2024-10-09
2024100905009436,RNLI,26,20,75.0,502.0,37650.0,2024-10-09
2024100905009435,RNLI,26,3,14.0,502.0,7028.0,2024-10-09
2024100904008672,GLH,6,8,200.0,250.0,50000.0,2024-10-09
2024100905009434,SHIVM,81,50,12.0,598.0,7176.0,2024-10-09
2024100903008159,CFCL,62,26,137.0,613.9,84104.3,2024-10-09
2024100903008158,CFCL,62,18,363.0,613.8,222809.4,2024-10-09
2024100904008671,TRH,21,18,100.0,1136.0,113600.0,2024-10-09
2024100901012644,NICA,39,7,42.0,478.1,20080.2,2024-10-09
2024100901012643,KBSH,4,55,30.0,2056.2,61686.0,2024-10-09
2024100905009433,HDL,6,16,10.0,1336.6,13366.0,2024-10-09
2024100905009432,HDL,26,16,10.0,1337.0,13370.0,2024-10-09
2024100903008157,FOWAD,34,34,10.0,1498.0,14980.0,2024-10-09
2024100903008156,FOWAD,34,42,14.0,1495.0,20930.0,2024-10-09
2024100904008670,NLG,55,34,175.0,1305.0,228375.0,2024-10-09
2024100903008155,GFCL,21,49,80.0,1062.1,84968.0,2024-10-09
2024100904008669,HDHPC,10,56,890.0,213.0,189570.0,2024-10-09
2024100904008668,HDHPC,10,35,10.0,212.9,2129.0,2024-10-09
2024100904008667,HDHPC,10,67,500.0,212.9,106450.0,2024-10-09
2024100905009431,NRIC,58,45,100.0,813.0,81300.0,2024-10-09
2024100905009430,NRIC,58,11,10.0,813.0,8130.0,2024-10-09
2024100905009429,ILI,42,58,12.0,500.0,6000.0,2024-10-09
2024100901012642,MAKAR,38,54,10.0,474.3,4743.0,2024-10-09
2024100901012641,SBI,80,17,100.0,458.0,45800.0,2024-10-09
2024100905009428,NRN,57,48,80.0,922.0,73760.0,2024-10-09
2024100904008666,LEC,42,77,1772.0,277.4,491552.8,2024-10-09
2024100904008665,LEC,49,77,50.0,277.5,13875.0,2024-10-09
2024100904008664,LEC,13,77,50.0,278.0,13900.0,2024-10-09
2024100904008663,LEC,45,77,100.0,278.0,27800.0,2024-10-09
2024100904008662,LEC,57,77,28.0,278.0,7784.0,2024-10-09
2024100905009427,NRN,57,13,20.0,922.0,18440.0,2024-10-09
2024100905009426,CIT,26,39,15.0,2227.0,33405.0,2024-10-09
2024100901012640,MANDU,6,26,50.0,954.0,47700.0,2024-10-09
2024100901012639,KBL,38,42,370.0,226.4,83768.0,2024-10-09
2024100905009425,SAHAS,58,44,130.0,463.0,60190.0,2024-10-09
2024100905009424,SAHAS,58,44,50.0,463.0,23150.0,2024-10-09
2024100905009423,SAHAS,52,44,20.0,463.0,9260.0,2024-10-09
2024100905009422,SAHAS,6,44,100.0,463.0,46300.0,2024-10-09
2024100904008661,DHPL,42,26,10.0,252.0,2520.0,2024-10-09
2024100901012638,NMB,42,52,1000.0,269.2,269200.0,2024-10-09
2024100903008154,SLBBL,35,35,10.0,998.9,9989.0,2024-10-09
2024100905009421,SHIVM,81,47,299.0,598.0,178802.0,2024-10-09
2024100905009420,NTC,16,58,40.0,988.0,39520.0,2024-10-09
2024100903008153,SIFC,3,25,200.0,609.0,121800.0,2024-10-09
2024100904008660,KKHC,34,14,10.0,263.0,2630.0,2024-10-09
2024100901012637,DLBS,34,58,10.0,1386.5,13865.0,2024-10-09
2024100903008152,SWBBL,56,58,13.0,1029.5,13383.5,2024-10-09
2024100903008151,WNLB,58,58,10.0,2640.0,26400.0,2024-10-09
2024100903008150,BFC,48,34,250.0,610.0,152500.0,2024-10-09
2024100901012636,SARBTM,18,48,100.0,777.0,77700.0,2024-10-09
2024100903008149,PFL,1,29,100.0,625.0,62500.0,2024-10-09
2024100905009419,SAHAS,38,50,50.0,463.5,23175.0,2024-10-09
2024100905009418,NIFRA,60,32,10.0,286.1,2861.0,2024-10-09
2024100901012635,GBIME,44,4,55.0,253.4,13937.0,2024-10-09
2024100903008148,GFCL,21,57,10.0,1062.1,10621.0,2024-10-09
2024100904008659,NLG,55,57,100.0,1305.0,130500.0,2024-10-09
2024100903008147,GMFIL,51,1,91.0,600.0,54600.0,2024-10-09
2024100903008146,GMFIL,49,1,400.0,600.0,240000.0,2024-10-09
2024100905009417,HDL,50,35,327.0,1338.0,437526.0,2024-10-09
2024100905009416,HDL,50,41,43.0,1337.0,57491.0,2024-10-09
2024100901012634,SANIMA,55,17,54.0,342.2,18478.8,2024-10-09
2024100905009415,SAHAS,45,50,20.0,463.5,9270.0,2024-10-09
2024100901012633,SNLI,45,22,66.0,606.0,39996.0,2024-10-09
2024100901012632,SNLI,45,6,14.0,606.0,8484.0,2024-10-09
2024100903008145,SFCL,51,47,370.0,627.0,231990.0,2024-10-09
2024100901012631,MHCL,34,58,30.0,403.8,12114.0,2024-10-09
2024100901012630,MHCL,34,44,50.0,403.8,20190.0,2024-10-09
2024100901012629,MHCL,34,63,50.0,403.7,20185.0,2024-10-09
2024100901012628,MHCL,34,38,10.0,400.9,4009.0,2024-10-09
2024100901012627,MHCL,34,35,10.0,400.0,4000.0,2024-10-09
2024100901012626,MHCL,34,48,50.0,399.5,19975.0,2024-10-09
2024100903008144,NFS,41,41,20.0,1410.0,28200.0,2024-10-09
2024100901012625,SNLI,44,58,72.0,605.4,43588.8,2024-10-09
2024100901012624,SNLI,54,58,75.0,605.5,45412.5,2024-10-09
2024100901012623,SNLI,58,58,29.0,605.5,17559.5,2024-10-09
2024100903008143,GFCL,21,63,135.0,1062.1,143383.5,2024-10-09
2024100903008142,GFCL,57,63,50.0,1062.1,53105.0,2024-10-09
2024100903008141,GFCL,59,63,15.0,1063.0,15945.0,2024-10-09
2024100903008140,SAPDBL,77,29,353.0,567.9,200468.7,2024-10-09
2024100903008139,SAPDBL,77,34,67.0,565.0,37855.0,2024-10-09
2024100903008138,SAPDBL,77,47,90.0,564.9,50841.0,2024-10-09
2024100903008137,SAPDBL,77,58,90.0,564.0,50760.0,2024-10-09
2024100903008136,SAPDBL,77,47,100.0,563.0,56300.0,2024-10-09
2024100903008135,SAPDBL,77,34,500.0,561.0,280500.0,2024-10-09
2024100903008134,SAPDBL,77,7,100.0,560.0,56000.0,2024-10-09
2024100903008133,SAPDBL,77,49,100.0,560.0,56000.0,2024-10-09
2024100903008132,SAPDBL,77,20,1000.0,560.0,560000.0,2024-10-09
2024100903008131,SAPDBL,77,49,125.0,559.0,69875.0,2024-10-09
2024100903008130,SAPDBL,77,16,475.0,558.9,265477.5,2024-10-09
2024100903008129,SJLIC,26,82,33.0,485.0,16005.0,2024-10-09
2024100903008128,SJLIC,57,82,55.0,485.0,26675.0,2024-10-09
2024100904008658,CGH,40,42,75.0,945.0,70875.0,2024-10-09
2024100904008657,CGH,40,58,25.0,944.0,23600.0,2024-10-09
2024100905009414,NTC,14,58,20.0,988.0,19760.0,2024-10-09
2024100901012622,MSHL,58,25,10.0,960.0,9600.0,2024-10-09
2024100901012621,LSL,25,58,200.0,252.0,50400.0,2024-10-09
2024100903008127,SJLIC,57,41,25.0,485.7,12142.5,2024-10-09
2024100903008126,NFS,44,19,50.0,1408.0,70400.0,2024-10-09
2024100905009413,ILI,42,42,14.0,500.0,7000.0,2024-10-09
2024100903008125,MFIL,42,42,200.0,730.0,146000.0,2024-10-09
2024100901012620,BNHC,32,11,303.0,460.0,139380.0,2024-10-09
2024100901012619,BNHC,35,11,380.0,460.0,174800.0,2024-10-09
2024100901012618,BNHC,57,11,10.0,463.0,4630.0,2024-10-09
2024100901012617,BNHC,51,11,200.0,463.1,92620.0,2024-10-09
2024100901012616,BNHC,58,11,107.0,463.8,49626.6,2024-10-09
2024100903008124,SJLIC,57,33,45.0,485.0,21825.0,2024-10-09
2024100903008123,SJLIC,22,33,15.0,485.0,7275.0,2024-10-09
2024100903008122,SJLIC,32,33,500.0,485.0,242500.0,2024-10-09
2024100903008121,SJLIC,49,33,100.0,485.0,48500.0,2024-10-09
2024100903008120,SJLIC,34,33,522.0,485.0,253170.0,2024-10-09
2024100901012615,GBIME,33,4,1000.0,253.4,253400.0,2024-10-09
2024100903008119,SFCL,32,47,10.0,627.0,6270.0,2024-10-09
2024100903008118,GBLBS,7,45,10.0,760.0,7600.0,2024-10-09
2024100903008117,GBLBS,7,42,10.0,755.0,7550.0,2024-10-09
2024100901012614,SMH,16,14,10.0,1060.5,10605.0,2024-10-09
2024100901012613,ULBSL,14,49,50.0,3080.0,154000.0,2024-10-09
2024100905009412,SAHAS,58,50,50.0,463.5,23175.0,2024-10-09
2024100903008116,NFS,64,41,69.0,1410.0,97290.0,2024-10-09
2024100901012612,NIMB,47,72,877.0,239.9,210392.3,2024-10-09
2024100901012611,NIMB,47,72,123.0,239.9,29507.7,2024-10-09
2024100905009411,HATHY,58,6,75.0,1416.0,106200.0,2024-10-09
2024100905009410,HATHY,26,6,50.0,1416.0,70800.0,2024-10-09
2024100905009409,HDL,29,41,57.0,1337.0,76209.0,2024-10-09
2024100905009408,HDL,29,45,33.0,1337.0,44121.0,2024-10-09
2024100905009407,SAHAS,6,43,100.0,463.0,46300.0,2024-10-09
2024100905009406,SAHAS,47,43,100.0,463.0,46300.0,2024-10-09
2024100905009405,SAHAS,38,43,100.0,463.1,46310.0,2024-10-09
2024100904008656,SICL,57,57,34.0,846.1,28767.4,2024-10-09
2024100905009404,HRL,46,57,10.0,878.0,8780.0,2024-10-09
2024100903008115,PMLI,42,49,10.0,569.0,5690.0,2024-10-09
2024100901012610,MANDU,6,25,90.0,954.0,85860.0,2024-10-09
2024100905009403,NTC,7,58,180.0,988.0,177840.0,2024-10-09
2024100901012609,SANIMA,45,17,46.0,342.2,15741.2,2024-10-09
2024100901012608,SANIMA,45,42,54.0,342.2,18478.8,2024-10-09
2024100905009402,HIDCL,41,34,17.0,273.0,4641.0,2024-10-09
2024100904008655,SHL,34,77,100.0,526.0,52600.0,2024-10-09
2024100901012607,DORDI,56,19,40.0,431.0,17240.0,2024-10-09
2024100901012606,DORDI,45,19,10.0,431.0,4310.0,2024-10-09
2024100904008654,GLH,14,8,160.0,250.0,40000.0,2024-10-09
2024100905009401,VLUCL,58,56,25.0,596.0,14900.0,2024-10-09
2024100905009400,VLUCL,58,49,30.0,595.0,17850.0,2024-10-09
2024100905009399,VLUCL,58,78,10.0,594.6,5946.0,2024-10-09
2024100905009398,VLUCL,58,50,35.0,590.0,20650.0,2024-10-09
2024100905009397,VLUCL,58,78,20.0,589.0,11780.0,2024-10-09
2024100904008653,SHEL,63,56,415.0,239.4,99351.0,2024-10-09
2024100903008114,JFL,13,49,50.0,615.0,30750.0,2024-10-09
2024100901012605,BHL,6,38,500.0,444.7,222350.0,2024-10-09
2024100903008113,GBBL,1,32,170.0,457.0,77690.0,2024-10-09
2024100903008112,GBBL,1,57,430.0,456.0,196080.0,2024-10-09
2024100903008111,MDB,26,34,40.0,635.0,25400.0,2024-10-09
2024100903008110,LLBS,72,26,200.0,1061.3,212260.0,2024-10-09
2024100904008652,PMHPL,33,55,10.0,264.9,2649.0,2024-10-09
2024100904008651,RURU,38,25,414.0,857.0,354798.0,2024-10-09
2024100904008650,RURU,59,25,122.0,857.0,104554.0,2024-10-09
2024100905009396,PHCL,43,33,10.0,415.2,4152.0,2024-10-09
2024100905009395,PHCL,22,33,290.0,415.3,120437.0,2024-10-09
2024100905009394,SAHAS,45,50,200.0,463.5,92700.0,2024-10-09
2024100904008649,NIL,4,45,136.0,909.0,123624.0,2024-10-09
2024100904008648,NIL,18,45,64.0,910.0,58240.0,2024-10-09
2024100904008647,UPPER,48,34,27.0,216.1,5834.7,2024-10-09
2024100904008646,UPPER,34,34,300.0,216.1,64830.0,2024-10-09
2024100904008645,UPPER,26,34,73.0,216.1,15775.3,2024-10-09
2024100904008644,UPPER,45,34,100.0,217.0,21700.0,2024-10-09
2024100904008643,UPPER,34,34,100.0,217.0,21700.0,2024-10-09
2024100903008109,JBBL,34,42,320.0,354.8,113536.0,2024-10-09
2024100904008642,HEI,4,16,15.0,659.1,9886.5,2024-10-09
2024100904008641,CGH,41,58,75.0,944.0,70800.0,2024-10-09
2024100901012604,SPHL,10,58,10.0,660.0,6600.0,2024-10-09
2024100903008108,EDBL,6,61,20.0,651.0,13020.0,2024-10-09
2024100905009393,SHIVM,81,39,100.0,598.0,59800.0,2024-10-09
2024100905009392,SHIVM,81,58,50.0,598.0,29900.0,2024-10-09
2024100901012603,NABIL,28,36,59.0,593.0,34987.0,2024-10-09
2024100901012602,NABIL,38,36,100.0,593.0,59300.0,2024-10-09
2024100901012601,NABIL,42,36,441.0,593.0,261513.0,2024-10-09
2024100904008640,API,14,94,20.0,296.0,5920.0,2024-10-09
2024100905009391,SAHAS,14,50,500.0,463.5,231750.0,2024-10-09
2024100904008639,NLG,55,25,400.0,1305.0,522000.0,2024-10-09
2024100901012600,MAKAR,32,44,10.0,475.0,4750.0,2024-10-09
2024100905009390,HRL,17,43,50.0,880.0,44000.0,2024-10-09
2024100901012599,TVCL,41,21,10.0,463.9,4639.0,2024-10-09
2024100903008107,NLIC,49,48,23.0,840.0,19320.0,2024-10-09
2024100903008106,SADBL,88,49,192.0,424.1,81427.2,2024-10-09
2024100903008105,SADBL,34,49,200.0,424.5,84900.0,2024-10-09
2024100903008104,SADBL,57,49,90.0,424.5,38205.0,2024-10-09
2024100903008103,SADBL,57,49,200.0,424.6,84920.0,2024-10-09
2024100903008102,SADBL,36,49,40.0,424.6,16984.0,2024-10-09
2024100903008101,SADBL,40,49,28.0,424.7,11891.6,2024-10-09
2024100903008100,SADBL,42,49,25.0,424.7,10617.5,2024-10-09
2024100903008099,SADBL,34,49,225.0,425.0,95625.0,2024-10-09
2024100904008638,SGIC,46,77,35.0,655.0,22925.0,2024-10-09
2024100904008637,SGIC,46,48,15.0,655.0,9825.0,2024-10-09
2024100904008636,SGIC,46,17,100.0,654.9,65490.0,2024-10-09
2024100901012598,MSHL,58,42,250.0,960.0,240000.0,2024-10-09
2024100904008635,UAIL,21,56,50.0,645.0,32250.0,2024-10-09
2024100904008634,UAIL,21,34,50.0,644.5,32225.0,2024-10-09
2024100905009389,PHCL,59,42,1000.0,416.0,416000.0,2024-10-09
2024100903008098,GFCL,59,22,100.0,1063.0,106300.0,2024-10-09
2024100904008633,UPCL,1,57,150.0,268.0,40200.0,2024-10-09
2024100905009388,ILI,49,42,100.0,500.0,50000.0,2024-10-09
2024100905009387,ILI,57,42,198.0,500.0,99000.0,2024-10-09
2024100905009386,ILI,38,42,100.0,500.0,50000.0,2024-10-09
2024100904008632,DHPL,42,26,11.0,252.0,2772.0,2024-10-09
2024100903008097,JBBL,32,42,244.0,354.8,86571.2,2024-10-09
2024100903008096,JBBL,32,34,50.0,354.8,17740.0,2024-10-09
2024100905009385,PHCL,65,42,50.0,416.0,20800.0,2024-10-09
2024100905009384,HDL,49,45,20.0,1337.0,26740.0,2024-10-09
2024100903008095,SIFC,3,37,530.0,609.0,322770.0,2024-10-09
2024100904008631,HPPL,58,57,20.0,326.0,6520.0,2024-10-09
2024100901012597,KDL,7,43,200.0,1055.0,211000.0,2024-10-09
2024100901012596,KDL,17,43,10.0,1055.2,10552.0,2024-10-09
2024100901012595,KDL,42,43,200.0,1060.0,212000.0,2024-10-09
2024100901012594,KDL,21,43,100.0,1061.0,106100.0,2024-10-09
2024100903008094,GFCL,59,63,100.0,1063.0,106300.0,2024-10-09
2024100903008093,GFCL,59,1,235.0,1063.0,249805.0,2024-10-09
2024100904008630,AKPL,52,26,90.0,250.2,22518.0,2024-10-09
2024100904008629,API,48,52,40.0,295.9,11836.0,2024-10-09
2024100901012593,MHL,52,63,17.0,730.0,12410.0,2024-10-09
2024100901012592,PPL,34,42,100.0,467.6,46760.0,2024-10-09
2024100905009383,CIT,54,32,20.0,2226.6,44532.0,2024-10-09
2024100903008092,SFCL,57,47,27.0,627.0,16929.0,2024-10-09
2024100903008091,SFCL,58,47,90.0,627.0,56430.0,2024-10-09
2024100904008628,RADHI,32,16,10.0,394.1,3941.0,2024-10-09
2024100903008090,NFS,49,42,45.0,1408.0,63360.0,2024-10-09
2024100901012591,SBL,4,58,45.0,346.9,15610.5,2024-10-09
2024100903008089,MFIL,4,42,18.0,730.0,13140.0,2024-10-09
2024100903008088,SHINE,58,63,102.0,484.0,49368.0,2024-10-09
2024100904008627,AKJCL,58,33,200.0,212.0,42400.0,2024-10-09
2024100904008626,AKJCL,58,99,258.0,212.0,54696.0,2024-10-09
2024100905009382,PHCL,22,4,10.0,415.3,4153.0,2024-10-09
2024100904008625,NIL,4,48,64.0,909.0,58176.0,2024-10-09
2024100903008087,KSBBL,67,58,34.0,458.1,15575.4,2024-10-09
2024100904008624,UPCL,1,60,448.0,268.0,120064.0,2024-10-09
2024100904008623,UPCL,35,60,50.0,268.0,13400.0,2024-10-09
2024100904008622,UPCL,35,60,42.0,268.0,11256.0,2024-10-09
2024100904008621,UPCL,85,60,500.0,268.1,134050.0,2024-10-09
2024100903008086,CORBL,17,29,121.0,831.2,100575.2,2024-10-09
2024100901012590,UNLB,22,47,10.0,2439.0,24390.0,2024-10-09
2024100905009381,CIT,44,39,44.0,2227.0,97988.0,2024-10-09
2024100905009380,MEL,28,22,30.0,293.0,8790.0,2024-10-09
2024100904008620,GLH,14,28,130.0,250.0,32500.0,2024-10-09
2024100905009379,HRL,42,43,400.0,880.0,352000.0,2024-10-09
2024100901012589,HIDCLP,86,25,50.0,173.8,8690.0,2024-10-09
2024100904008619,LEC,32,57,710.0,279.0,198090.0,2024-10-09
2024100904008618,LEC,32,58,290.0,279.0,80910.0,2024-10-09
2024100901012588,SANIMA,16,51,109.0,342.1,37288.9,2024-10-09
2024100901012587,PCBL,18,51,511.0,294.1,150285.1,2024-10-09
2024100904008617,LEC,57,16,40.0,278.0,11120.0,2024-10-09
2024100903008085,NICLBSL,14,19,20.0,735.0,14700.0,2024-10-09
2024100903008084,GILB,50,10,40.0,1246.1,49844.0,2024-10-09
2024100903008083,GILB,22,10,100.0,1247.0,124700.0,2024-10-09
2024100903008082,GILB,77,10,210.0,1247.0,261870.0,2024-10-09
2024100903008081,NMFBS,34,6,10.0,1479.9,14799.0,2024-10-09
2024100905009378,STC,18,94,50.0,5770.0,288500.0,2024-10-09
2024100905009377,STC,40,94,50.0,5770.0,288500.0,2024-10-09
2024100905009376,STC,17,94,17.0,5770.1,98091.7,2024-10-09
2024100905009375,STC,40,94,20.0,5771.0,115420.0,2024-10-09
2024100905009374,STC,50,94,10.0,5771.1,57711.0,2024-10-09
2024100905009373,STC,58,94,50.0,5790.0,289500.0,2024-10-09
2024100905009372,STC,1,94,10.0,5795.0,57950.0,2024-10-09
2024100905009371,HIDCL,41,13,515.0,273.0,140595.0,2024-10-09
2024100905009370,HIDCL,38,13,35.0,273.0,9555.0,2024-10-09
2024100905009369,HRL,46,40,72.0,878.0,63216.0,2024-10-09
2024100901012586,KBL,42,57,150.0,226.0,33900.0,2024-10-09
2024100901012585,KBL,38,57,100.0,226.0,22600.0,2024-10-09
2024100901012584,KBL,57,57,350.0,226.0,79100.0,2024-10-09
2024100903008080,GUFL,57,57,100.0,744.9,74490.0,2024-10-09
2024100904008616,AHPC,45,59,450.0,274.0,123300.0,2024-10-09
2024100904008615,AHPC,3,59,100.0,274.1,27410.0,2024-10-09
2024100901012583,TPC,44,45,10.0,465.0,4650.0,2024-10-09
2024100901012582,TPC,44,48,200.0,465.0,93000.0,2024-10-09
2024100901012581,TPC,44,38,400.0,465.0,186000.0,2024-10-09
2024100901012580,TPC,44,16,390.0,465.0,181350.0,2024-10-09
2024100901012579,PRVU,66,57,98.0,249.9,24490.2,2024-10-09
2024100901012578,PRVU,55,57,283.0,250.0,70750.0,2024-10-09
2024100901012577,SPC,42,36,10.0,530.0,5300.0,2024-10-09
2024100903008079,MPFL,32,50,10.0,698.0,6980.0,2024-10-09
2024100903008078,GMFIL,51,17,50.0,603.9,30195.0,2024-10-09
2024100905009368,CHDC,39,22,10.0,1744.0,17440.0,2024-10-09
2024100903008077,SJLIC,57,41,620.0,485.7,301134.0,2024-10-09
2024100904008614,AKPL,35,26,225.0,250.2,56295.0,2024-10-09
2024100903008076,PFL,42,48,200.0,627.0,125400.0,2024-10-09
2024100904008613,DHPL,42,26,11.0,252.0,2772.0,2024-10-09
2024100901012576,CZBIL,34,17,1000.0,252.9,252900.0,2024-10-09
2024100903008075,GILB,77,45,10.0,1268.9,12689.0,2024-10-09
2024100904008612,AHPC,40,72,19.0,274.5,5215.5,2024-10-09
2024100905009367,NTC,51,58,10.0,987.9,9879.0,2024-10-09
2024100903008074,GUFL,5,29,289.0,743.0,214727.0,2024-10-09
2024100903008073,GUFL,58,29,198.0,744.0,147312.0,2024-10-09
2024100901012575,RFPL,84,62,15.0,519.1,7786.5,2024-10-09
2024100905009366,SAHAS,45,50,150.0,463.5,69525.0,2024-10-09
2024100904008611,HDHPC,25,56,60.0,213.0,12780.0,2024-10-09
2024100901012574,HIDCLP,42,45,200.0,174.0,34800.0,2024-10-09
2024100901012573,HIDCLP,42,62,2000.0,174.0,348000.0,2024-10-09
2024100901012572,HIDCLP,42,58,300.0,174.0,52200.0,2024-10-09
2024100901012571,GBIME,33,4,752.0,253.4,190556.8,2024-10-09
2024100901012570,GBIME,33,49,248.0,253.3,62818.4,2024-10-09
2024100901012569,MEHL,54,55,10.0,372.3,3723.0,2024-10-09
2024100905009365,PSF,47,4,1400.0,9.59,13426.0,2024-10-09
2024100901012568,MSHL,45,64,50.0,960.0,48000.0,2024-10-09
2024100904008610,API,41,94,10.0,296.0,2960.0,2024-10-09
2024100904008609,BARUN,41,42,22.0,356.0,7832.0,2024-10-09
2024100903008072,SHINE,54,63,1000.0,484.0,484000.0,2024-10-09
2024100901012567,KBL,57,49,150.0,226.0,33900.0,2024-10-09
2024100901012566,KBL,22,49,500.0,226.0,113000.0,2024-10-09
2024100901012565,KBL,58,49,150.0,226.0,33900.0,2024-10-09
2024100904008608,NHPC,29,34,175.0,221.0,38675.0,2024-10-09
2024100904008607,IGI,62,64,10.0,607.0,6070.0,2024-10-09
2024100903008071,GUFL,58,81,30.0,744.0,22320.0,2024-10-09
2024100905009364,HRL,26,43,200.0,880.0,176000.0,2024-10-09
2024100905009363,HRL,48,43,100.0,880.0,88000.0,2024-10-09
2024100905009362,HRL,42,43,20.0,880.0,17600.0,2024-10-09
2024100905009361,HRL,34,43,100.0,880.0,88000.0,2024-10-09
2024100905009360,HRL,19,43,115.0,880.0,101200.0,2024-10-09
2024100905009359,HRL,56,43,500.0,880.0,440000.0,2024-10-09
2024100905009358,HRL,42,43,200.0,880.0,176000.0,2024-10-09
2024100905009357,HRL,81,43,270.0,880.0,237600.0,2024-10-09
2024100903008070,SINDU,85,62,389.0,636.1,247442.9,2024-10-09
2024100903008069,SINDU,64,62,121.0,638.3,77234.3,2024-10-09
2024100903008068,SINDU,14,62,10.0,640.9,6409.0,2024-10-09
2024100904008606,BPCL,14,26,84.0,475.3,39925.2,2024-10-09
2024100904008605,BPCL,29,26,35.0,476.0,16660.0,2024-10-09
2024100904008604,BPCL,45,26,150.0,476.0,71400.0,2024-10-09
2024100904008603,BPCL,57,26,121.0,476.0,57596.0,2024-10-09
2024100904008602,BPCL,58,26,10.0,477.0,4770.0,2024-10-09
2024100901012564,ADBL,49,42,50.0,382.0,19100.0,2024-10-09
2024100901012563,ADBL,41,42,50.0,382.0,19100.0,2024-10-09
2024100904008601,CGH,41,32,25.0,944.0,23600.0,2024-10-09
2024100904008600,CGH,22,32,27.0,944.0,25488.0,2024-10-09
2024100904008599,CGH,54,32,18.0,944.0,16992.0,2024-10-09
2024100903008067,NMBMF,14,75,25.0,695.1,17377.5,2024-10-09
2024100904008598,UPPER,34,58,100.0,217.0,21700.0,2024-10-09
2024100903008066,GUFL,5,48,200.0,743.0,148600.0,2024-10-09
2024100904008597,IGI,13,26,100.0,609.0,60900.0,2024-10-09
2024100901012562,BNHC,58,57,40.0,463.8,18552.0,2024-10-09
2024100901012561,DLBS,45,39,201.0,1350.0,271350.0,2024-10-09
2024100901012560,DLBS,50,39,10.0,1350.1,13501.0,2024-10-09
2024100901012559,DLBS,34,39,90.0,1350.2,121518.0,2024-10-09
2024100901012558,DLBS,34,39,10.0,1350.3,13503.0,2024-10-09
2024100901012557,TVCL,70,57,14.0,460.0,6440.0,2024-10-09
2024100901012556,TVCL,70,57,40.0,460.0,18400.0,2024-10-09
2024100901012555,TVCL,22,57,250.0,460.0,115000.0,2024-10-09
2024100901012554,TVCL,69,57,286.0,460.0,131560.0,2024-10-09
2024100903008065,SWBBL,18,58,37.0,1030.0,38110.0,2024-10-09
2024100903008064,SWBBL,18,57,113.0,1030.0,116390.0,2024-10-09
2024100903008063,NFS,58,42,100.0,1408.0,140800.0,2024-10-09
2024100901012553,AHL,59,70,91.0,680.0,61880.0,2024-10-09
2024100901012552,PRVU,55,41,100.0,250.0,25000.0,2024-10-09
2024100901012551,PRVU,55,45,1000.0,250.0,250000.0,2024-10-09
2024100901012550,PRVU,55,72,2000.0,250.0,500000.0,2024-10-09
2024100901012549,PRVU,55,58,50.0,250.0,12500.0,2024-10-09
2024100901012548,PRVU,55,11,50.0,250.0,12500.0,2024-10-09
2024100901012547,PRVU,55,45,317.0,250.0,79250.0,2024-10-09
2024100903008062,BFC,49,59,16.0,610.0,9760.0,2024-10-09
2024100903008061,NLIC,48,48,100.0,840.0,84000.0,2024-10-09
2024100903008060,KMCDB,13,55,141.0,1022.0,144102.0,2024-10-09
2024100903008059,KMCDB,13,19,10.0,1022.0,10220.0,2024-10-09
2024100903008058,KMCDB,13,58,100.0,1018.0,101800.0,2024-10-09
2024100903008057,KMCDB,13,48,49.0,1017.9,49877.1,2024-10-09
2024100901012546,SANIMA,16,6,54.0,342.1,18473.4,2024-10-09
2024100901012545,SANIMA,7,6,20.0,342.2,6844.0,2024-10-09
2024100901012544,SANIMA,58,6,135.0,342.2,46197.0,2024-10-09
2024100905009356,HIDCL,60,58,10.0,274.0,2740.0,2024-10-09
2024100903008056,WNLB,58,56,15.0,2633.0,39495.0,2024-10-09
2024100903008055,PROFL,62,47,10.0,623.0,6230.0,2024-10-09
2024100905009355,SAHAS,57,6,90.0,463.9,41751.0,2024-10-09
2024100901012543,CITY,81,14,267.0,852.0,227484.0,2024-10-09
2024100904008596,NHPC,29,14,131.0,221.0,28951.0,2024-10-09
2024100904008595,NHPC,25,14,869.0,221.0,192049.0,2024-10-09
2024100901012542,MANDU,41,25,10.0,955.0,9550.0,2024-10-09
2024100903008054,NLICL,42,14,50.0,615.0,30750.0,2024-10-09
2024100903008053,SFCL,32,6,100.0,628.0,62800.0,2024-10-09
2024100903008052,SFCL,32,91,400.0,628.0,251200.0,2024-10-09
2024100904008594,SHPC,51,58,484.0,546.0,264264.0,2024-10-09
2024100904008593,SHPC,51,40,16.0,545.5,8728.0,2024-10-09
2024100903008051,SIFC,3,19,117.0,609.0,71253.0,2024-10-09
2024100904008592,GHL,39,45,65.0,218.0,14170.0,2024-10-09
2024100904008591,GHL,39,45,500.0,218.0,109000.0,2024-10-09
2024100905009354,NIBSF2,16,52,1000.0,8.31,8310.0,2024-10-09
2024100905009353,SHIVM,34,41,55.0,597.0,32835.0,2024-10-09
2024100905009352,SHIVM,39,41,45.0,597.0,26865.0,2024-10-09
2024100904008590,RADHI,32,94,100.0,394.1,39410.0,2024-10-09
2024100905009351,NRN,13,68,60.0,920.0,55200.0,2024-10-09
2024100905009350,NRN,44,68,500.0,920.5,460250.0,2024-10-09
2024100905009349,NRN,49,68,290.0,921.0,267090.0,2024-10-09
2024100905009348,NRM,45,21,80.0,438.0,35040.0,2024-10-09
2024100901012541,NICA,58,34,60.0,478.9,28734.0,2024-10-09
2024100901012540,CITY,81,58,40.0,852.0,34080.0,2024-10-09
2024100904008589,NHPC,25,38,550.0,221.0,121550.0,2024-10-09
2024100903008050,PMLI,58,57,90.0,568.3,51147.0,2024-10-09
2024100901012539,KBL,35,7,50.0,226.2,11310.0,2024-10-09
2024100901012538,SRLI,33,94,100.0,450.0,45000.0,2024-10-09
2024100904008588,DHPL,42,26,11.0,252.0,2772.0,2024-10-09
2024100901012537,SNLI,58,42,11.0,605.5,6660.5,2024-10-09
2024100901012536,CZBIL,26,42,202.0,252.8,51065.6,2024-10-09
2024100903008049,SHINE,42,63,100.0,484.0,48400.0,2024-10-09
2024100901012535,SNLI,58,4,10.0,605.5,6055.0,2024-10-09
2024100905009347,SONA,46,17,209.0,474.0,99066.0,2024-10-09
2024100905009346,SONA,11,17,10.0,474.0,4740.0,2024-10-09
2024100905009345,SONA,3,17,100.0,475.0,47500.0,2024-10-09
2024100905009344,SONA,4,17,100.0,475.0,47500.0,2024-10-09
2024100905009343,SONA,62,17,25.0,475.0,11875.0,2024-10-09
2024100905009342,SONA,6,17,300.0,475.0,142500.0,2024-10-09
2024100905009341,SONA,55,17,12.0,475.0,5700.0,2024-10-09
2024100905009340,SONA,52,17,120.0,475.0,57000.0,2024-10-09
2024100905009339,SONA,42,17,28.0,475.0,13300.0,2024-10-09
2024100905009338,SONA,57,17,80.0,475.0,38000.0,2024-10-09
2024100905009337,SONA,32,17,200.0,475.5,95100.0,2024-10-09
2024100905009336,SONA,58,17,200.0,475.6,95120.0,2024-10-09
2024100905009335,SONA,8,17,10.0,475.8,4758.0,2024-10-09
2024100905009334,SONA,8,17,10.0,475.8,4758.0,2024-10-09
2024100905009333,SONA,6,17,500.0,476.0,238000.0,2024-10-09
2024100905009332,SONA,38,17,27.0,476.0,12852.0,2024-10-09
2024100905009331,SONA,17,17,100.0,476.0,47600.0,2024-10-09
2024100905009330,SONA,57,17,10.0,476.0,4760.0,2024-10-09
2024100905009329,SONA,19,17,19.0,476.0,9044.0,2024-10-09
2024100905009328,MEL,28,54,300.0,293.0,87900.0,2024-10-09
2024100905009327,MEL,28,58,10.0,293.0,2930.0,2024-10-09
2024100905009326,MEL,28,57,30.0,293.0,8790.0,2024-10-09
2024100903008048,JFL,57,49,200.0,615.0,123000.0,2024-10-09
2024100903008047,JFL,22,49,20.0,615.0,12300.0,2024-10-09
2024100903008046,JFL,35,49,200.0,615.1,123020.0,2024-10-09
2024100903008045,JFL,49,42,25.0,616.0,15400.0,2024-10-09
2024100903008044,JFL,49,38,15.0,616.0,9240.0,2024-10-09
2024100903008043,USLB,96,62,10.0,1507.8,15078.0,2024-10-09
2024100901012534,PRVU,6,45,83.0,250.0,20750.0,2024-10-09
2024100901012533,PRVU,6,36,67.0,250.0,16750.0,2024-10-09
2024100903008042,NLICL,45,57,685.0,610.2,417987.0,2024-10-09
2024100903008041,NLICL,53,57,100.0,610.3,61030.0,2024-10-09
2024100903008040,NLICL,41,57,350.0,610.4,213640.0,2024-10-09
2024100903008039,NLICL,58,57,200.0,611.0,122200.0,2024-10-09
2024100903008038,NLICL,21,57,15.0,612.0,9180.0,2024-10-09
2024100901012532,HBL,49,18,13.0,261.0,3393.0,2024-10-09
2024100904008587,PMHPL,58,33,500.0,262.4,131200.0,2024-10-09
2024100904008586,PMHPL,17,33,500.0,262.5,131250.0,2024-10-09
2024100904008585,PMHPL,14,33,90.0,263.0,23670.0,2024-10-09
2024100901012531,NWCL,1,42,61.0,1014.9,61908.9,2024-10-09
2024100901012530,NWCL,65,42,40.0,1015.0,40600.0,2024-10-09
2024100901012529,NWCL,94,42,100.0,1015.0,101500.0,2024-10-09
2024100901012528,NWCL,42,42,20.0,1015.0,20300.0,2024-10-09
2024100901012527,NWCL,7,42,50.0,1015.0,50750.0,2024-10-09
2024100901012526,NWCL,34,42,10.0,1015.0,10150.0,2024-10-09
2024100901012525,NWCL,42,42,90.0,1016.0,91440.0,2024-10-09
2024100901012524,NWCL,34,42,170.0,1016.1,172737.0,2024-10-09
2024100901012523,NWCL,38,42,10.0,1016.2,10162.0,2024-10-09
2024100901012522,NWCL,25,42,10.0,1017.0,10170.0,2024-10-09
2024100901012521,NWCL,26,42,435.0,1017.0,442395.0,2024-10-09
2024100901012520,NWCL,29,42,50.0,1017.5,50875.0,2024-10-09
2024100901012519,NWCL,62,42,20.0,1017.6,20352.0,2024-10-09
2024100901012518,NWCL,58,42,24.0,1018.0,24432.0,2024-10-09
2024100901012517,NWCL,1,42,200.0,1020.0,204000.0,2024-10-09
2024100901012516,NWCL,62,42,40.0,1020.0,40800.0,2024-10-09
2024100904008584,RURU,17,42,10.0,858.0,8580.0,2024-10-09
2024100901012515,MBL,71,19,116.0,255.9,29684.4,2024-10-09
2024100901012514,MBL,71,58,10.0,255.8,2558.0,2024-10-09
2024100901012513,MBL,71,44,300.0,255.8,76740.0,2024-10-09
2024100901012512,MBL,71,49,40.0,255.8,10232.0,2024-10-09
2024100901012511,MBL,71,48,100.0,255.5,25550.0,2024-10-09
2024100901012510,MBL,71,44,300.0,255.5,76650.0,2024-10-09
2024100901012509,MBL,71,48,100.0,255.4,25540.0,2024-10-09
2024100901012508,MBL,71,43,40.0,255.3,10212.0,2024-10-09
2024100901012507,MBL,71,6,200.0,255.0,51000.0,2024-10-09
2024100901012506,MBL,71,22,200.0,255.0,51000.0,2024-10-09
2024100901012505,MBL,71,42,50.0,255.0,12750.0,2024-10-09
2024100901012504,MBL,71,1,200.0,255.0,51000.0,2024-10-09
2024100901012503,MBL,71,3,100.0,255.0,25500.0,2024-10-09
2024100901012502,MBL,71,57,15.0,255.0,3825.0,2024-10-09
2024100901012501,MBL,71,6,13.0,254.9,3313.7,2024-10-09
2024100901012500,MBL,71,58,216.0,254.5,54972.0,2024-10-09
2024100905009325,NICBF,21,78,200.0,9.08,1816.0,2024-10-09
2024100903008037,NABBC,34,6,50.0,611.3,30565.0,2024-10-09
2024100903008036,MPFL,58,50,10.0,698.0,6980.0,2024-10-09
2024100901012499,GBIME,58,49,50.0,253.3,12665.0,2024-10-09
2024100901012498,SANIMA,59,34,478.0,342.5,163715.0,2024-10-09
2024100901012497,SANIMA,59,45,300.0,342.4,102720.0,2024-10-09
2024100901012496,SANIMA,59,52,20.0,342.4,6848.0,2024-10-09
2024100901012495,SANIMA,59,22,52.0,342.3,17799.6,2024-10-09
2024100901012494,NABIL,26,45,70.0,593.4,41538.0,2024-10-09
2024100901012493,NABIL,26,41,430.0,593.4,255162.0,2024-10-09
2024100904008583,SHEL,8,56,585.0,239.4,140049.0,2024-10-09
2024100905009324,SAHAS,45,45,50.0,463.5,23175.0,2024-10-09
2024100905009323,SAHAS,3,45,110.0,463.5,50985.0,2024-10-09
2024100905009322,SAHAS,65,45,480.0,463.6,222528.0,2024-10-09
2024100901012492,NWCL,54,6,10.0,1021.0,10210.0,2024-10-09
2024100903008035,MNBBL,42,75,194.0,395.1,76649.4,2024-10-09
2024100903008034,MNBBL,7,75,250.0,395.1,98775.0,2024-10-09
