transaction,symbol,buyer,seller,quantity,rate,amount,date
2025051904023116,JOSHI,57,57,100.0,381.0,38100.0,2025-05-19
2025051904023115,GHL,36,16,256.0,263.8,67532.8,2025-05-19
2025051904023114,GHL,36,56,361.0,263.7,95195.7,2025-05-19
2025051904023113,GHL,36,26,63.0,263.6,16606.8,2025-05-19
2025051904023112,GHL,36,44,320.0,263.0,84160.0,2025-05-19
2025051904023111,API,74,81,290.0,294.0,85260.0,2025-05-19
2025051904023110,API,74,45,575.0,294.0,169050.0,2025-05-19
2025051904023109,API,74,28,135.0,293.2,39582.0,2025-05-19
2025051903010120,NADEP,58,40,45.0,815.0,36675.0,2025-05-19
2025051903010119,NADEP,58,17,25.0,814.9,20372.5,2025-05-19
2025051903010118,NADEP,58,6,230.0,814.0,187220.0,2025-05-19
2025051904023108,RADHI,77,45,382.0,724.0,276568.0,2025-05-19
2025051904023107,RADHI,77,48,114.0,724.0,82536.0,2025-05-19
2025051904023106,RADHI,77,49,170.0,724.0,123080.0,2025-05-19
2025051904023105,RADHI,77,38,20.0,724.0,14480.0,2025-05-19
2025051904023104,RADHI,77,37,14.0,723.2,10124.8,2025-05-19
2025051904023103,RIDI,32,11,1997.0,264.0,527208.0,2025-05-19
2025051904023102,RIDI,32,51,1003.0,263.0,263789.0,2025-05-19
2025051903010117,EDBL,69,5,400.0,590.0,236000.0,2025-05-19
2025051903010116,EDBL,69,5,100.0,590.0,59000.0,2025-05-19
2025051903010115,JFL,35,37,234.0,473.1,110705.4,2025-05-19
2025051903010114,JFL,58,37,30.0,474.0,14220.0,2025-05-19
2025051901023231,TSHL,49,45,100.0,702.1,70210.0,2025-05-19
2025051903010113,MPFL,42,39,30.0,600.0,18000.0,2025-05-19
2025051905014820,RNLI,50,11,60.0,499.0,29940.0,2025-05-19
2025051905014819,SHIVM,81,91,153.0,520.1,79575.3,2025-05-19
2025051905014818,SHIVM,48,91,50.0,520.2,26010.0,2025-05-19
2025051904023101,KKHC,1,17,399.0,345.0,137655.0,2025-05-19
2025051901023230,MMKJL,65,65,100.0,598.0,59800.0,2025-05-19
2025051905014817,NRM,56,33,200.0,475.0,95000.0,2025-05-19
2025051905014816,NRM,56,53,203.0,475.0,96425.0,2025-05-19
2025051905014815,SAHAS,47,34,150.0,524.0,78600.0,2025-05-19
2025051903010112,BFC,38,34,458.0,485.0,222130.0,2025-05-19
2025051903010111,BFC,34,34,42.0,485.0,20370.0,2025-05-19
2025051905014814,CLI,51,34,100.0,481.9,48190.0,2025-05-19
2025051901023229,CREST,38,28,10.0,1905.0,19050.0,2025-05-19
2025051901023228,GMLI,55,62,55.0,2623.0,144265.0,2025-05-19
2025051904023100,UMHL,62,10,260.0,510.0,132600.0,2025-05-19
2025051904023099,UMHL,62,91,240.0,509.9,122376.0,2025-05-19
2025051901023227,HIDCLP,62,64,256.0,203.0,51968.0,2025-05-19
2025051905014813,HRL,48,45,100.0,992.0,99200.0,2025-05-19
2025051901023226,NABIL,69,38,50.0,482.0,24100.0,2025-05-19
2025051903010110,KSBBL,46,66,16.0,449.0,7184.0,2025-05-19
2025051905014812,NRIC,88,6,100.0,1314.1,131410.0,2025-05-19
2025051904023098,SPDL,57,44,10.0,360.0,3600.0,2025-05-19
2025051904023097,BARUN,8,57,800.0,535.1,428080.0,2025-05-19
2025051904023096,BARUN,68,57,20.0,536.0,10720.0,2025-05-19
2025051904023095,BARUN,33,57,140.0,536.0,75040.0,2025-05-19
2025051901023225,BEDC,8,58,70.0,674.5,47215.0,2025-05-19
2025051901023224,BEDC,8,17,40.0,674.0,26960.0,2025-05-19
2025051901023223,CREST,38,58,10.0,1905.0,19050.0,2025-05-19
2025051903010109,SFCL,58,16,100.0,490.0,49000.0,2025-05-19
2025051904023094,HDHPC,35,16,55.0,202.5,11137.5,2025-05-19
2025051904023093,GLH,41,21,430.0,261.5,112445.0,2025-05-19
2025051904023092,GLH,58,21,500.0,261.5,130750.0,2025-05-19
2025051904023091,GLH,13,21,60.0,261.5,15690.0,2025-05-19
2025051904023090,HURJA,26,60,13.0,251.8,3273.4,2025-05-19
2025051903010108,SHINE,42,39,209.0,403.0,84227.0,2025-05-19
2025051905014811,HDL,4,25,75.0,1217.0,91275.0,2025-05-19
2025051901023222,NMIC,13,1,65.0,1941.3,126184.5,2025-05-19
2025051901023221,NMIC,4,1,10.0,1941.5,19415.0,2025-05-19
2025051901023220,NMIC,47,1,100.0,1941.5,194150.0,2025-05-19
2025051901023219,NMIC,42,1,15.0,1945.0,29175.0,2025-05-19
2025051901023218,NMIC,17,1,10.0,1945.0,19450.0,2025-05-19
2025051904023089,BPCL,65,1,157.0,451.0,70807.0,2025-05-19
2025051904023088,GHL,3,70,1505.0,261.6,393708.0,2025-05-19
2025051904023087,GHL,62,70,335.0,261.7,87669.5,2025-05-19
2025051904023086,GHL,4,70,160.0,262.0,41920.0,2025-05-19
2025051903010107,NADEP,42,6,40.0,814.0,32560.0,2025-05-19
2025051903010106,MERO,42,37,10.0,747.0,7470.0,2025-05-19
2025051903010105,MERO,42,19,50.0,746.0,37300.0,2025-05-19
2025051903010104,MERO,42,54,10.0,745.0,7450.0,2025-05-19
2025051903010103,MERO,42,36,10.0,744.9,7449.0,2025-05-19
2025051903010102,MERO,42,34,10.0,744.0,7440.0,2025-05-19
2025051903010101,MERO,42,48,40.0,744.0,29760.0,2025-05-19
2025051903010100,MERO,42,38,20.0,743.0,14860.0,2025-05-19
2025051901023217,BEDC,42,17,10.0,674.0,6740.0,2025-05-19
2025051903010099,GMFIL,42,98,10.0,479.0,4790.0,2025-05-19
2025051905014810,ILI,42,5,30.0,452.8,13584.0,2025-05-19
2025051901023216,SBL,50,6,10.0,279.0,2790.0,2025-05-19
2025051901023215,RHGCL,19,13,100.0,550.0,55000.0,2025-05-19
2025051903010098,NABBC,85,58,13.0,1563.9,20330.7,2025-05-19
2025051904023085,MHNL,17,64,100.0,257.9,25790.0,2025-05-19
2025051901023214,RHGCL,58,7,80.0,548.0,43840.0,2025-05-19
2025051901023213,RHGCL,39,7,10.0,548.1,5481.0,2025-05-19
2025051901023212,RHGCL,49,7,50.0,549.0,27450.0,2025-05-19
2025051901023211,RHGCL,45,7,160.0,549.0,87840.0,2025-05-19
2025051901023210,MEHL,56,44,10.0,443.9,4439.0,2025-05-19
2025051901023209,MEHL,56,82,200.0,442.0,88400.0,2025-05-19
2025051901023208,HIDCLP,34,64,744.0,203.0,151032.0,2025-05-19
2025051901023207,HIDCLP,34,54,80.0,203.0,16240.0,2025-05-19
2025051901023206,HIDCLP,34,29,1176.0,203.0,238728.0,2025-05-19
2025051904023084,API,35,34,250.0,293.0,73250.0,2025-05-19
2025051901023205,CITY,34,48,25.0,872.8,21820.0,2025-05-19
2025051901023204,CITY,34,49,10.0,872.0,8720.0,2025-05-19
2025051901023203,CITY,34,64,55.0,865.0,47575.0,2025-05-19
2025051905014809,NRIC,6,95,2200.0,1314.0,2890800.0,2025-05-19
2025051901023202,NMIC,17,3,10.0,1945.0,19450.0,2025-05-19
2025051901023201,SCB,13,17,20.0,603.0,12060.0,2025-05-19
2025051901023200,CREST,13,22,10.0,1906.0,19060.0,2025-05-19
2025051904023083,RURU,47,49,200.0,688.0,137600.0,2025-05-19
2025051904023082,SSHL,91,57,385.0,232.1,89358.5,2025-05-19
2025051901023199,RBBD83,8,45,68.0,1050.0,71400.0,2025-05-19
2025051901023198,NMIC,74,36,10.0,1950.0,19500.0,2025-05-19
2025051901023197,NMIC,74,57,10.0,1950.0,19500.0,2025-05-19
2025051901023196,NMIC,74,47,10.0,1950.0,19500.0,2025-05-19
2025051901023195,NMIC,74,42,10.0,1949.0,19490.0,2025-05-19
2025051901023194,NMIC,74,57,10.0,1947.0,19470.0,2025-05-19
2025051904023081,HURJA,38,40,100.0,251.5,25150.0,2025-05-19
2025051901023193,SHLB,80,41,10.0,2029.0,20290.0,2025-05-19
2025051901023192,SHLB,80,11,10.0,2025.0,20250.0,2025-05-19
2025051903010097,USLB,35,34,10.0,1850.0,18500.0,2025-05-19
2025051904023080,SHPC,36,21,100.0,563.0,56300.0,2025-05-19
2025051901023191,RHGCL,45,21,290.0,549.0,159210.0,2025-05-19
2025051901023190,RHGCL,47,21,190.0,549.0,104310.0,2025-05-19
2025051905014808,CLI,21,34,10.0,482.0,4820.0,2025-05-19
2025051905014807,CLI,21,48,20.0,482.0,9640.0,2025-05-19
2025051903010096,MPFL,58,32,10.0,604.7,6047.0,2025-05-19
2025051901023189,CREST,38,58,10.0,1905.0,19050.0,2025-05-19
2025051905014806,HRL,36,45,300.0,992.0,297600.0,2025-05-19
2025051904023079,AHPC,28,45,100.0,283.1,28310.0,2025-05-19
2025051903010095,EDBL,69,70,90.0,590.0,53100.0,2025-05-19
2025051903010094,EDBL,11,70,69.0,590.1,40716.9,2025-05-19
2025051901023188,CREST,38,42,10.0,1905.0,19050.0,2025-05-19
2025051901023187,DLBS,19,37,10.0,1435.0,14350.0,2025-05-19
2025051901023186,KBL,17,36,203.0,198.0,40194.0,2025-05-19
2025051905014805,RNLI,22,11,10.0,499.7,4997.0,2025-05-19
2025051901023185,SARBTM,22,59,28.0,831.0,23268.0,2025-05-19
2025051901023184,SRLI,62,43,50.0,403.0,20150.0,2025-05-19
2025051904023078,NHPC,62,34,10.0,219.4,2194.0,2025-05-19
2025051901023183,HIDCLP,48,29,3824.0,203.0,776272.0,2025-05-19
2025051901023182,HIDCLP,48,89,10.0,203.0,2030.0,2025-05-19
2025051901023181,HIDCLP,48,44,500.0,203.0,101500.0,2025-05-19
2025051901023180,HIDCLP,48,55,2000.0,203.0,406000.0,2025-05-19
2025051901023179,HIDCLP,48,29,4921.0,203.0,998963.0,2025-05-19
2025051901023178,HIDCLP,48,38,100.0,203.0,20300.0,2025-05-19
2025051901023177,HIDCLP,48,16,300.0,202.9,60870.0,2025-05-19
2025051901023176,HIDCLP,48,34,30.0,202.9,6087.0,2025-05-19
2025051901023175,HIDCLP,48,7,1000.0,202.8,202800.0,2025-05-19
2025051901023174,HIDCLP,48,78,2000.0,202.7,405400.0,2025-05-19
2025051901023173,HIDCLP,48,16,50.0,202.7,10135.0,2025-05-19
2025051901023172,HIDCLP,48,71,2000.0,202.6,405200.0,2025-05-19
2025051901023171,HIDCLP,48,6,1500.0,202.5,303750.0,2025-05-19
2025051901023170,HIDCLP,48,51,765.0,202.5,154912.5,2025-05-19
2025051901023169,ULBSL,38,14,30.0,3372.0,101160.0,2025-05-19
2025051901023168,ULBSL,38,21,20.0,3369.0,67380.0,2025-05-19
2025051901023167,ULBSL,38,7,10.0,3368.0,33680.0,2025-05-19
2025051901023166,ULBSL,38,16,10.0,3365.0,33650.0,2025-05-19
2025051901023165,ULBSL,38,49,10.0,3365.0,33650.0,2025-05-19
2025051901023164,ULBSL,38,57,10.0,3340.0,33400.0,2025-05-19
2025051901023163,ULBSL,38,57,10.0,3339.0,33390.0,2025-05-19
2025051904023077,PPCL,60,14,10.0,327.9,3279.0,2025-05-19
2025051901023162,MSHL,88,70,10.0,872.0,8720.0,2025-05-19
2025051903010093,NUBL,14,57,18.0,681.9,12274.2,2025-05-19
2025051903010092,LICN,35,57,50.0,918.0,45900.0,2025-05-19
2025051903010091,LICN,13,57,40.0,918.0,36720.0,2025-05-19
2025051903010090,LICN,57,57,25.0,918.0,22950.0,2025-05-19
2025051903010089,LICN,67,57,250.0,918.5,229625.0,2025-05-19
2025051903010088,LICN,36,57,40.0,919.0,36760.0,2025-05-19
2025051903010087,LICN,63,57,30.0,919.0,27570.0,2025-05-19
2025051903010086,LICN,42,57,10.0,919.5,9195.0,2025-05-19
2025051903010085,LICN,22,57,50.0,920.0,46000.0,2025-05-19
2025051903010084,LICN,58,57,20.0,920.0,18400.0,2025-05-19
2025051903010083,LICN,32,57,24.0,920.0,22080.0,2025-05-19
2025051903010082,LICN,35,57,10.0,921.0,9210.0,2025-05-19
2025051903010081,LICN,38,57,200.0,921.0,184200.0,2025-05-19
2025051903010080,SMFBS,62,59,25.0,1730.0,43250.0,2025-05-19
2025051904023076,RIDI,94,8,410.0,259.3,106313.0,2025-05-19
2025051904023075,RIDI,49,8,200.0,260.0,52000.0,2025-05-19
2025051904023074,RIDI,59,8,200.0,260.0,52000.0,2025-05-19
2025051904023073,RIDI,7,8,1000.0,260.1,260100.0,2025-05-19
2025051904023072,RIDI,62,8,90.0,260.2,23418.0,2025-05-19
2025051904023071,RIDI,45,8,100.0,260.2,26020.0,2025-05-19
2025051905014804,HDL,57,25,20.0,1217.0,24340.0,2025-05-19
2025051905014803,HDL,44,25,105.0,1217.0,127785.0,2025-05-19
2025051901023161,CITY,26,64,10.0,865.0,8650.0,2025-05-19
2025051905014802,CIT,45,66,15.0,1910.0,28650.0,2025-05-19
2025051905014801,CIT,45,13,85.0,1910.0,162350.0,2025-05-19
2025051904023070,JOSHI,58,59,20.0,382.0,7640.0,2025-05-19
2025051901023160,BHL,45,58,20.0,215.2,4304.0,2025-05-19
2025051905014800,NRM,58,53,10.0,475.0,4750.0,2025-05-19
2025051904023069,BARUN,39,58,350.0,537.0,187950.0,2025-05-19
2025051901023159,BHL,11,75,200.0,215.3,43060.0,2025-05-19
2025051905014799,NTC,14,78,10.0,865.0,8650.0,2025-05-19
2025051904023068,UPCL,72,38,1555.0,398.9,620289.5,2025-05-19
2025051905014798,CIT,44,13,10.0,1910.0,19100.0,2025-05-19
2025051904023067,NHDL,42,58,220.0,699.0,153780.0,2025-05-19
2025051904023066,NHDL,42,58,500.0,699.0,349500.0,2025-05-19
2025051904023065,NHDL,42,4,100.0,699.0,69900.0,2025-05-19
2025051904023064,NHDL,42,71,90.0,699.0,62910.0,2025-05-19
2025051904023063,NHDL,42,42,200.0,698.0,139600.0,2025-05-19
2025051904023062,NHDL,42,33,30.0,697.9,20937.0,2025-05-19
2025051904023061,NHDL,42,42,100.0,697.8,69780.0,2025-05-19
2025051904023060,NHDL,42,33,200.0,697.0,139400.0,2025-05-19
2025051903010079,SMPDA,65,21,20.0,940.0,18800.0,2025-05-19
2025051904023059,AHPC,28,7,315.0,283.1,89176.5,2025-05-19
2025051904023058,AHPC,25,7,200.0,283.2,56640.0,2025-05-19
2025051904023057,API,29,28,65.0,293.2,19058.0,2025-05-19
2025051904023056,BARUN,33,67,60.0,536.0,32160.0,2025-05-19
2025051904023055,BARUN,11,67,500.0,536.1,268050.0,2025-05-19
2025051904023054,BARUN,48,67,100.0,536.2,53620.0,2025-05-19
2025051904023053,BARUN,48,67,60.0,536.2,32172.0,2025-05-19
2025051903010078,LBBL,34,32,60.0,466.0,27960.0,2025-05-19
2025051903010077,LBBL,34,95,40.0,466.0,18640.0,2025-05-19
2025051901023158,BHPL,13,22,20.0,1063.0,21260.0,2025-05-19
2025051905014797,NTC,38,78,31.0,865.0,26815.0,2025-05-19
2025051901023157,EBL,90,38,50.0,624.0,31200.0,2025-05-19
2025051904023052,UAIL,55,41,552.0,600.0,331200.0,2025-05-19
2025051904023051,UAIL,55,19,258.0,600.0,154800.0,2025-05-19
2025051904023050,UAIL,55,43,100.0,599.9,59990.0,2025-05-19
2025051904023049,UAIL,55,44,90.0,599.0,53910.0,2025-05-19
2025051901023156,MBL,22,49,500.0,212.3,106150.0,2025-05-19
2025051905014796,NIFRA,60,51,194.0,276.9,53718.6,2025-05-19
2025051905014795,NIFRA,60,42,2000.0,276.8,553600.0,2025-05-19
2025051905014794,NIFRA,60,38,200.0,276.0,55200.0,2025-05-19
2025051905014793,NIFRA,60,32,45.0,276.0,12420.0,2025-05-19
2025051905014792,NIFRA,60,34,20.0,276.0,5520.0,2025-05-19
2025051905014791,NIFRA,60,28,35.0,276.0,9660.0,2025-05-19
2025051905014790,NIFRA,60,32,606.0,276.0,167256.0,2025-05-19
2025051905014789,NIFRA,60,45,100.0,275.6,27560.0,2025-05-19
2025051905014788,NIFRA,60,42,500.0,275.5,137750.0,2025-05-19
2025051901023155,CREST,38,49,10.0,1905.0,19050.0,2025-05-19
2025051904023048,HDHPC,25,16,920.0,202.5,186300.0,2025-05-19
2025051904023047,PPCL,52,14,10.0,327.9,3279.0,2025-05-19
2025051901023154,RHGCL,47,35,200.0,549.0,109800.0,2025-05-19
2025051905014787,NRIC,6,37,50.0,1314.0,65700.0,2025-05-19
2025051904023046,SPDL,21,44,10.0,360.0,3600.0,2025-05-19
2025051905014786,NRIC,45,6,100.0,1314.1,131410.0,2025-05-19
2025051905014785,HATHY,45,64,246.0,1254.5,308607.0,2025-05-19
2025051905014784,HATHY,45,25,100.0,1254.0,125400.0,2025-05-19
2025051905014783,HATHY,45,34,414.0,1254.0,519156.0,2025-05-19
2025051903010076,SINDU,72,45,2300.0,796.6,1832180.0,2025-05-19
2025051903010075,MFIL,6,66,100.0,593.0,59300.0,2025-05-19
2025051904023045,JOSHI,63,59,100.0,382.0,38200.0,2025-05-19
2025051903010074,BFC,11,63,50.0,487.0,24350.0,2025-05-19
2025051901023153,NABIL,14,17,57.0,483.0,27531.0,2025-05-19
2025051901023152,NABIL,14,59,143.0,483.0,69069.0,2025-05-19
2025051904023044,SICL,42,28,51.0,760.0,38760.0,2025-05-19
2025051904023043,SICL,42,38,279.0,760.0,212040.0,2025-05-19
2025051904023042,SICL,42,33,20.0,759.9,15198.0,2025-05-19
2025051904023041,SICL,42,13,100.0,759.8,75980.0,2025-05-19
2025051904023040,SICL,42,58,89.0,759.8,67622.2,2025-05-19
2025051904023039,SICL,42,6,60.0,759.7,45582.0,2025-05-19
2025051904023038,SICL,42,58,2001.0,740.0,1480740.0,2025-05-19
2025051905014782,RNLI,50,64,40.0,499.0,19960.0,2025-05-19
2025051904023037,RADHI,86,38,180.0,724.0,130320.0,2025-05-19
2025051904023036,RADHI,86,34,20.0,724.0,14480.0,2025-05-19
2025051901023151,MHCL,65,67,190.0,485.0,92150.0,2025-05-19
2025051901023150,MHCL,65,57,10.0,484.0,4840.0,2025-05-19
2025051901023149,RHGCL,47,17,10.0,549.0,5490.0,2025-05-19
2025051901023148,BHPL,57,36,13.0,1050.0,13650.0,2025-05-19
2025051901023147,BHPL,45,36,20.0,1063.0,21260.0,2025-05-19
2025051901023146,RFPL,47,19,30.0,471.9,14157.0,2025-05-19
2025051901023145,RFPL,47,47,10.0,471.8,4718.0,2025-05-19
2025051901023144,RFPL,47,42,10.0,470.0,4700.0,2025-05-19
2025051901023143,RFPL,47,19,50.0,468.5,23425.0,2025-05-19
2025051904023035,AKPL,99,95,500.0,241.1,120550.0,2025-05-19
2025051904023034,HURJA,95,60,200.0,251.8,50360.0,2025-05-19
2025051901023142,MBL,34,42,20.0,215.8,4316.0,2025-05-19
2025051903010073,LBBL,96,48,1311.0,465.0,609615.0,2025-05-19
2025051904023033,RADHI,33,6,180.0,723.0,130140.0,2025-05-19
2025051904023032,RADHI,36,6,130.0,723.1,94003.0,2025-05-19
2025051904023031,SICL,38,58,300.0,740.0,222000.0,2025-05-19
2025051903010072,LBBL,99,95,450.0,466.0,209700.0,2025-05-19
2025051903010071,LBBL,99,18,500.0,465.9,232950.0,2025-05-19
2025051903010070,LBBL,99,22,50.0,465.9,23295.0,2025-05-19
2025051901023141,TAMOR,58,90,15.0,506.0,7590.0,2025-05-19
2025051903010069,SIFC,58,53,11.0,496.0,5456.0,2025-05-19
2025051901023140,JBLB,58,45,36.0,1299.0,46764.0,2025-05-19
2025051901023139,JBLB,58,64,31.0,1298.0,40238.0,2025-05-19
2025051901023138,JBLB,58,45,30.0,1291.0,38730.0,2025-05-19
2025051904023030,NGPL,57,32,200.0,359.0,71800.0,2025-05-19
2025051901023137,NABIL,32,59,10.0,483.0,4830.0,2025-05-19
2025051901023136,CREST,38,32,10.0,1905.0,19050.0,2025-05-19
2025051905014781,MEL,63,25,10.0,307.0,3070.0,2025-05-19
2025051905014780,MEL,63,26,10.0,307.0,3070.0,2025-05-19
2025051905014779,MEL,63,34,500.0,307.0,153500.0,2025-05-19
2025051905014778,MEL,63,58,10.0,307.0,3070.0,2025-05-19
2025051905014777,MEL,63,34,10.0,307.0,3070.0,2025-05-19
2025051905014776,MEL,63,49,10.0,307.0,3070.0,2025-05-19
2025051905014775,MEL,63,38,10.0,307.0,3070.0,2025-05-19
2025051903010068,MLBL,46,41,50.0,392.4,19620.0,2025-05-19
2025051903010067,NFS,41,44,50.0,608.0,30400.0,2025-05-19
2025051905014774,MBJC,11,43,550.0,313.0,172150.0,2025-05-19
2025051904023029,SPDL,70,44,12.0,360.0,4320.0,2025-05-19
2025051903010066,GRDBL,32,72,250.0,1055.1,263775.0,2025-05-19
2025051903010065,GRDBL,32,72,250.0,1055.1,263775.0,2025-05-19
2025051903010064,GRDBL,32,72,250.0,1055.1,263775.0,2025-05-19
2025051903010063,GRDBL,32,72,250.0,1055.1,263775.0,2025-05-19
2025051903010062,GRDBL,32,72,100.0,1055.1,105510.0,2025-05-19
2025051903010061,GRDBL,32,72,200.0,1055.1,211020.0,2025-05-19
2025051903010060,GRDBL,32,72,200.0,1055.1,211020.0,2025-05-19
2025051903010059,GRDBL,32,72,200.0,1055.1,211020.0,2025-05-19
2025051903010058,GRDBL,32,72,100.0,1055.1,105510.0,2025-05-19
2025051903010057,GRDBL,32,72,100.0,1055.1,105510.0,2025-05-19
2025051903010056,GRDBL,32,72,100.0,1055.1,105510.0,2025-05-19
2025051903010055,GRDBL,74,72,100.0,1056.0,105600.0,2025-05-19
2025051903010054,GRDBL,17,72,50.0,1061.0,53050.0,2025-05-19
2025051903010053,GRDBL,6,72,20.0,1061.6,21232.0,2025-05-19
2025051901023135,MANDU,42,29,10.0,855.0,8550.0,2025-05-19
2025051904023028,CHL,64,25,10.0,304.0,3040.0,2025-05-19
2025051904023027,UPPER,98,75,13.0,199.2,2589.6,2025-05-19
2025051901023134,NMIC,17,17,30.0,1945.0,58350.0,2025-05-19
2025051901023133,NMIC,55,17,50.0,1945.0,97250.0,2025-05-19
2025051901023132,NMIC,49,17,10.0,1945.0,19450.0,2025-05-19
2025051901023131,NMIC,41,17,20.0,1945.0,38900.0,2025-05-19
2025051901023130,NMIC,33,17,10.0,1945.0,19450.0,2025-05-19
2025051901023129,NMIC,41,17,30.0,1945.0,58350.0,2025-05-19
2025051901023128,NMIC,38,17,50.0,1945.1,97255.0,2025-05-19
2025051905014773,SONA,13,47,600.0,458.7,275220.0,2025-05-19
2025051905014772,SONA,50,47,200.0,458.8,91760.0,2025-05-19
2025051905014771,SONA,34,47,200.0,458.8,91760.0,2025-05-19
2025051905014770,NIFRA,34,42,1000.0,275.5,275500.0,2025-05-19
2025051901023127,GMLI,55,49,10.0,2623.0,26230.0,2025-05-19
2025051901023126,SBI,49,13,200.0,378.5,75700.0,2025-05-19
2025051904023026,AHPC,58,42,100.0,283.9,28390.0,2025-05-19
2025051901023125,SRLI,57,43,75.0,403.0,30225.0,2025-05-19
2025051901023124,UHEWA,65,59,570.0,568.0,323760.0,2025-05-19
2025051901023123,UHEWA,44,59,50.0,568.0,28400.0,2025-05-19
2025051901023122,UHEWA,32,59,480.0,568.1,272688.0,2025-05-19
2025051901023121,UHEWA,16,59,400.0,569.0,227600.0,2025-05-19
2025051903010052,GBLBS,18,43,100.0,797.5,79750.0,2025-05-19
2025051901023120,BHL,52,75,1000.0,215.3,215300.0,2025-05-19
2025051904023025,HPPL,62,35,100.0,492.5,49250.0,2025-05-19
2025051904023024,RADHI,36,26,70.0,723.1,50617.0,2025-05-19
2025051904023023,RADHI,39,26,30.0,723.2,21696.0,2025-05-19
2025051901023119,CREST,38,45,10.0,1905.0,19050.0,2025-05-19
2025051904023022,GHL,41,44,1680.0,263.0,441840.0,2025-05-19
2025051904023021,GHL,41,6,200.0,263.0,52600.0,2025-05-19
2025051904023020,GHL,41,58,20.0,263.0,5260.0,2025-05-19
2025051904023019,GHL,41,67,500.0,263.0,131500.0,2025-05-19
2025051904023018,GHL,41,57,500.0,262.9,131450.0,2025-05-19
2025051904023017,GHL,41,13,100.0,262.9,26290.0,2025-05-19
2025051904023016,GHL,41,41,500.0,262.8,131400.0,2025-05-19
2025051904023015,GHL,41,52,100.0,262.6,26260.0,2025-05-19
2025051904023014,GHL,41,3,400.0,262.6,105040.0,2025-05-19
2025051905014769,HIDCL,57,41,44.0,291.1,12808.4,2025-05-19
2025051903010051,SINDU,11,72,10.0,796.7,7967.0,2025-05-19
2025051903010050,ICFC,50,43,10.0,607.0,6070.0,2025-05-19
2025051904023013,UMRH,64,49,200.0,554.0,110800.0,2025-05-19
2025051901023118,NIMB,48,22,250.0,206.9,51725.0,2025-05-19
2025051901023117,NIMB,48,13,200.0,206.7,41340.0,2025-05-19
2025051901023116,NIMB,48,16,200.0,206.3,41260.0,2025-05-19
2025051901023115,NIMB,48,43,200.0,206.2,41240.0,2025-05-19
2025051901023114,NIMB,48,14,100.0,206.1,20610.0,2025-05-19
2025051901023113,NIMB,48,22,50.0,206.1,10305.0,2025-05-19
2025051901023112,NMIC,38,48,10.0,1945.1,19451.0,2025-05-19
2025051901023111,ULBSL,38,6,10.0,3308.0,33080.0,2025-05-19
2025051904023012,SHEL,57,49,113.0,264.0,29832.0,2025-05-19
2025051904023011,SHEL,22,49,30.0,264.0,7920.0,2025-05-19
2025051904023010,SHEL,22,49,20.0,264.0,5280.0,2025-05-19
2025051904023009,SHEL,49,49,500.0,264.0,132000.0,2025-05-19
2025051904023008,SHEL,58,49,2262.0,264.1,597394.2,2025-05-19
2025051904023007,SHEL,22,49,10.0,264.6,2646.0,2025-05-19
2025051901023110,GMLI,55,58,10.0,2623.0,26230.0,2025-05-19
2025051901023109,CREST,38,58,10.0,1905.0,19050.0,2025-05-19
2025051901023108,BEDC,57,17,190.0,674.0,128060.0,2025-05-19
2025051901023107,BEDC,57,77,10.0,673.0,6730.0,2025-05-19
2025051903010049,GBBL,55,18,100.0,395.0,39500.0,2025-05-19
2025051903010048,SKBBL,45,32,41.0,795.2,32603.2,2025-05-19
2025051904023006,SHEL,22,74,90.0,264.6,23814.0,2025-05-19
2025051901023106,CREST,38,16,10.0,1905.0,19050.0,2025-05-19
2025051904023005,RHPL,16,41,541.0,382.5,206932.5,2025-05-19
2025051904023004,RHPL,16,38,50.0,381.0,19050.0,2025-05-19
2025051903010047,SINDU,49,72,220.0,796.7,175274.0,2025-05-19
2025051903010046,SINDU,51,72,627.0,796.7,499530.9,2025-05-19
2025051903010045,SINDU,1,72,200.0,796.7,159340.0,2025-05-19
2025051903010044,SINDU,52,72,250.0,796.7,199175.0,2025-05-19
2025051903010043,SINDU,74,72,100.0,796.7,79670.0,2025-05-19
2025051903010042,SINDU,45,72,200.0,796.7,159340.0,2025-05-19
2025051903010041,SINDU,38,72,30.0,796.7,23901.0,2025-05-19
2025051903010040,SINDU,33,72,200.0,796.7,159340.0,2025-05-19
2025051903010039,SINDU,6,72,100.0,796.7,79670.0,2025-05-19
2025051903010038,SINDU,55,72,500.0,796.7,398350.0,2025-05-19
2025051903010037,SINDU,16,72,250.0,796.7,199175.0,2025-05-19
2025051903010036,SINDU,49,72,50.0,796.7,39835.0,2025-05-19
2025051903010035,SINDU,62,72,50.0,796.7,39835.0,2025-05-19
2025051903010034,SINDU,45,72,54.0,796.7,43021.8,2025-05-19
2025051903010033,SINDU,57,72,50.0,796.7,39835.0,2025-05-19
2025051903010032,SINDU,47,72,20.0,796.7,15934.0,2025-05-19
2025051903010031,SINDU,7,72,10.0,796.7,7967.0,2025-05-19
2025051903010030,SINDU,4,72,200.0,796.7,159340.0,2025-05-19
2025051903010029,SINDU,43,72,100.0,796.7,79670.0,2025-05-19
2025051903010028,SINDU,47,72,250.0,796.7,199175.0,2025-05-19
2025051903010027,SINDU,45,72,50.0,796.7,39835.0,2025-05-19
2025051903010026,SINDU,58,72,500.0,796.7,398350.0,2025-05-19
2025051903010025,SINDU,43,72,50.0,796.7,39835.0,2025-05-19
2025051903010024,SINDU,56,72,290.0,796.7,231043.0,2025-05-19
2025051903010023,SINDU,43,72,50.0,796.7,39835.0,2025-05-19
2025051903010022,SINDU,57,72,60.0,796.7,47802.0,2025-05-19
2025051903010021,SINDU,54,72,100.0,796.7,79670.0,2025-05-19
2025051903010020,SINDU,39,72,200.0,796.7,159340.0,2025-05-19
2025051903010019,SINDU,22,72,20.0,796.7,15934.0,2025-05-19
2025051903010018,SINDU,6,72,10.0,796.7,7967.0,2025-05-19
2025051903010017,SINDU,63,72,30.0,796.7,23901.0,2025-05-19
2025051903010016,SINDU,57,72,90.0,796.7,71703.0,2025-05-19
2025051903010015,SINDU,64,72,89.0,796.7,70906.3,2025-05-19
2025051903010014,SINDU,57,72,35.0,796.7,27884.5,2025-05-19
2025051903010013,SINDU,58,72,1840.0,796.7,1465928.0,2025-05-19
2025051904023003,SHEL,58,44,500.0,264.1,132050.0,2025-05-19
2025051901023105,HIDCLP,86,51,50.0,202.5,10125.0,2025-05-19
2025051905014768,PHCL,100,65,1225.0,620.0,759500.0,2025-05-19
2025051904023002,AHPC,28,17,52.0,283.1,14721.2,2025-05-19
2025051904023001,AHPC,18,17,60.0,283.1,16986.0,2025-05-19
2025051901023104,SNLI,62,42,27.0,488.0,13176.0,2025-05-19
2025051901023103,SNLI,62,35,13.0,488.0,6344.0,2025-05-19
2025051904023000,HPPL,62,48,584.0,492.5,287620.0,2025-05-19
2025051904022999,HPPL,64,48,316.0,492.5,155630.0,2025-05-19
2025051905014767,MEL,57,45,10.0,307.0,3070.0,2025-05-19
2025051905014766,HIDCL,57,34,500.0,292.0,146000.0,2025-05-19
2025051904022998,NLG,55,35,200.0,810.0,162000.0,2025-05-19
2025051901023102,CREST,38,32,10.0,1905.0,19050.0,2025-05-19
2025051904022997,BPCL,51,38,10.0,452.0,4520.0,2025-05-19
2025051903010012,PROFL,51,1,120.0,494.0,59280.0,2025-05-19
2025051903010011,ICFC,39,43,100.0,607.0,60700.0,2025-05-19
2025051904022996,NLG,55,39,50.0,810.0,40500.0,2025-05-19
2025051905014765,CHDC,32,89,97.0,2560.0,248320.0,2025-05-19
2025051905014764,SMJC,4,45,169.0,500.0,84500.0,2025-05-19
2025051905014763,SMJC,39,45,100.0,500.3,50030.0,2025-05-19
2025051905014762,SMJC,32,45,40.0,500.5,20020.0,2025-05-19
2025051905014761,NRIC,6,91,50.0,1314.0,65700.0,2025-05-19
2025051903010010,MPFL,91,32,10.0,604.7,6047.0,2025-05-19
2025051901023101,HBL,4,59,136.0,216.0,29376.0,2025-05-19
2025051904022995,HEI,16,33,89.0,570.0,50730.0,2025-05-19
2025051904022994,HEI,16,54,101.0,568.9,57458.9,2025-05-19
2025051904022993,HEI,16,19,100.0,568.8,56880.0,2025-05-19
2025051904022992,HEI,16,53,10.0,568.0,5680.0,2025-05-19
2025051901023100,HIDCLP,94,50,1279.0,202.0,258358.0,2025-05-19
2025051901023099,HIDCLP,49,50,621.0,202.4,125690.4,2025-05-19
2025051901023098,HIDCLP,34,50,100.0,202.4,20240.0,2025-05-19
2025051904022991,SHL,96,39,100.0,556.9,55690.0,2025-05-19
2025051904022990,SHPC,36,42,300.0,563.0,168900.0,2025-05-19
2025051905014760,HATHY,34,34,10.0,1254.0,12540.0,2025-05-19
2025051904022989,CGH,21,34,50.0,896.0,44800.0,2025-05-19
2025051905014759,NRIC,88,6,100.0,1314.1,131410.0,2025-05-19
2025051905014758,HRL,57,33,112.0,991.0,110992.0,2025-05-19
2025051905014757,HRL,47,33,88.0,991.0,87208.0,2025-05-19
2025051903010009,SFCL,35,58,50.0,488.1,24405.0,2025-05-19
2025051905014756,HDL,44,74,10.0,1217.0,12170.0,2025-05-19
2025051904022988,UPPER,58,75,20.0,199.2,3984.0,2025-05-19
2025051901023097,BHL,58,75,117.0,215.3,25190.1,2025-05-19
2025051901023096,KBSH,51,42,18.0,1983.0,35694.0,2025-05-19
2025051901023095,KBSH,51,10,10.0,1983.0,19830.0,2025-05-19
2025051901023094,KBSH,51,91,22.0,1980.0,43560.0,2025-05-19
2025051901023093,KBSH,51,45,10.0,1980.0,19800.0,2025-05-19
2025051901023092,KBSH,51,42,20.0,1978.8,39576.0,2025-05-19
2025051901023091,KBSH,51,41,10.0,1978.0,19780.0,2025-05-19
2025051901023090,KBSH,51,22,10.0,1970.0,19700.0,2025-05-19
2025051905014755,NIFRA,26,64,218.0,275.4,60037.2,2025-05-19
2025051905014754,NIFRA,25,64,200.0,275.4,55080.0,2025-05-19
2025051905014753,NIFRA,11,64,154.0,275.4,42411.6,2025-05-19
2025051905014752,NIFRA,41,64,488.0,275.5,134444.0,2025-05-19
2025051905014751,NIFRA,49,64,20.0,275.6,5512.0,2025-05-19
2025051905014750,NIFRA,42,64,100.0,275.6,27560.0,2025-05-19
2025051905014749,NIFRA,25,64,120.0,275.6,33072.0,2025-05-19
2025051905014748,NIFRA,43,64,700.0,275.7,192990.0,2025-05-19
2025051904022987,HDHPC,54,16,25.0,202.5,5062.5,2025-05-19
2025051904022986,HDHPC,54,81,165.0,202.5,33412.5,2025-05-19
2025051903010008,LBBL,96,53,15.0,463.0,6945.0,2025-05-19
2025051903010007,PFL,17,57,10.0,411.0,4110.0,2025-05-19
2025051904022985,SHEL,56,74,10.0,264.6,2646.0,2025-05-19
2025051904022984,PRIN,47,51,650.0,862.5,560625.0,2025-05-19
2025051904022983,PRIN,47,29,100.0,862.0,86200.0,2025-05-19
2025051905014747,NTC,6,78,40.0,865.0,34600.0,2025-05-19
2025051905014746,NRM,99,53,100.0,475.0,47500.0,2025-05-19
2025051905014745,SAHAS,77,47,490.0,525.0,257250.0,2025-05-19
2025051905014744,SAHAS,77,26,500.0,525.0,262500.0,2025-05-19
2025051905014743,SAHAS,77,58,200.0,525.0,105000.0,2025-05-19
2025051905014742,SAHAS,77,25,200.0,525.0,105000.0,2025-05-19
2025051905014741,SAHAS,77,94,10.0,525.0,5250.0,2025-05-19
2025051905014740,SAHAS,77,17,100.0,525.0,52500.0,2025-05-19
2025051905014739,SAHAS,77,42,10.0,525.0,5250.0,2025-05-19
2025051905014738,SAHAS,77,21,100.0,525.0,52500.0,2025-05-19
2025051905014737,SAHAS,77,59,500.0,525.0,262500.0,2025-05-19
2025051905014736,SAHAS,77,42,10.0,525.0,5250.0,2025-05-19
2025051905014735,SAHAS,77,57,100.0,525.0,52500.0,2025-05-19
2025051905014734,SAHAS,77,19,20.0,525.0,10500.0,2025-05-19
2025051905014733,SAHAS,77,34,100.0,525.0,52500.0,2025-05-19
2025051905014732,SAHAS,77,58,150.0,525.0,78750.0,2025-05-19
2025051905014731,SAHAS,77,54,200.0,525.0,105000.0,2025-05-19
2025051905014730,SAHAS,77,54,50.0,525.0,26250.0,2025-05-19
2025051905014729,SAHAS,77,58,10.0,525.0,5250.0,2025-05-19
2025051905014728,SAHAS,77,36,10.0,525.0,5250.0,2025-05-19
2025051905014727,SAHAS,77,86,200.0,525.0,105000.0,2025-05-19
2025051905014726,SAHAS,77,57,200.0,525.0,105000.0,2025-05-19
2025051905014725,SAHAS,77,17,50.0,525.0,26250.0,2025-05-19
2025051905014724,SAHAS,77,58,100.0,525.0,52500.0,2025-05-19
2025051905014723,SAHAS,77,65,100.0,525.0,52500.0,2025-05-19
2025051905014722,SAHAS,77,7,330.0,525.0,173250.0,2025-05-19
2025051905014721,SAHAS,77,20,100.0,524.9,52490.0,2025-05-19
2025051905014720,SAHAS,77,49,10.0,524.9,5249.0,2025-05-19
2025051905014719,SAHAS,77,59,150.0,524.9,78735.0,2025-05-19
2025051905014718,SAHAS,77,6,500.0,524.8,262400.0,2025-05-19
2025051905014717,NIFRA,43,59,300.0,275.7,82710.0,2025-05-19
2025051903010006,NUBL,14,52,20.0,681.9,13638.0,2025-05-19
2025051901023089,NMIC,45,34,10.0,1947.0,19470.0,2025-05-19
2025051903010005,NFS,58,44,40.0,608.0,24320.0,2025-05-19
2025051905014716,HIDCL,59,16,400.0,291.0,116400.0,2025-05-19
2025051905014715,HIDCL,32,16,100.0,291.1,29110.0,2025-05-19
2025051905014714,RNLI,50,46,150.0,499.0,74850.0,2025-05-19
2025051904022982,HURJA,50,60,10.0,251.8,2518.0,2025-05-19
2025051904022981,AKPL,42,42,500.0,241.0,120500.0,2025-05-19
2025051904022980,AKJCL,17,66,875.0,207.0,181125.0,2025-05-19
2025051904022979,AKJCL,17,32,65.0,206.9,13448.5,2025-05-19
2025051901023088,SRLI,32,43,10.0,403.0,4030.0,2025-05-19
2025051901023087,SRLI,26,43,100.0,403.0,40300.0,2025-05-19
2025051901023086,SRLI,62,43,989.0,403.1,398665.9,2025-05-19
2025051901023085,SRLI,62,43,19.0,403.2,7660.8,2025-05-19
2025051901023084,SRLI,62,43,50.0,403.3,20165.0,2025-05-19
2025051901023083,SRLI,48,43,30.0,403.3,12099.0,2025-05-19
2025051901023082,SRLI,34,43,86.0,403.4,34692.4,2025-05-19
2025051901023081,SRLI,6,43,100.0,403.5,40350.0,2025-05-19
2025051903010004,PFL,62,57,48.0,411.0,19728.0,2025-05-19
2025051901023080,BNHC,34,22,190.0,499.9,94981.0,2025-05-19
2025051901023079,BNHC,34,4,50.0,499.8,24990.0,2025-05-19
2025051901023078,BNHC,34,57,90.0,499.0,44910.0,2025-05-19
2025051901023077,BNHC,34,26,70.0,499.0,34930.0,2025-05-19
2025051903010003,LBBL,71,37,62.0,461.0,28582.0,2025-05-19
2025051904022978,CHCL,58,33,90.0,483.9,43551.0,2025-05-19
2025051904022977,CHCL,58,63,10.0,483.5,4835.0,2025-05-19
2025051904022976,NHPC,49,34,200.0,219.4,43880.0,2025-05-19
2025051905014713,HRL,47,74,12.0,991.0,11892.0,2025-05-19
2025051905014712,HRL,51,74,100.0,991.0,99100.0,2025-05-19
2025051905014711,HRL,40,74,70.0,991.0,69370.0,2025-05-19
2025051904022975,UPPER,48,59,632.0,199.0,125768.0,2025-05-19
2025051904022974,UPPER,6,59,200.0,199.0,39800.0,2025-05-19
2025051904022973,UPPER,49,59,50.0,199.0,9950.0,2025-05-19
2025051904022972,UPPER,65,59,110.0,199.0,21890.0,2025-05-19
2025051904022971,UPPER,44,59,100.0,199.0,19900.0,2025-05-19
2025051904022970,UPPER,49,59,100.0,199.0,19900.0,2025-05-19
2025051904022969,UPPER,40,59,10.0,199.0,1990.0,2025-05-19
2025051904022968,UPPER,51,59,30.0,199.0,5970.0,2025-05-19
2025051904022967,UPPER,74,59,100.0,199.0,19900.0,2025-05-19
2025051904022966,UPPER,55,59,135.0,199.0,26865.0,2025-05-19
2025051904022965,UPPER,38,59,59.0,199.0,11741.0,2025-05-19
2025051904022964,UPPER,40,59,10.0,199.1,1991.0,2025-05-19
2025051904022963,UPPER,35,59,50.0,199.1,9955.0,2025-05-19
2025051904022962,UPPER,8,59,414.0,199.2,82468.8,2025-05-19
2025051904022961,UPPER,42,59,200.0,199.5,39900.0,2025-05-19
2025051901023076,SHLB,58,25,30.0,1995.0,59850.0,2025-05-19
2025051901023075,SHLB,52,25,20.0,2000.0,40000.0,2025-05-19
2025051901023074,NBL,42,25,61.0,248.9,15182.9,2025-05-19
2025051903010002,JBBL,45,32,214.0,331.0,70834.0,2025-05-19
2025051901023073,CREST,38,32,10.0,1905.0,19050.0,2025-05-19
2025051905014710,NTC,58,78,450.0,864.0,388800.0,2025-05-19
2025051905014709,NTC,45,78,50.0,864.0,43200.0,2025-05-19
2025051905014708,NTC,35,78,17.0,864.0,14688.0,2025-05-19
2025051905014707,NTC,17,78,20.0,864.0,17280.0,2025-05-19
2025051905014706,NTC,44,78,10.0,864.0,8640.0,2025-05-19
2025051905014705,NTC,58,78,17.0,864.0,14688.0,2025-05-19
2025051901023072,NMB,45,44,16.0,239.7,3835.2,2025-05-19
2025051903010001,NLIC,22,39,307.0,754.0,231478.0,2025-05-19
2025051904022960,DHPL,41,22,40.0,339.0,13560.0,2025-05-19
2025051904022959,DHPL,29,22,10.0,339.0,3390.0,2025-05-19
2025051904022958,DHPL,58,22,50.0,339.1,16955.0,2025-05-19
2025051904022957,DHPL,58,22,50.0,339.1,16955.0,2025-05-19
2025051903010000,NFS,4,44,10.0,608.0,6080.0,2025-05-19
2025051901023071,MAKAR,14,26,10.0,652.9,6529.0,2025-05-19
2025051904022956,UPPER,42,50,300.0,199.3,59790.0,2025-05-19
2025051904022955,SPDL,16,7,110.0,357.3,39303.0,2025-05-19
2025051904022954,SPDL,22,7,280.0,358.0,100240.0,2025-05-19
2025051901023070,NMIC,17,42,10.0,1947.0,19470.0,2025-05-19
2025051904022953,MHNL,17,64,500.0,257.9,128950.0,2025-05-19
2025051904022952,KKHC,1,36,50.0,344.0,17200.0,2025-05-19
2025051903009999,NLIC,34,39,223.0,754.0,168142.0,2025-05-19
2025051903009998,SJLIC,33,34,10.0,433.0,4330.0,2025-05-19
2025051903009997,MLBL,34,49,1000.0,392.9,392900.0,2025-05-19
2025051901023069,USHEC,32,6,30.0,470.1,14103.0,2025-05-19
2025051901023068,USHEC,56,6,100.0,470.2,47020.0,2025-05-19
2025051904022951,AKPL,42,55,100.0,241.0,24100.0,2025-05-19
2025051904022950,SHEL,58,58,838.0,264.1,221315.8,2025-05-19
2025051904022949,SHEL,41,58,110.0,264.5,29095.0,2025-05-19
2025051901023067,CREST,55,58,10.0,1905.0,19050.0,2025-05-19
2025051903009996,PFL,58,58,20.0,410.0,8200.0,2025-05-19
2025051904022948,NHPC,81,52,500.0,218.9,109450.0,2025-05-19
2025051904022947,SHEL,57,74,100.0,264.6,26460.0,2025-05-19
2025051904022946,UPCL,48,35,20.0,398.0,7960.0,2025-05-19
2025051901023066,PRVU,22,22,190.0,199.6,37924.0,2025-05-19
2025051901023065,PRVU,41,22,10.0,199.6,1996.0,2025-05-19
2025051901023064,ULBSL,38,51,150.0,3308.0,496200.0,2025-05-19
2025051904022945,SHL,16,32,100.0,555.0,55500.0,2025-05-19
2025051904022944,AKPL,42,43,700.0,241.0,168700.0,2025-05-19
2025051904022943,RURU,38,16,10.0,689.0,6890.0,2025-05-19
2025051905014704,NRIC,6,48,50.0,1314.0,65700.0,2025-05-19
2025051904022942,UPCL,48,97,2800.0,398.0,1114400.0,2025-05-19
2025051904022941,CGH,21,34,10.0,896.0,8960.0,2025-05-19
2025051904022940,TRH,34,43,10.0,1010.0,10100.0,2025-05-19
2025051905014703,GCIL,49,6,11.0,496.1,5457.1,2025-05-19
2025051904022939,UMHL,52,34,36.0,507.2,18259.2,2025-05-19
2025051904022938,UMHL,67,34,500.0,507.3,253650.0,2025-05-19
2025051904022937,UMHL,42,34,195.0,507.4,98943.0,2025-05-19
2025051904022936,UMHL,52,34,269.0,508.0,136652.0,2025-05-19
2025051901023063,NBL,8,13,488.0,249.9,121951.2,2025-05-19
2025051901023062,NBL,8,58,100.0,249.9,24990.0,2025-05-19
2025051901023061,NBL,8,45,1000.0,249.9,249900.0,2025-05-19
2025051901023060,NBL,8,16,500.0,249.8,124900.0,2025-05-19
2025051901023059,NBL,8,29,200.0,249.8,49960.0,2025-05-19
2025051901023058,NBL,8,22,50.0,249.7,12485.0,2025-05-19
2025051901023057,NBL,8,13,500.0,249.5,124750.0,2025-05-19
2025051901023056,NBL,8,21,20.0,249.0,4980.0,2025-05-19
2025051901023055,NBL,8,13,500.0,249.0,124500.0,2025-05-19
2025051901023054,NBL,8,28,100.0,249.0,24900.0,2025-05-19
2025051901023053,NBL,8,29,42.0,249.0,10458.0,2025-05-19
2025051904022935,CGH,21,38,40.0,896.0,35840.0,2025-05-19
2025051905014702,SAHAS,47,74,80.0,524.0,41920.0,2025-05-19
2025051901023052,PPL,48,25,40.0,489.1,19564.0,2025-05-19
2025051901023051,RHGCL,52,13,100.0,550.0,55000.0,2025-05-19
2025051901023050,NMIC,49,57,10.0,1946.0,19460.0,2025-05-19
2025051904022934,NGPL,21,32,128.0,359.0,45952.0,2025-05-19
2025051904022933,NGPL,21,57,500.0,359.0,179500.0,2025-05-19
2025051904022932,NGPL,21,14,50.0,359.0,17950.0,2025-05-19
2025051904022931,NGPL,21,29,150.0,359.0,53850.0,2025-05-19
2025051904022930,NGPL,21,16,260.0,359.0,93340.0,2025-05-19
2025051904022929,NGPL,21,58,100.0,359.0,35900.0,2025-05-19
2025051904022928,NGPL,21,45,80.0,359.0,28720.0,2025-05-19
2025051904022927,NGPL,21,34,32.0,359.0,11488.0,2025-05-19
2025051904022926,NLG,35,26,30.0,811.0,24330.0,2025-05-19
2025051904022925,NLG,35,45,70.0,811.0,56770.0,2025-05-19
2025051901023049,JBLB,39,45,40.0,1291.0,51640.0,2025-05-19
2025051901023048,JBLB,49,45,30.0,1291.0,38730.0,2025-05-19
2025051903009995,SIFC,34,16,20.0,495.0,9900.0,2025-05-19
2025051901023047,GVL,1,41,30.0,443.0,13290.0,2025-05-19
2025051901023046,GVL,1,7,420.0,443.0,186060.0,2025-05-19
2025051903009994,GRDBL,6,42,30.0,1061.6,31848.0,2025-05-19
2025051901023045,CREST,7,17,10.0,1905.0,19050.0,2025-05-19
2025051904022924,KPCL,66,87,100.0,528.2,52820.0,2025-05-19
2025051904022923,IGI,49,17,50.0,546.0,27300.0,2025-05-19
2025051901023044,KBL,67,36,97.0,198.0,19206.0,2025-05-19
2025051901023043,KBL,67,55,100.0,198.0,19800.0,2025-05-19
2025051903009993,WNLB,48,64,26.0,2444.0,63544.0,2025-05-19
2025051904022922,AKJCL,38,6,180.0,206.7,37206.0,2025-05-19
2025051904022921,AKJCL,1,6,10.0,206.7,2067.0,2025-05-19
2025051904022920,AKJCL,56,6,200.0,206.7,41340.0,2025-05-19
2025051904022919,AKJCL,57,6,110.0,206.8,22748.0,2025-05-19
2025051904022918,CHL,43,25,38.0,304.0,11552.0,2025-05-19
2025051904022917,HURJA,38,48,800.0,251.5,201200.0,2025-05-19
2025051904022916,HURJA,38,34,36.0,251.5,9054.0,2025-05-19
2025051904022915,HURJA,38,6,142.0,251.4,35698.8,2025-05-19
2025051903009992,HLI,58,49,82.0,406.0,33292.0,2025-05-19
2025051905014701,HRL,74,45,200.0,992.0,198400.0,2025-05-19
2025051901023042,SARBTM,22,59,72.0,831.0,59832.0,2025-05-19
2025051904022914,NLG,55,58,75.0,810.0,60750.0,2025-05-19
2025051901023041,CREST,38,35,10.0,1904.1,19041.0,2025-05-19
2025051904022913,KKHC,1,41,56.0,344.0,19264.0,2025-05-19
2025051901023040,GMLI,55,22,10.0,2623.0,26230.0,2025-05-19
2025051904022912,SICL,41,58,100.0,740.0,74000.0,2025-05-19
2025051904022911,AKJCL,36,32,235.0,206.9,48621.5,2025-05-19
2025051904022910,AKJCL,36,45,265.0,206.9,54828.5,2025-05-19
2025051905014700,SMJC,48,45,10.0,502.0,5020.0,2025-05-19
2025051901023039,KBL,97,13,22.0,197.2,4338.4,2025-05-19
2025051901023038,MKHC,34,54,10.0,415.0,4150.0,2025-05-19
2025051901023037,MKJC,55,52,200.0,494.0,98800.0,2025-05-19
2025051903009991,PROFL,49,1,100.0,494.0,49400.0,2025-05-19
2025051904022909,JOSHI,77,59,322.0,382.0,123004.0,2025-05-19
2025051904022908,JOSHI,77,48,344.0,381.9,131373.6,2025-05-19
2025051901023036,BHL,45,49,55.0,215.2,11836.0,2025-05-19
2025051904022907,HPPL,1,82,65.0,492.6,32019.0,2025-05-19
2025051901023035,SRLI,34,49,91.0,403.4,36709.4,2025-05-19
2025051903009990,SMFBS,58,59,15.0,1731.0,25965.0,2025-05-19
2025051905014699,HDL,57,36,20.0,1218.0,24360.0,2025-05-19
2025051905014698,HDL,57,53,10.0,1217.8,12178.0,2025-05-19
2025051901023034,ULBSL,38,57,10.0,3308.0,33080.0,2025-05-19
2025051901023033,BHDC,57,71,104.0,457.0,47528.0,2025-05-19
2025051905014697,CLI,57,48,100.0,482.0,48200.0,2025-05-19
2025051901023032,SNLI,35,35,15.0,488.0,7320.0,2025-05-19
2025051901023031,CREST,38,68,10.0,1904.1,19041.0,2025-05-19
2025051904022906,NGPL,64,34,28.0,359.0,10052.0,2025-05-19
2025051904022905,NGPL,64,33,3842.0,359.0,1379278.0,2025-05-19
2025051904022904,NGPL,64,34,200.0,358.9,71780.0,2025-05-19
2025051904022903,NGPL,64,38,41.0,358.9,14714.9,2025-05-19
2025051904022902,NGPL,64,52,160.0,358.9,57424.0,2025-05-19
2025051904022901,NGPL,64,58,729.0,358.9,261638.1,2025-05-19
2025051904022900,UPPER,8,19,86.0,199.2,17131.2,2025-05-19
2025051904022899,UPPER,58,19,14.0,199.2,2788.8,2025-05-19
2025051904022898,CHL,7,17,60.0,301.9,18114.0,2025-05-19
2025051904022897,CHL,50,17,100.0,302.0,30200.0,2025-05-19
2025051904022896,CHL,6,17,600.0,302.0,181200.0,2025-05-19
2025051904022895,CHL,38,17,100.0,302.0,30200.0,2025-05-19
2025051904022894,CHL,29,17,230.0,302.0,69460.0,2025-05-19
2025051904022893,CHL,44,17,110.0,302.0,33220.0,2025-05-19
2025051904022892,CHL,44,17,50.0,302.0,15100.0,2025-05-19
2025051904022891,CHL,39,17,50.0,302.2,15110.0,2025-05-19
2025051904022890,CHL,94,17,175.0,302.2,52885.0,2025-05-19
2025051904022889,CHL,49,17,95.0,303.0,28785.0,2025-05-19
2025051901023030,MBL,22,53,70.0,215.9,15113.0,2025-05-19
2025051901023029,MBL,22,45,30.0,215.0,6450.0,2025-05-19
2025051905014696,SAHAS,47,90,40.0,524.0,20960.0,2025-05-19
2025051904022888,HPPL,1,3,15.0,492.6,7389.0,2025-05-19
2025051904022887,BPCL,62,38,10.0,452.0,4520.0,2025-05-19
2025051905014695,SAHAS,62,90,10.0,524.0,5240.0,2025-05-19
2025051905014694,SAHAS,62,35,50.0,524.0,26200.0,2025-05-19
2025051905014693,SAHAS,62,57,40.0,523.9,20956.0,2025-05-19
2025051904022886,SICL,48,58,30.0,740.0,22200.0,2025-05-19
2025051905014692,SMATA,34,34,10.0,768.0,7680.0,2025-05-19
2025051904022885,UNHPL,29,38,105.0,320.0,33600.0,2025-05-19
2025051904022884,UNHPL,11,38,260.0,320.0,83200.0,2025-05-19
2025051904022883,UNHPL,48,38,500.0,320.0,160000.0,2025-05-19
2025051904022882,UNHPL,5,38,200.0,320.0,64000.0,2025-05-19
2025051904022881,UNHPL,45,38,1750.0,320.0,560000.0,2025-05-19
2025051904022880,UNHPL,84,38,500.0,320.1,160050.0,2025-05-19
2025051904022879,UNHPL,48,38,560.0,320.1,179256.0,2025-05-19
2025051904022878,UNHPL,42,38,250.0,320.1,80025.0,2025-05-19
2025051904022877,UNHPL,56,38,160.0,320.3,51248.0,2025-05-19
2025051904022876,UNHPL,45,38,300.0,322.0,96600.0,2025-05-19
2025051904022875,UNHPL,3,38,70.0,322.0,22540.0,2025-05-19
2025051904022874,UNHPL,11,38,100.0,322.0,32200.0,2025-05-19
2025051904022873,UNHPL,50,38,95.0,322.0,30590.0,2025-05-19
2025051903009989,SMPDA,39,49,19.0,933.1,17728.9,2025-05-19
2025051903009988,SMPDA,44,49,20.0,933.5,18670.0,2025-05-19
2025051903009987,SMPDA,39,49,50.0,933.6,46680.0,2025-05-19
2025051901023028,RFPL,49,19,50.0,468.5,23425.0,2025-05-19
2025051905014691,NRIC,25,6,28.0,1314.1,36794.8,2025-05-19
2025051904022872,AHPC,26,42,10.0,283.9,2839.0,2025-05-19
2025051905014690,HIDCL,35,34,100.0,292.0,29200.0,2025-05-19
2025051903009986,LBBL,91,37,40.0,461.0,18440.0,2025-05-19
2025051901023027,SRLI,42,55,200.0,404.0,80800.0,2025-05-19
2025051904022871,CHL,49,7,410.0,303.0,124230.0,2025-05-19
2025051905014689,NRIC,3,6,10.0,1314.1,13141.0,2025-05-19
2025051901023026,SAMAJ,62,22,15.0,2415.0,36225.0,2025-05-19
2025051904022870,JOSHI,48,48,156.0,381.9,59576.4,2025-05-19
2025051905014688,NRIC,88,6,100.0,1314.1,131410.0,2025-05-19
2025051901023025,CREST,38,55,21.0,1904.1,39986.1,2025-05-19
2025051901023024,CREST,58,55,19.0,1904.2,36179.8,2025-05-19
2025051901023023,CREST,58,55,20.0,1904.3,38086.0,2025-05-19
2025051904022869,HURJA,47,6,58.0,251.4,14581.2,2025-05-19
2025051903009985,PFL,6,57,50.0,411.0,20550.0,2025-05-19
2025051903009984,MLBSL,28,8,10.0,2288.0,22880.0,2025-05-19
2025051901023022,GBIME,43,42,50.0,218.0,10900.0,2025-05-19
2025051901023021,NMIC,41,33,20.0,1945.0,38900.0,2025-05-19
2025051901023020,NMIC,49,33,10.0,1945.0,19450.0,2025-05-19
2025051901023019,CREST,49,62,10.0,1905.0,19050.0,2025-05-19
2025051901023018,CREST,49,49,10.0,1905.0,19050.0,2025-05-19
2025051901023017,CREST,49,58,10.0,1905.0,19050.0,2025-05-19
2025051901023016,NMIC,49,35,10.0,1946.0,19460.0,2025-05-19
2025051905014687,NRM,42,53,10.0,475.0,4750.0,2025-05-19
2025051905014686,NRM,50,53,200.0,475.0,95000.0,2025-05-19
2025051905014685,NRM,35,53,35.0,475.0,16625.0,2025-05-19
2025051905014684,NRM,96,53,100.0,475.0,47500.0,2025-05-19
2025051905014683,NRM,41,53,130.0,475.0,61750.0,2025-05-19
2025051903009983,CFCL,42,37,48.0,525.0,25200.0,2025-05-19
2025051903009982,CFCL,58,37,25.0,525.0,13125.0,2025-05-19
2025051903009981,MATRI,5,45,10.0,1170.0,11700.0,2025-05-19
2025051903009980,MATRI,42,45,20.0,1171.0,23420.0,2025-05-19
2025051903009979,MATRI,42,45,20.0,1172.0,23440.0,2025-05-19
2025051904022868,PMHPL,45,19,22.0,293.0,6446.0,2025-05-19
2025051904022867,SHL,45,32,100.0,555.0,55500.0,2025-05-19
2025051905014682,PHCL,100,6,10.0,620.0,6200.0,2025-05-19
2025051905014681,PHCL,100,99,200.0,620.0,124000.0,2025-05-19
2025051905014680,PHCL,100,41,10.0,620.0,6200.0,2025-05-19
2025051905014679,PHCL,100,58,10.0,620.0,6200.0,2025-05-19
2025051905014678,PHCL,100,45,10.0,620.0,6200.0,2025-05-19
2025051905014677,PHCL,100,32,10.0,620.0,6200.0,2025-05-19
2025051905014676,PHCL,100,58,10.0,620.0,6200.0,2025-05-19
2025051905014675,PHCL,100,58,10.0,620.0,6200.0,2025-05-19
2025051905014674,PHCL,100,43,10.0,620.0,6200.0,2025-05-19
2025051905014673,PHCL,100,22,10.0,620.0,6200.0,2025-05-19
2025051905014672,PHCL,100,14,10.0,620.0,6200.0,2025-05-19
2025051905014671,PHCL,100,47,10.0,620.0,6200.0,2025-05-19
2025051905014670,PHCL,100,22,10.0,620.0,6200.0,2025-05-19
2025051905014669,PHCL,100,4,10.0,620.0,6200.0,2025-05-19
2025051905014668,PHCL,100,58,10.0,619.0,6190.0,2025-05-19
2025051905014667,PHCL,100,65,10.0,619.0,6190.0,2025-05-19
2025051905014666,PHCL,100,11,10.0,619.0,6190.0,2025-05-19
2025051905014665,PHCL,100,11,10.0,619.0,6190.0,2025-05-19
2025051905014664,PHCL,100,32,10.0,619.0,6190.0,2025-05-19
2025051905014663,PHCL,100,65,300.0,618.9,185670.0,2025-05-19
2025051905014662,PHCL,100,91,10.0,618.2,6182.0,2025-05-19
2025051905014661,PHCL,100,100,190.0,618.0,117420.0,2025-05-19
2025051905014660,PHCL,100,17,10.0,618.0,6180.0,2025-05-19
2025051905014659,PHCL,100,29,10.0,617.0,6170.0,2025-05-19
2025051905014658,PHCL,100,90,610.0,617.0,376370.0,2025-05-19
2025051905014657,PHCL,100,43,15.0,615.9,9238.5,2025-05-19
2025051905014656,PHCL,100,21,10.0,615.3,6153.0,2025-05-19
2025051905014655,PHCL,100,65,80.0,615.3,49224.0,2025-05-19
2025051905014654,PHCL,100,7,10.0,615.0,6150.0,2025-05-19
2025051905014653,PHCL,100,58,10.0,615.0,6150.0,2025-05-19
2025051905014652,PHCL,100,96,10.0,615.0,6150.0,2025-05-19
2025051905014651,PHCL,100,52,10.0,615.0,6150.0,2025-05-19
2025051905014650,PHCL,100,51,10.0,615.0,6150.0,2025-05-19
2025051905014649,PHCL,100,41,10.0,614.0,6140.0,2025-05-19
2025051905014648,PHCL,100,57,10.0,614.0,6140.0,2025-05-19
2025051905014647,PHCL,100,34,100.0,614.0,61400.0,2025-05-19
2025051905014646,PHCL,100,32,10.0,613.5,6135.0,2025-05-19
2025051905014645,PHCL,100,6,1000.0,612.0,612000.0,2025-05-19
2025051905014644,PHCL,100,57,10.0,612.0,6120.0,2025-05-19
2025051905014643,PHCL,100,35,10.0,612.0,6120.0,2025-05-19
2025051905014642,PHCL,100,57,150.0,611.0,91650.0,2025-05-19
2025051905014641,PHCL,100,53,810.0,611.0,494910.0,2025-05-19
2025051901023015,GMLI,55,42,10.0,2623.0,26230.0,2025-05-19
2025051905014640,STC,19,48,10.0,5060.0,50600.0,2025-05-19
2025051903009978,MLBL,28,49,55.0,392.9,21609.5,2025-05-19
2025051903009977,MLBL,28,17,195.0,392.5,76537.5,2025-05-19
2025051904022866,UPCL,47,97,500.0,398.0,199000.0,2025-05-19
2025051905014639,PHCL,47,53,190.0,611.0,116090.0,2025-05-19
2025051905014638,PHCL,47,68,10.0,610.0,6100.0,2025-05-19
2025051904022865,RIDI,62,11,444.0,264.0,117216.0,2025-05-19
2025051904022864,RIDI,62,56,361.0,264.0,95304.0,2025-05-19
2025051904022863,RIDI,62,46,250.0,264.0,66000.0,2025-05-19
2025051904022862,RIDI,62,6,400.0,264.0,105600.0,2025-05-19
2025051904022861,RIDI,62,45,250.0,264.0,66000.0,2025-05-19
2025051904022860,RIDI,62,7,100.0,264.0,26400.0,2025-05-19
2025051904022859,RIDI,62,64,160.0,263.9,42224.0,2025-05-19
2025051904022858,RIDI,62,59,100.0,263.5,26350.0,2025-05-19
2025051904022857,RIDI,62,49,50.0,263.4,13170.0,2025-05-19
2025051904022856,RIDI,62,28,100.0,263.0,26300.0,2025-05-19
2025051904022855,RIDI,62,41,380.0,263.0,99940.0,2025-05-19
2025051904022854,RIDI,62,91,405.0,263.0,106515.0,2025-05-19
2025051905014637,NRIC,62,6,100.0,1314.1,131410.0,2025-05-19
2025051904022853,NLG,55,83,857.0,810.0,694170.0,2025-05-19
2025051904022852,NLG,61,83,43.0,810.1,34834.3,2025-05-19
2025051904022851,NLG,1,83,100.0,810.2,81020.0,2025-05-19
2025051904022850,SHEL,8,84,500.0,264.6,132300.0,2025-05-19
2025051904022849,SHEL,41,84,500.0,264.6,132300.0,2025-05-19
2025051901023014,NWCL,77,11,13.0,920.0,11960.0,2025-05-19
2025051901023013,NWCL,77,6,27.0,920.0,24840.0,2025-05-19
2025051901023012,NWCL,77,75,10.0,920.0,9200.0,2025-05-19
2025051901023011,NWCL,77,45,10.0,920.0,9200.0,2025-05-19
2025051901023010,NWCL,77,4,10.0,920.0,9200.0,2025-05-19
2025051901023009,NWCL,77,49,10.0,920.0,9200.0,2025-05-19
2025051901023008,NWCL,77,58,20.0,919.9,18398.0,2025-05-19
2025051901023007,NWCL,77,25,50.0,919.8,45990.0,2025-05-19
2025051901023006,NWCL,77,34,70.0,919.8,64386.0,2025-05-19
2025051901023005,NWCL,77,35,10.0,919.0,9190.0,2025-05-19
2025051901023004,NWCL,77,59,60.0,919.0,55140.0,2025-05-19
2025051901023003,NWCL,77,56,10.0,919.0,9190.0,2025-05-19
2025051901023002,BHL,45,37,20.0,215.2,4304.0,2025-05-19
2025051904022848,HEI,57,13,43.0,567.8,24415.4,2025-05-19
2025051903009976,BFC,6,63,25.0,487.0,12175.0,2025-05-19
2025051903009975,GRDBL,6,50,50.0,1061.6,53080.0,2025-05-19
2025051901023001,NABIL,58,59,120.0,483.0,57960.0,2025-05-19
2025051901023000,GMLI,55,58,10.0,2623.0,26230.0,2025-05-19
2025051901022999,CREST,67,58,10.0,1906.0,19060.0,2025-05-19
2025051901022998,CREST,67,34,10.0,1906.0,19060.0,2025-05-19
2025051903009974,FMDBL,62,58,39.0,753.0,29367.0,2025-05-19
2025051903009973,FMDBL,62,13,500.0,753.0,376500.0,2025-05-19
2025051903009972,FMDBL,62,6,948.0,753.0,713844.0,2025-05-19
2025051904022847,SALICO,62,49,50.0,664.9,33245.0,2025-05-19
2025051901022997,TAMOR,60,90,50.0,506.0,25300.0,2025-05-19
2025051901022996,BHL,38,75,200.0,215.3,43060.0,2025-05-19
2025051901022995,ULBSL,38,33,90.0,3308.0,297720.0,2025-05-19
2025051903009971,SWBBL,33,57,77.0,793.0,61061.0,2025-05-19
2025051901022994,GMLI,55,66,50.0,2623.0,131150.0,2025-05-19
2025051901022993,RHGCL,58,35,426.0,548.0,233448.0,2025-05-19
2025051901022992,RHGCL,7,35,74.0,548.1,40559.4,2025-05-19
2025051901022991,BHL,45,39,100.0,215.2,21520.0,2025-05-19
2025051905014636,CHDC,32,89,88.0,2561.0,225368.0,2025-05-19
2025051901022990,CREST,11,4,10.0,1906.0,19060.0,2025-05-19
2025051901022989,CREST,11,42,10.0,1905.0,19050.0,2025-05-19
2025051905014635,GCIL,49,51,10.0,496.1,4961.0,2025-05-19
2025051905014634,ILI,42,51,10.0,453.0,4530.0,2025-05-19
2025051901022988,CREST,58,58,10.0,1905.0,19050.0,2025-05-19
2025051901022987,USHL,43,13,40.0,612.1,24484.0,2025-05-19
2025051901022986,USHL,1,13,50.0,613.1,30655.0,2025-05-19
2025051905014633,NRIC,6,48,53.0,1314.0,69642.0,2025-05-19
2025051905014632,NRN,58,99,15.0,2002.0,30030.0,2025-05-19
2025051904022846,RADHI,34,34,51.0,724.0,36924.0,2025-05-19
2025051905014631,NTC,58,78,23.0,865.0,19895.0,2025-05-19
2025051904022845,RADHI,34,25,200.0,724.0,144800.0,2025-05-19
2025051904022844,RADHI,34,33,3749.0,724.0,2714276.0,2025-05-19
2025051904022843,NGPL,33,58,10.0,358.5,3585.0,2025-05-19
2025051904022842,NGPL,34,58,20.0,358.6,7172.0,2025-05-19
2025051903009970,NICLBSL,22,75,10.0,620.0,6200.0,2025-05-19
2025051905014630,ILI,44,5,283.0,451.2,127689.6,2025-05-19
2025051905014629,ILI,58,5,38.0,451.2,17145.6,2025-05-19
2025051905014628,ILI,13,5,50.0,451.5,22575.0,2025-05-19
2025051905014627,ILI,57,5,48.0,451.9,21691.2,2025-05-19
2025051905014626,ILI,41,5,81.0,452.0,36612.0,2025-05-19
2025051901022985,SMHL,33,58,10.0,910.0,9100.0,2025-05-19
2025051901022984,NBL,42,52,139.0,248.9,34597.1,2025-05-19
2025051901022983,NBL,35,52,161.0,248.9,40072.9,2025-05-19
2025051904022841,CGH,21,36,199.0,896.0,178304.0,2025-05-19
2025051903009969,MLBL,57,34,80.0,392.4,31392.0,2025-05-19
2025051904022840,MHNL,57,64,100.0,257.9,25790.0,2025-05-19
2025051904022839,MHNL,57,50,200.0,257.7,51540.0,2025-05-19
2025051904022838,AKPL,42,91,20.0,241.0,4820.0,2025-05-19
2025051904022837,NHPC,91,34,422.0,219.4,92586.8,2025-05-19
2025051904022836,NHPC,91,43,295.0,219.0,64605.0,2025-05-19
2025051905014625,NRIC,6,45,20.0,1314.0,26280.0,2025-05-19
2025051901022982,NMIC,42,45,10.0,1945.3,19453.0,2025-05-19
2025051904022835,NGPL,45,58,200.0,358.9,71780.0,2025-05-19
2025051905014624,NRN,60,35,50.0,2005.0,100250.0,2025-05-19
2025051905014623,NRN,60,57,65.0,2004.0,130260.0,2025-05-19
2025051905014622,NRN,60,52,10.0,2004.0,20040.0,2025-05-19
2025051905014621,NRN,60,58,180.0,2004.0,360720.0,2025-05-19
2025051903009968,GBBL,55,49,500.0,395.0,197500.0,2025-05-19
2025051903009967,GBBL,55,48,135.0,394.0,53190.0,2025-05-19
2025051903009966,SFCL,37,58,10.0,488.0,4880.0,2025-05-19
2025051901022981,CREST,58,34,10.0,1905.0,19050.0,2025-05-19
2025051901022980,CREST,58,58,10.0,1905.0,19050.0,2025-05-19
2025051901022979,SHLB,80,55,10.0,2025.0,20250.0,2025-05-19
2025051901022978,SHLB,80,96,10.0,2000.0,20000.0,2025-05-19
2025051903009965,PROFL,18,1,150.0,494.0,74100.0,2025-05-19
2025051901022977,GMLI,55,40,20.0,2623.0,52460.0,2025-05-19
2025051905014620,HIDCL,32,49,1900.0,291.1,553090.0,2025-05-19
2025051905014619,HIDCL,45,49,100.0,291.1,29110.0,2025-05-19
2025051905014618,NRM,49,77,282.0,475.9,134203.8,2025-05-19
2025051905014617,NRM,49,32,300.0,475.9,142770.0,2025-05-19
2025051905014616,NRM,49,77,250.0,475.9,118975.0,2025-05-19
2025051905014615,NRM,49,38,78.0,475.8,37112.4,2025-05-19
2025051905014614,NRM,49,32,90.0,475.1,42759.0,2025-05-19
2025051903009964,SMPDA,39,21,11.0,940.0,10340.0,2025-05-19
2025051903009963,SMPDA,39,34,10.0,940.0,9400.0,2025-05-19
2025051903009962,SMPDA,39,26,29.0,940.0,27260.0,2025-05-19
2025051901022976,NMIC,42,35,10.0,1945.3,19453.0,2025-05-19
2025051903009961,JBBL,50,32,86.0,331.6,28517.6,2025-05-19
2025051901022975,NMB,4,44,11.0,239.7,2636.7,2025-05-19
2025051904022834,OHL,51,28,20.0,950.0,19000.0,2025-05-19
2025051904022833,API,41,45,50.0,294.0,14700.0,2025-05-19
2025051904022832,API,57,45,375.0,294.0,110250.0,2025-05-19
2025051904022831,UNHPL,50,16,125.0,322.0,40250.0,2025-05-19
2025051901022974,NMIC,42,54,10.0,1945.3,19453.0,2025-05-19
2025051904022830,JOSHI,48,50,10.0,381.9,3819.0,2025-05-19
2025051901022973,DORDI,49,14,240.0,437.0,104880.0,2025-05-19
2025051901022972,DORDI,4,14,250.0,437.1,109275.0,2025-05-19
2025051905014613,NRIC,6,69,19.0,1314.0,24966.0,2025-05-19
2025051903009960,RSDC,1,47,36.0,659.5,23742.0,2025-05-19
2025051904022829,CGH,20,36,100.0,896.0,89600.0,2025-05-19
2025051905014612,HRL,40,56,10.0,991.0,9910.0,2025-05-19
2025051904022828,RADHI,77,33,10.0,724.0,7240.0,2025-05-19
2025051901022971,UHEWA,56,35,15.0,572.0,8580.0,2025-05-19
2025051901022970,CYCL,58,82,27.0,1610.0,43470.0,2025-05-19
2025051901022969,CYCL,56,82,50.0,1610.0,80500.0,2025-05-19
2025051901022968,CYCL,65,82,70.0,1610.1,112707.0,2025-05-19
2025051901022967,CYCL,13,82,20.0,1610.2,32204.0,2025-05-19
2025051901022966,CYCL,54,82,15.0,1610.2,24153.0,2025-05-19
2025051901022965,CYCL,45,82,11.0,1611.0,17721.0,2025-05-19
2025051901022964,CYCL,58,82,146.0,1611.0,235206.0,2025-05-19
2025051901022963,CYCL,35,82,10.0,1612.0,16120.0,2025-05-19
2025051901022962,GMLI,55,22,89.0,2623.0,233447.0,2025-05-19
2025051901022961,CREST,58,38,10.0,1905.0,19050.0,2025-05-19
2025051903009959,GBLBS,18,51,100.0,797.0,79700.0,2025-05-19
2025051901022960,NMIC,42,58,10.0,1945.3,19453.0,2025-05-19
2025051901022959,MKCL,25,8,30.0,1500.0,45000.0,2025-05-19
2025051901022958,CREST,58,5,10.0,1905.0,19050.0,2025-05-19
2025051904022827,CGH,49,36,450.0,896.0,403200.0,2025-05-19
2025051904022826,SHL,49,32,100.0,555.0,55500.0,2025-05-19
2025051905014611,NTC,11,78,10.0,865.0,8650.0,2025-05-19
2025051905014610,NTC,45,78,30.0,865.0,25950.0,2025-05-19
2025051905014609,NTC,42,78,115.0,865.1,99486.5,2025-05-19
2025051905014608,NTC,45,78,200.0,865.2,173040.0,2025-05-19
2025051905014607,HIDCL,32,34,162.0,292.0,47304.0,2025-05-19
2025051905014606,HIDCL,32,34,728.0,292.0,212576.0,2025-05-19
2025051904022825,AHPC,18,68,25.0,283.1,7077.5,2025-05-19
2025051905014605,SMJC,32,16,160.0,500.5,80080.0,2025-05-19
2025051905014604,SMJC,19,16,320.0,501.0,160320.0,2025-05-19
2025051905014603,HIDCL,45,17,200.0,291.1,58220.0,2025-05-19
2025051904022824,NGPL,41,58,50.0,358.9,17945.0,2025-05-19
2025051905014602,SMJC,34,45,100.0,502.0,50200.0,2025-05-19
2025051905014601,NRIC,77,6,15.0,1314.1,19711.5,2025-05-19
2025051901022957,BHL,38,75,100.0,215.3,21530.0,2025-05-19
2025051905014600,HIDCL,59,34,400.0,292.0,116800.0,2025-05-19
2025051904022823,SGIC,25,38,10.0,566.0,5660.0,2025-05-19
2025051904022822,SGIC,25,44,10.0,565.5,5655.0,2025-05-19
2025051904022821,SGIC,25,45,10.0,565.0,5650.0,2025-05-19
2025051905014599,CMF2,1,52,1000.0,9.37,9370.0,2025-05-19
2025051901022956,BHPL,61,38,20.0,1063.0,21260.0,2025-05-19
2025051901022955,NESDO,49,7,10.0,1600.0,16000.0,2025-05-19
2025051904022820,NGPL,39,58,20.0,358.9,7178.0,2025-05-19
2025051901022954,GVL,35,7,40.0,443.0,17720.0,2025-05-19
2025051901022953,BHL,35,75,235.0,215.3,50595.5,2025-05-19
2025051901022952,RFPL,26,70,100.0,468.0,46800.0,2025-05-19
2025051901022951,RFPL,18,70,100.0,468.0,46800.0,2025-05-19
2025051903009958,MNBBL,38,64,90.0,362.5,32625.0,2025-05-19
2025051903009957,MNBBL,42,64,110.0,362.6,39886.0,2025-05-19
2025051905014598,ILI,41,50,44.0,452.0,19888.0,2025-05-19
2025051905014597,ILI,41,50,30.0,452.0,13560.0,2025-05-19
2025051904022819,SPDL,22,7,120.0,358.0,42960.0,2025-05-19
2025051903009956,ICFC,39,17,710.0,606.2,430402.0,2025-05-19
2025051904022818,HURJA,47,22,530.0,251.4,133242.0,2025-05-19
2025051904022817,HURJA,47,45,200.0,251.3,50260.0,2025-05-19
2025051904022816,HURJA,47,48,200.0,250.5,50100.0,2025-05-19
2025051901022950,CREST,62,62,10.0,1905.0,19050.0,2025-05-19
2025051904022815,SJCL,6,91,10.0,318.0,3180.0,2025-05-19
2025051904022814,RIDI,8,91,595.0,263.0,156485.0,2025-05-19
2025051904022813,RIDI,8,14,100.0,263.0,26300.0,2025-05-19
2025051904022812,RIDI,8,58,75.0,263.0,19725.0,2025-05-19
2025051904022811,RIDI,8,55,190.0,263.0,49970.0,2025-05-19
2025051904022810,RIDI,8,36,50.0,263.0,13150.0,2025-05-19
2025051904022809,RIDI,8,11,100.0,263.0,26300.0,2025-05-19
2025051904022808,RIDI,8,13,390.0,262.9,102531.0,2025-05-19
2025051904022807,HPPL,1,41,20.0,492.6,9852.0,2025-05-19
2025051903009955,PFL,22,57,50.0,411.0,20550.0,2025-05-19
2025051904022806,NHPC,81,38,73.0,218.9,15979.7,2025-05-19
2025051901022949,CREST,54,38,10.0,1905.0,19050.0,2025-05-19
2025051901022948,NICA,25,17,1000.0,340.9,340900.0,2025-05-19
2025051901022947,MCHL,45,33,25.0,564.0,14100.0,2025-05-19
2025051901022946,RHGCL,52,13,200.0,550.0,110000.0,2025-05-19
2025051901022945,RHGCL,52,65,50.0,549.9,27495.0,2025-05-19
2025051901022944,RHGCL,52,6,850.0,549.6,467160.0,2025-05-19
2025051901022943,RHGCL,52,22,900.0,549.0,494100.0,2025-05-19
2025051901022942,NMIC,42,57,10.0,1945.3,19453.0,2025-05-19
2025051901022941,CREST,54,57,10.0,1905.0,19050.0,2025-05-19
2025051901022940,NMIC,34,49,10.0,1946.0,19460.0,2025-05-19
2025051903009954,GBBL,49,48,100.0,394.0,39400.0,2025-05-19
2025051901022939,NMIC,34,66,10.0,1946.0,19460.0,2025-05-19
2025051901022938,CREST,41,49,10.0,1905.0,19050.0,2025-05-19
2025051904022805,UPCL,58,97,500.0,398.0,199000.0,2025-05-19
2025051903009953,SINDU,58,32,70.0,796.7,55769.0,2025-05-19
2025051901022937,ULBSL,38,45,30.0,3308.0,99240.0,2025-05-19
2025051904022804,KKHC,1,57,500.0,344.0,172000.0,2025-05-19
2025051901022936,SBL,1,44,100.0,278.9,27890.0,2025-05-19
2025051901022935,SBL,1,6,80.0,278.9,22312.0,2025-05-19
2025051905014596,CHDC,32,42,22.0,2560.0,56320.0,2025-05-19
2025051904022803,PMHPL,34,47,15.0,287.2,4308.0,2025-05-19
2025051904022802,PMHPL,22,47,135.0,288.0,38880.0,2025-05-19
2025051903009952,GMFIL,88,98,10.0,479.0,4790.0,2025-05-19
2025051905014595,NICSF,28,34,400.0,9.1,3640.0,2025-05-19
2025051904022801,KKHC,34,57,190.0,343.6,65284.0,2025-05-19
2025051904022800,NGPL,49,58,400.0,358.9,143560.0,2025-05-19
2025051905014594,NRM,58,32,10.0,475.1,4751.0,2025-05-19
2025051903009951,MLBL,32,32,100.0,392.0,39200.0,2025-05-19
2025051901022934,NICA,6,42,110.0,340.0,37400.0,2025-05-19
2025051901022933,NICA,11,42,100.0,340.0,34000.0,2025-05-19
2025051901022932,NICA,42,42,290.0,340.5,98745.0,2025-05-19
2025051901022931,HHL,13,19,345.0,429.0,148005.0,2025-05-19
2025051904022799,UNHPL,50,99,12.0,322.0,3864.0,2025-05-19
2025051904022798,UNHPL,32,99,500.0,322.2,161100.0,2025-05-19
2025051904022797,UNHPL,19,99,100.0,322.2,32220.0,2025-05-19
2025051904022796,UNHPL,42,99,25.0,322.3,8057.5,2025-05-19
2025051904022795,UNHPL,3,99,53.0,322.3,17081.9,2025-05-19
2025051904022794,LEC,53,48,100.0,213.0,21300.0,2025-05-19
2025051901022930,TAMOR,1,49,10.0,504.0,5040.0,2025-05-19
2025051905014593,GCIL,49,66,100.0,497.0,49700.0,2025-05-19
2025051904022793,UPCL,39,97,100.0,398.0,39800.0,2025-05-19
2025051904022792,UPCL,39,97,100.0,398.0,39800.0,2025-05-19
2025051904022791,API,58,34,50.0,294.5,14725.0,2025-05-19
2025051901022929,HHL,58,19,260.0,429.0,111540.0,2025-05-19
2025051901022928,CREST,55,58,10.0,1905.0,19050.0,2025-05-19
2025051901022927,MHL,72,57,35.0,619.5,21682.5,2025-05-19
2025051901022926,MHL,72,58,10.0,619.2,6192.0,2025-05-19
2025051901022925,MHL,72,22,10.0,619.2,6192.0,2025-05-19
2025051901022924,MHL,72,42,50.0,619.1,30955.0,2025-05-19
2025051901022923,MHL,72,42,50.0,619.0,30950.0,2025-05-19
2025051901022922,MHL,72,5,50.0,619.0,30950.0,2025-05-19
2025051901022921,MHL,72,38,15.0,618.9,9283.5,2025-05-19
2025051901022920,MHL,72,42,40.0,618.4,24736.0,2025-05-19
2025051901022919,MHL,72,62,40.0,618.0,24720.0,2025-05-19
2025051905014592,CHDC,16,89,100.0,2561.0,256100.0,2025-05-19
2025051904022790,SHEL,49,19,100.0,264.8,26480.0,2025-05-19
2025051904022789,SHEL,22,19,50.0,264.9,13245.0,2025-05-19
2025051904022788,CHL,49,42,495.0,303.0,149985.0,2025-05-19
2025051904022787,CHL,4,42,205.0,303.0,62115.0,2025-05-19
2025051904022786,JOSHI,47,59,500.0,382.0,191000.0,2025-05-19
2025051905014591,HRL,10,45,100.0,992.0,99200.0,2025-05-19
2025051903009950,NLIC,48,39,20.0,754.0,15080.0,2025-05-19
2025051903009949,LICN,8,50,600.0,922.9,553740.0,2025-05-19
2025051904022785,SHEL,55,58,22.0,265.0,5830.0,2025-05-19
2025051904022784,SHEL,55,59,378.0,265.0,100170.0,2025-05-19
2025051901022918,SRLI,26,55,100.0,404.0,40400.0,2025-05-19
2025051904022783,RIDI,34,13,200.0,262.9,52580.0,2025-05-19
2025051905014590,HDL,44,38,30.0,1217.0,36510.0,2025-05-19
2025051905014589,HIDCL,38,34,372.0,292.0,108624.0,2025-05-19
2025051905014588,HIDCL,38,34,628.0,292.0,183376.0,2025-05-19
2025051901022917,MBL,22,49,120.0,212.3,25476.0,2025-05-19
2025051901022916,MBL,40,49,170.0,212.5,36125.0,2025-05-19
2025051901022915,MBL,42,49,2330.0,213.0,496290.0,2025-05-19
2025051901022914,MBL,58,49,230.0,213.1,49013.0,2025-05-19
2025051901022913,MBL,43,49,100.0,213.1,21310.0,2025-05-19
2025051901022912,MBL,21,49,50.0,213.5,10675.0,2025-05-19
2025051905014587,CHDC,32,89,150.0,2561.0,384150.0,2025-05-19
2025051904022782,NGPL,58,58,50.0,358.9,17945.0,2025-05-19
2025051904022781,NGPL,36,58,501.0,358.9,179808.9,2025-05-19
2025051905014586,HDL,44,47,10.0,1216.9,12169.0,2025-05-19
2025051905014585,HRL,40,44,20.0,991.0,19820.0,2025-05-19
2025051905014584,HRL,22,44,80.0,991.0,79280.0,2025-05-19
2025051901022911,MHL,54,62,50.0,618.0,30900.0,2025-05-19
2025051904022780,API,57,17,100.0,294.0,29400.0,2025-05-19
2025051903009948,RLFL,7,17,205.0,479.0,98195.0,2025-05-19
2025051903009947,RLFL,53,17,75.0,479.1,35932.5,2025-05-19
2025051903009946,RLFL,38,17,20.0,480.0,9600.0,2025-05-19
2025051904022779,AKPL,42,50,339.0,241.0,81699.0,2025-05-19
2025051901022910,NMIC,32,42,10.0,1945.0,19450.0,2025-05-19
2025051903009945,MPFL,42,10,10.0,600.0,6000.0,2025-05-19
2025051901022909,CREST,55,13,10.0,1905.0,19050.0,2025-05-19
2025051901022908,HIDCLP,36,51,770.0,202.5,155925.0,2025-05-19
2025051901022907,HIDCLP,36,59,230.0,202.5,46575.0,2025-05-19
2025051905014583,SBCF,78,6,100.0,9.5,950.0,2025-05-19
2025051903009944,SMFBS,62,59,50.0,1739.0,86950.0,2025-05-19
2025051904022778,CHCL,38,56,100.0,483.0,48300.0,2025-05-19
2025051904022777,SHPC,22,41,320.0,563.2,180224.0,2025-05-19
2025051904022776,SHPC,22,56,180.0,563.0,101340.0,2025-05-19
2025051904022775,SHEL,56,59,10.0,265.0,2650.0,2025-05-19
2025051904022774,SSHL,56,34,200.0,232.0,46400.0,2025-05-19
2025051901022906,NMIC,32,52,10.0,1945.0,19450.0,2025-05-19
2025051904022773,SPDL,57,7,10.0,361.0,3610.0,2025-05-19
2025051903009943,SWBBL,58,11,40.0,795.0,31800.0,2025-05-19
2025051903009942,MSLB,58,21,10.0,1199.0,11990.0,2025-05-19
2025051904022772,NHPC,81,57,129.0,218.0,28122.0,2025-05-19
2025051905014582,NRIC,16,32,2.0,1290.0,2580.0,2025-05-19
2025051901022905,NMIC,32,16,10.0,1945.0,19450.0,2025-05-19
2025051904022771,UMHL,36,10,386.0,510.0,196860.0,2025-05-19
2025051904022770,UMHL,36,91,57.0,509.9,29064.3,2025-05-19
2025051904022769,UMHL,36,34,150.0,509.9,76485.0,2025-05-19
2025051904022768,UMHL,36,91,197.0,509.9,100450.3,2025-05-19
2025051904022767,UMHL,36,6,20.0,509.5,10190.0,2025-05-19
2025051904022766,UMHL,36,99,490.0,509.4,249606.0,2025-05-19
2025051904022765,UMHL,36,44,200.0,509.0,101800.0,2025-05-19
2025051901022904,GMLI,55,13,400.0,2623.0,1049200.0,2025-05-19
2025051901022903,RHGCL,37,22,100.0,549.0,54900.0,2025-05-19
2025051904022764,SHPC,21,56,270.0,563.0,152010.0,2025-05-19
2025051904022763,AKPL,22,50,100.0,241.0,24100.0,2025-05-19
2025051901022902,GMLI,55,34,30.0,2623.0,78690.0,2025-05-19
2025051901022901,NABIL,52,59,150.0,483.0,72450.0,2025-05-19
2025051901022900,NABIL,52,36,29.0,483.0,14007.0,2025-05-19
2025051901022899,NABIL,52,48,150.0,483.0,72450.0,2025-05-19
2025051901022898,NABIL,52,43,171.0,483.0,82593.0,2025-05-19
2025051904022762,NHPC,59,57,150.0,218.0,32700.0,2025-05-19
2025051904022761,NHPC,45,57,100.0,218.0,21800.0,2025-05-19
2025051904022760,NHPC,38,57,300.0,218.0,65400.0,2025-05-19
2025051904022759,NHPC,22,57,2000.0,218.0,436000.0,2025-05-19
2025051904022758,NHPC,45,57,200.0,218.0,43600.0,2025-05-19
2025051904022757,NHPC,25,57,300.0,218.0,65400.0,2025-05-19
2025051904022756,NHPC,8,57,200.0,218.0,43600.0,2025-05-19
2025051904022755,NHPC,45,57,200.0,218.0,43600.0,2025-05-19
2025051904022754,NHPC,43,57,116.0,218.0,25288.0,2025-05-19
2025051904022753,NHPC,1,57,200.0,218.1,43620.0,2025-05-19
2025051904022752,NHPC,49,57,20.0,218.5,4370.0,2025-05-19
2025051904022751,NHPC,58,57,50.0,218.5,10925.0,2025-05-19
2025051904022750,NHPC,21,57,35.0,218.8,7658.0,2025-05-19
2025051905014581,SAHAS,56,57,60.0,524.0,31440.0,2025-05-19
2025051901022897,NABIL,49,43,224.0,483.0,108192.0,2025-05-19
2025051903009941,NLIC,34,51,277.0,753.1,208608.7,2025-05-19
2025051904022749,SHL,64,32,100.0,555.0,55500.0,2025-05-19
2025051903009940,SIFC,34,45,265.0,495.0,131175.0,2025-05-19
2025051903009939,SIFC,45,45,10.0,495.0,4950.0,2025-05-19
2025051903009938,SIFC,55,45,25.0,495.0,12375.0,2025-05-19
2025051905014580,HRL,22,45,20.0,991.0,19820.0,2025-05-19
2025051903009937,MERO,26,44,18.0,736.1,13249.8,2025-05-19
2025051903009936,MERO,42,44,25.0,736.3,18407.5,2025-05-19
2025051901022896,BHL,7,75,100.0,215.3,21530.0,2025-05-19
2025051904022748,BARUN,95,58,350.0,537.0,187950.0,2025-05-19
2025051904022747,CHL,58,25,30.0,304.0,9120.0,2025-05-19
2025051905014579,SMJC,48,45,50.0,502.0,25100.0,2025-05-19
2025051903009935,MLBBL,40,58,90.0,1488.0,133920.0,2025-05-19
2025051903009934,MLBBL,40,5,10.0,1487.0,14870.0,2025-05-19
2025051901022895,SANIMA,49,34,50.0,306.2,15310.0,2025-05-19
2025051904022746,CHL,58,25,10.0,304.0,3040.0,2025-05-19
2025051904022745,CHL,41,25,51.0,304.0,15504.0,2025-05-19
2025051904022744,CHL,16,25,137.0,304.0,41648.0,2025-05-19
2025051904022743,SPDL,38,25,10.0,359.0,3590.0,2025-05-19
2025051904022742,CHL,16,57,163.0,304.0,49552.0,2025-05-19
2025051904022741,CHL,55,57,45.0,304.0,13680.0,2025-05-19
2025051903009933,NUBL,14,57,50.0,681.9,34095.0,2025-05-19
2025051901022894,JBLB,49,17,10.0,1291.0,12910.0,2025-05-19
2025051901022893,MKJC,32,52,100.0,494.0,49400.0,2025-05-19
2025051904022740,SHPC,21,85,400.0,563.0,225200.0,2025-05-19
2025051905014578,SMJC,42,45,11.0,502.0,5522.0,2025-05-19
2025051905014577,SMJC,7,45,20.0,502.1,10042.0,2025-05-19
2025051901022892,CREST,55,45,10.0,1905.0,19050.0,2025-05-19
2025051903009932,JBBL,50,32,14.0,331.6,4642.4,2025-05-19
2025051903009931,PFL,58,58,21.0,410.0,8610.0,2025-05-19
2025051903009930,PFL,25,58,105.0,410.0,43050.0,2025-05-19
2025051901022891,SANIMA,58,13,45.0,307.0,13815.0,2025-05-19
2025051901022890,SANIMA,58,59,368.0,307.0,112976.0,2025-05-19
2025051903009929,PFL,58,57,10.0,411.0,4110.0,2025-05-19
2025051901022889,BHDC,14,71,50.0,457.0,22850.0,2025-05-19
2025051901022888,BHDC,58,71,10.0,457.0,4570.0,2025-05-19
2025051903009928,PROFL,49,8,171.0,493.1,84320.1,2025-05-19
2025051904022739,RADHI,77,33,10.0,724.0,7240.0,2025-05-19
2025051903009927,SFCL,37,32,15.0,488.0,7320.0,2025-05-19
2025051903009926,SFCL,37,28,380.0,488.0,185440.0,2025-05-19
2025051903009925,SFCL,37,48,25.0,487.8,12195.0,2025-05-19
2025051904022738,DHPL,41,74,20.0,343.0,6860.0,2025-05-19
2025051901022887,CREST,55,34,10.0,1905.0,19050.0,2025-05-19
2025051904022737,RADHI,58,33,18.0,724.0,13032.0,2025-05-19
2025051904022736,RADHI,16,33,150.0,724.0,108600.0,2025-05-19
2025051904022735,RADHI,58,33,30.0,724.0,21720.0,2025-05-19
2025051904022734,RADHI,33,33,33.0,724.0,23892.0,2025-05-19
2025051905014576,MEL,26,58,10.0,306.4,3064.0,2025-05-19
2025051905014575,MEL,26,16,990.0,306.4,303336.0,2025-05-19
2025051901022886,CREST,55,4,10.0,1905.0,19050.0,2025-05-19
2025051903009924,HLI,58,49,38.0,406.0,15428.0,2025-05-19
2025051903009923,HLI,46,49,19.0,406.0,7714.0,2025-05-19
2025051903009922,HLI,19,49,40.0,406.0,16240.0,2025-05-19
2025051903009921,HLI,42,49,400.0,406.0,162400.0,2025-05-19
2025051903009920,HLI,8,49,20.0,406.0,8120.0,2025-05-19
2025051903009919,HLI,48,49,100.0,406.0,40600.0,2025-05-19
2025051903009918,HLI,49,49,175.0,406.0,71050.0,2025-05-19
2025051903009917,HLI,34,49,100.0,406.0,40600.0,2025-05-19
2025051903009916,HLI,38,49,50.0,406.0,20300.0,2025-05-19
2025051903009915,HLI,89,49,58.0,406.0,23548.0,2025-05-19
2025051904022733,SHL,96,32,300.0,555.0,166500.0,2025-05-19
2025051904022732,SHL,48,32,800.0,555.0,444000.0,2025-05-19
2025051904022731,NGPL,51,33,2000.0,359.0,718000.0,2025-05-19
2025051904022730,RADHI,86,6,500.0,724.8,362400.0,2025-05-19
2025051901022885,NMIC,64,58,10.0,1946.0,19460.0,2025-05-19
2025051901022884,NMIC,64,38,10.0,1946.0,19460.0,2025-05-19
2025051904022729,RADHI,45,6,50.0,724.8,36240.0,2025-05-19
2025051904022728,CHL,48,7,90.0,304.1,27369.0,2025-05-19
2025051901022883,CREST,36,58,10.0,1906.0,19060.0,2025-05-19
2025051901022882,CREST,36,11,10.0,1906.0,19060.0,2025-05-19
2025051901022881,SPC,58,33,10.0,516.8,5168.0,2025-05-19
2025051901022880,SPC,58,45,10.0,515.5,5155.0,2025-05-19
2025051905014574,CLI,58,48,10.0,482.0,4820.0,2025-05-19
2025051905014573,NRIC,48,6,24.0,1314.1,31538.4,2025-05-19
2025051905014572,NRIC,37,6,20.0,1314.2,26284.0,2025-05-19
2025051904022727,HURJA,6,48,100.0,250.5,25050.0,2025-05-19
2025051901022879,MLBS,47,6,10.0,1640.0,16400.0,2025-05-19
2025051901022878,CREST,55,84,10.0,1905.0,19050.0,2025-05-19
2025051901022877,CREST,55,49,10.0,1905.0,19050.0,2025-05-19
2025051901022876,CREST,55,35,10.0,1905.0,19050.0,2025-05-19
2025051901022875,CREST,55,58,10.0,1905.0,19050.0,2025-05-19
2025051901022874,CREST,55,42,10.0,1905.0,19050.0,2025-05-19
2025051901022873,SANIMA,41,59,20.0,307.0,6140.0,2025-05-19
2025051901022872,NMIC,21,58,10.0,1945.1,19451.0,2025-05-19
2025051904022726,GLH,34,53,22.0,263.0,5786.0,2025-05-19
2025051901022871,HIDCLP,34,42,500.0,202.4,101200.0,2025-05-19
2025051901022870,HIDCLP,34,6,400.0,202.4,80960.0,2025-05-19
2025051903009914,ALICL,34,44,10.0,718.9,7189.0,2025-05-19
2025051904022725,NICL,56,26,180.0,775.0,139500.0,2025-05-19
2025051904022724,NICL,52,26,20.0,778.0,15560.0,2025-05-19
2025051904022723,GHL,44,26,47.0,262.0,12314.0,2025-05-19
2025051904022722,GHL,7,26,88.0,262.0,23056.0,2025-05-19
2025051904022721,GHL,52,26,65.0,262.5,17062.5,2025-05-19
2025051904022720,NGPL,57,33,200.0,359.0,71800.0,2025-05-19
2025051905014571,HIDCL,43,34,872.0,292.0,254624.0,2025-05-19
2025051905014570,HIDCL,43,13,50.0,292.0,14600.0,2025-05-19
2025051905014569,HIDCL,43,94,78.0,292.0,22776.0,2025-05-19
2025051901022869,GMLI,55,4,10.0,2623.0,26230.0,2025-05-19
2025051905014568,NRIC,48,35,256.0,1314.1,336409.6,2025-05-19
2025051904022719,GLH,13,49,390.0,261.5,101985.0,2025-05-19
2025051903009913,SLBBL,56,49,10.0,842.0,8420.0,2025-05-19
2025051901022868,MHCL,65,91,10.0,483.0,4830.0,2025-05-19
2025051903009912,NMFBS,82,28,593.0,1200.1,711659.3,2025-05-19
2025051903009911,NMFBS,95,28,10.0,1203.0,12030.0,2025-05-19
2025051903009910,NMFBS,95,28,10.0,1205.0,12050.0,2025-05-19
2025051903009909,NMFBS,43,28,50.0,1205.1,60255.0,2025-05-19
2025051903009908,NMFBS,95,28,10.0,1206.0,12060.0,2025-05-19
2025051903009907,NMFBS,35,28,19.0,1220.0,23180.0,2025-05-19
2025051903009906,NMFBS,49,28,308.0,1220.1,375790.8,2025-05-19
2025051901022867,GMLI,55,58,200.0,2623.0,524600.0,2025-05-19
2025051904022718,UPPER,58,42,36.0,199.2,7171.2,2025-05-19
2025051901022866,HIDCLP,94,48,2289.0,202.0,462378.0,2025-05-19
2025051901022865,JBLB,26,8,15.0,1290.0,19350.0,2025-05-19
2025051901022864,SIKLES,22,37,20.0,950.0,19000.0,2025-05-19
2025051904022717,NLG,61,5,100.0,810.1,81010.0,2025-05-19
2025051905014567,MBJC,43,26,90.0,312.7,28143.0,2025-05-19
2025051903009905,SWBBL,39,11,23.0,795.0,18285.0,2025-05-19
2025051904022716,SICL,57,58,20.0,740.0,14800.0,2025-05-19
2025051901022863,DLBS,58,57,45.0,1426.0,64170.0,2025-05-19
2025051901022862,NICA,43,17,100.0,340.9,34090.0,2025-05-19
2025051904022715,GHL,52,68,200.0,262.5,52500.0,2025-05-19
2025051904022714,AKPL,59,32,140.0,240.1,33614.0,2025-05-19
2025051905014566,NRIC,48,98,720.0,1314.1,946152.0,2025-05-19
2025051905014565,NRIC,86,98,80.0,1314.1,105128.0,2025-05-19
2025051901022861,EHPL,70,69,40.0,579.1,23164.0,2025-05-19
2025051901022860,BHL,45,10,200.0,215.2,43040.0,2025-05-19
2025051901022859,KBL,19,13,78.0,197.2,15381.6,2025-05-19
2025051903009904,KSBBL,46,66,13.0,449.0,5837.0,2025-05-19
2025051904022713,SHEL,59,59,100.0,265.0,26500.0,2025-05-19
2025051904022712,SHEL,94,59,512.0,265.0,135680.0,2025-05-19
2025051905014564,HDL,59,5,20.0,1216.2,24324.0,2025-05-19
2025051905014563,HDL,34,5,30.0,1216.7,36501.0,2025-05-19
2025051903009903,SLBBL,56,56,10.0,842.0,8420.0,2025-05-19
2025051903009902,MSLB,7,22,10.0,1198.0,11980.0,2025-05-19
2025051901022858,NIMB,8,52,10.0,206.0,2060.0,2025-05-19
2025051904022711,AKPL,52,50,200.0,241.0,48200.0,2025-05-19
2025051904022710,CHCL,38,49,368.0,483.0,177744.0,2025-05-19
2025051904022709,UPCL,47,38,116.0,398.9,46272.4,2025-05-19
2025051905014562,ILI,39,5,80.0,453.4,36272.0,2025-05-19
2025051905014561,NRN,58,4,10.0,2002.0,20020.0,2025-05-19
2025051904022708,SHEL,94,49,71.0,265.0,18815.0,2025-05-19
2025051904022707,AKPL,49,50,100.0,241.0,24100.0,2025-05-19
2025051905014560,HRL,64,45,500.0,992.0,496000.0,2025-05-19
2025051901022857,SPC,11,45,40.0,516.0,20640.0,2025-05-19
2025051905014559,NIFRA,25,17,10.0,275.6,2756.0,2025-05-19
2025051901022856,CZBIL,45,48,20.0,201.1,4022.0,2025-05-19
2025051904022706,UNHPL,6,38,100.0,323.0,32300.0,2025-05-19
2025051904022705,RADHI,33,58,22.0,724.0,15928.0,2025-05-19
2025051901022855,MEHL,42,5,25.0,440.0,11000.0,2025-05-19
2025051904022704,BPCL,17,21,1850.0,450.1,832685.0,2025-05-19
2025051904022703,BPCL,7,21,50.0,450.2,22510.0,2025-05-19
2025051904022702,BPCL,45,21,50.0,450.2,22510.0,2025-05-19
2025051904022701,BPCL,56,21,50.0,450.2,22510.0,2025-05-19
2025051905014558,NRN,58,34,50.0,2002.0,100100.0,2025-05-19
2025051904022700,SICL,26,58,100.0,740.0,74000.0,2025-05-19
2025051901022854,NMIC,32,34,10.0,1945.0,19450.0,2025-05-19
2025051901022853,SNLI,39,36,2.0,485.0,970.0,2025-05-19
2025051904022699,HDHPC,57,6,70.0,202.0,14140.0,2025-05-19
2025051904022698,HDHPC,57,32,370.0,202.0,74740.0,2025-05-19
2025051904022697,HDHPC,57,59,173.0,201.9,34928.7,2025-05-19
2025051904022696,HDHPC,57,62,340.0,201.9,68646.0,2025-05-19
2025051904022695,HDHPC,57,6,75.0,201.5,15112.5,2025-05-19
2025051904022694,HDHPC,57,62,500.0,201.4,100700.0,2025-05-19
2025051904022693,SJCL,62,35,10.0,317.5,3175.0,2025-05-19
2025051905014557,HIDCL,45,32,200.0,291.1,58220.0,2025-05-19
2025051903009901,ALICL,57,49,281.0,718.0,201758.0,2025-05-19
2025051903009900,ALICL,57,49,19.0,718.1,13643.9,2025-05-19
2025051904022692,UPPER,45,42,50.0,199.2,9960.0,2025-05-19
2025051904022691,API,57,44,525.0,294.0,154350.0,2025-05-19
2025051903009899,NLIC,32,54,59.0,753.1,44432.9,2025-05-19
2025051904022690,SHL,28,54,1000.0,556.0,556000.0,2025-05-19
2025051904022689,NGPL,47,33,100.0,359.0,35900.0,2025-05-19
2025051901022852,PBLD87,39,42,100.0,1066.0,106600.0,2025-05-19
2025051901022851,NMIC,32,6,10.0,1945.0,19450.0,2025-05-19
2025051901022850,NMIC,42,6,10.0,1945.0,19450.0,2025-05-19
2025051901022849,NMIC,43,6,10.0,1945.0,19450.0,2025-05-19
2025051901022848,NMIC,71,6,50.0,1945.0,97250.0,2025-05-19
2025051901022847,NMIC,32,6,10.0,1945.0,19450.0,2025-05-19
2025051901022846,NMIC,53,6,10.0,1945.1,19451.0,2025-05-19
2025051901022845,MKHC,38,74,15.0,413.0,6195.0,2025-05-19
2025051901022844,SHLB,80,49,155.0,2000.0,310000.0,2025-05-19
2025051904022688,SHL,58,32,100.0,556.0,55600.0,2025-05-19
2025051903009898,GFCL,55,41,170.0,646.6,109922.0,2025-05-19
2025051904022687,NICL,52,42,30.0,779.0,23370.0,2025-05-19
2025051901022843,NMIC,51,38,10.0,1945.1,19451.0,2025-05-19
2025051901022842,MNMF1,43,55,100.0,9.31,931.0,2025-05-19
2025051901022841,CREST,4,35,10.0,1904.0,19040.0,2025-05-19
2025051904022686,UAIL,45,44,10.0,599.1,5991.0,2025-05-19
2025051904022685,OHL,17,28,20.0,950.0,19000.0,2025-05-19
2025051904022684,OHL,51,28,10.0,950.0,9500.0,2025-05-19
2025051904022683,UAIL,42,19,40.0,600.0,24000.0,2025-05-19
2025051904022682,UAIL,42,37,10.0,599.9,5999.0,2025-05-19
2025051905014556,CLI,42,48,10.0,482.0,4820.0,2025-05-19
2025051904022681,HURJA,49,48,100.0,250.5,25050.0,2025-05-19
2025051904022680,HURJA,16,48,100.0,250.5,25050.0,2025-05-19
2025051903009897,NLIC,32,6,20.0,753.1,15062.0,2025-05-19
2025051905014555,MBJC,6,43,10.0,313.0,3130.0,2025-05-19
2025051904022679,CGH,21,41,28.0,895.1,25062.8,2025-05-19
2025051904022678,CGH,25,41,50.0,895.1,44755.0,2025-05-19
2025051904022677,CGH,34,41,12.0,895.1,10741.2,2025-05-19
2025051904022676,CGH,1,41,10.0,895.1,8951.0,2025-05-19
2025051904022675,SHPC,21,21,50.0,563.0,28150.0,2025-05-19
2025051901022840,UHEWA,16,22,10.0,569.0,5690.0,2025-05-19
2025051901022839,MKJC,48,52,50.0,494.0,24700.0,2025-05-19
2025051901022838,MKJC,34,52,100.0,495.9,49590.0,2025-05-19
2025051905014554,NRM,41,57,70.0,475.0,33250.0,2025-05-19
2025051905014553,NRM,51,57,80.0,475.0,38000.0,2025-05-19
2025051905014552,NRM,56,57,50.0,475.1,23755.0,2025-05-19
2025051905014551,NRM,34,57,50.0,475.1,23755.0,2025-05-19
2025051901022837,RFPL,48,35,100.0,468.5,46850.0,2025-05-19
2025051904022674,SHL,62,32,100.0,556.0,55600.0,2025-05-19
2025051904022673,KPCL,43,35,86.0,529.0,45494.0,2025-05-19
2025051904022672,BARUN,48,64,40.0,536.2,21448.0,2025-05-19
2025051904022671,BARUN,44,64,100.0,537.0,53700.0,2025-05-19
2025051904022670,BARUN,48,64,80.0,537.0,42960.0,2025-05-19
2025051904022669,BARUN,39,64,280.0,537.1,150388.0,2025-05-19
2025051901022836,BHL,45,55,138.0,215.2,29697.6,2025-05-19
2025051901022835,BHL,45,57,260.0,215.2,55952.0,2025-05-19
2025051904022668,NLG,61,45,857.0,810.1,694255.7,2025-05-19
2025051904022667,NLG,13,45,30.0,810.1,24303.0,2025-05-19
2025051904022666,NLG,10,45,113.0,810.2,91552.6,2025-05-19
2025051901022834,JBLB,26,45,11.0,1290.0,14190.0,2025-05-19
2025051904022665,SHL,62,44,300.0,556.0,166800.0,2025-05-19
2025051904022664,SHL,58,39,100.0,556.9,55690.0,2025-05-19
2025051901022833,NABIL,17,43,85.0,483.0,41055.0,2025-05-19
2025051901022832,NABIL,17,8,15.0,482.5,7237.5,2025-05-19
2025051901022831,RHGCL,7,48,26.0,548.1,14250.6,2025-05-19
2025051901022830,RHGCL,26,48,10.0,549.0,5490.0,2025-05-19
2025051901022829,RHGCL,58,48,100.0,549.0,54900.0,2025-05-19
2025051901022828,RHGCL,44,48,1064.0,549.0,584136.0,2025-05-19
2025051901022827,HIDCLP,94,48,500.0,202.0,101000.0,2025-05-19
2025051901022826,HIDCLP,62,48,500.0,202.1,101050.0,2025-05-19
2025051901022825,MANDU,16,6,20.0,850.0,17000.0,2025-05-19
2025051901022824,MANDU,42,6,10.0,850.0,8500.0,2025-05-19
2025051901022823,MANDU,39,6,20.0,850.0,17000.0,2025-05-19
2025051903009896,NUBL,14,8,242.0,681.9,165019.8,2025-05-19
2025051901022822,BHL,52,37,631.0,215.1,135728.1,2025-05-19
2025051901022821,BHL,41,37,500.0,215.1,107550.0,2025-05-19
2025051901022820,BHL,38,37,569.0,215.1,122391.9,2025-05-19
2025051901022819,CREST,4,56,10.0,1904.0,19040.0,2025-05-19
2025051904022663,SHL,48,21,230.0,555.0,127650.0,2025-05-19
2025051904022662,GHL,52,20,135.0,262.5,35437.5,2025-05-19
2025051901022818,EBL,90,33,500.0,624.0,312000.0,2025-05-19
2025051904022661,UMHL,11,99,10.0,509.4,5094.0,2025-05-19
2025051904022660,JOSHI,48,38,100.0,381.9,38190.0,2025-05-19
2025051903009895,LBBL,56,4,615.0,457.2,281178.0,2025-05-19
2025051903009894,LBBL,58,4,10.0,457.9,4579.0,2025-05-19
2025051904022659,AKPL,59,91,40.0,240.1,9604.0,2025-05-19
2025051901022817,UNLB,17,45,13.0,2100.3,27303.9,2025-05-19
2025051901022816,UNLB,26,45,20.0,2100.3,42006.0,2025-05-19
2025051901022815,UNLB,13,45,15.0,2101.0,31515.0,2025-05-19
2025051904022658,HDHPC,25,44,269.0,201.1,54095.9,2025-05-19
2025051901022814,BHL,38,49,300.0,215.1,64530.0,2025-05-19
2025051901022813,BHPL,34,95,10.0,1043.2,10432.0,2025-05-19
2025051904022657,UMHL,52,62,1500.0,508.0,762000.0,2025-05-19
2025051904022656,RIDI,62,13,410.0,262.9,107789.0,2025-05-19
2025051904022655,RIDI,62,64,100.0,262.8,26280.0,2025-05-19
2025051904022654,RIDI,62,57,100.0,262.0,26200.0,2025-05-19
2025051904022653,RIDI,62,14,10.0,262.0,2620.0,2025-05-19
2025051904022652,RIDI,62,4,100.0,262.0,26200.0,2025-05-19
2025051904022651,RIDI,62,57,795.0,262.0,208290.0,2025-05-19
2025051904022650,RIDI,62,78,1000.0,261.9,261900.0,2025-05-19
2025051904022649,RIDI,62,64,150.0,261.7,39255.0,2025-05-19
2025051904022648,RIDI,62,64,200.0,261.5,52300.0,2025-05-19
2025051904022647,RIDI,62,32,100.0,261.3,26130.0,2025-05-19
2025051904022646,RIDI,62,64,35.0,261.3,9145.5,2025-05-19
2025051904022645,NLG,10,42,11.0,810.2,8912.2,2025-05-19
2025051904022644,NGPL,36,3,55.0,358.9,19739.5,2025-05-19
2025051904022643,NGPL,36,44,444.0,358.9,159351.6,2025-05-19
2025051905014550,NTC,22,94,30.0,866.0,25980.0,2025-05-19
2025051904022642,PRIN,25,44,100.0,862.0,86200.0,2025-05-19
2025051901022812,CREST,4,66,10.0,1904.0,19040.0,2025-05-19
2025051903009893,NUBL,14,52,50.0,681.9,34095.0,2025-05-19
2025051903009892,NUBL,14,40,20.0,681.5,13630.0,2025-05-19
2025051904022641,SHEL,94,39,689.0,265.0,182585.0,2025-05-19
2025051904022640,RADHI,33,38,100.0,724.0,72400.0,2025-05-19
2025051903009891,NMLBBL,62,32,95.0,619.0,58805.0,2025-05-19
2025051904022639,UPCL,32,16,840.0,399.0,335160.0,2025-05-19
2025051904022638,UPCL,32,6,160.0,399.0,63840.0,2025-05-19
2025051901022811,CREST,4,35,10.0,1904.0,19040.0,2025-05-19
2025051901022810,HHL,42,69,500.0,428.2,214100.0,2025-05-19
2025051903009890,GFCL,49,38,45.0,647.0,29115.0,2025-05-19
2025051905014549,HATHY,59,19,20.0,1250.0,25000.0,2025-05-19
2025051904022637,NHPC,21,17,50.0,218.8,10940.0,2025-05-19
2025051901022809,TVCL,45,62,160.0,481.0,76960.0,2025-05-19
2025051901022808,TVCL,38,62,100.0,481.1,48110.0,2025-05-19
2025051901022807,TVCL,45,62,40.0,481.1,19244.0,2025-05-19
2025051901022806,TVCL,3,62,100.0,482.0,48200.0,2025-05-19
2025051901022805,CREST,4,42,10.0,1904.0,19040.0,2025-05-19
2025051901022804,CREST,4,42,30.0,1904.0,57120.0,2025-05-19
2025051901022803,CREST,55,42,10.0,1904.0,19040.0,2025-05-19
2025051901022802,CREST,32,42,10.0,1905.0,19050.0,2025-05-19
2025051904022636,RIDI,48,64,15.0,261.3,3919.5,2025-05-19
2025051904022635,RIDI,48,22,135.0,261.0,35235.0,2025-05-19
2025051905014548,SMJC,48,19,10.0,504.0,5040.0,2025-05-19
2025051903009889,NFS,6,44,650.0,608.0,395200.0,2025-05-19
2025051901022801,PCBL,8,44,691.0,245.4,169571.4,2025-05-19
2025051901022800,PCBL,8,38,2000.0,245.0,490000.0,2025-05-19
2025051901022799,PCBL,8,35,1000.0,245.0,245000.0,2025-05-19
2025051901022798,PCBL,8,17,99.0,245.0,24255.0,2025-05-19
2025051901022797,PCBL,8,62,110.0,244.9,26939.0,2025-05-19
2025051901022796,PCBL,8,34,100.0,244.8,24480.0,2025-05-19
2025051903009888,JFL,58,37,16.0,475.0,7600.0,2025-05-19
2025051905014547,SAHAS,56,90,200.0,524.0,104800.0,2025-05-19
2025051905014546,SAHAS,56,19,500.0,524.0,262000.0,2025-05-19
2025051905014545,SAHAS,56,55,195.0,524.0,102180.0,2025-05-19
2025051905014544,SAHAS,56,49,395.0,524.0,206980.0,2025-05-19
2025051905014543,SAHAS,56,39,100.0,524.0,52400.0,2025-05-19
2025051905014542,SAHAS,56,3,20.0,524.0,10480.0,2025-05-19
2025051905014541,SAHAS,56,53,200.0,524.0,104800.0,2025-05-19
2025051905014540,SAHAS,56,42,270.0,524.0,141480.0,2025-05-19
2025051905014539,SAHAS,56,45,60.0,523.9,31434.0,2025-05-19
2025051904022634,SSHL,56,59,30.0,232.0,6960.0,2025-05-19
2025051904022633,CHCL,32,56,50.0,482.0,24100.0,2025-05-19
2025051901022795,NMIC,58,49,10.0,1946.0,19460.0,2025-05-19
2025051903009887,PROFL,49,58,20.0,493.1,9862.0,2025-05-19
2025051905014538,HDL,34,34,20.0,1216.7,24334.0,2025-05-19
2025051901022794,CKHL,44,70,70.0,670.0,46900.0,2025-05-19
2025051904022632,KKHC,58,57,10.0,344.0,3440.0,2025-05-19
2025051904022631,KKHC,13,57,100.0,344.0,34400.0,2025-05-19
2025051904022630,HPPL,5,51,125.0,493.0,61625.0,2025-05-19
2025051904022629,KPCL,43,41,14.0,529.0,7406.0,2025-05-19
2025051901022793,RHGCL,44,44,564.0,549.0,309636.0,2025-05-19
2025051904022628,UPCL,47,87,100.0,398.9,39890.0,2025-05-19
2025051901022792,RHGCL,44,95,100.0,549.0,54900.0,2025-05-19
2025051905014537,PHCL,47,65,50.0,610.9,30545.0,2025-05-19
2025051904022627,JOSHI,14,59,100.0,382.0,38200.0,2025-05-19
2025051904022626,NICL,71,42,15.0,779.0,11685.0,2025-05-19
2025051901022791,CREST,35,42,10.0,1905.0,19050.0,2025-05-19
2025051901022790,GVL,16,55,67.0,441.2,29560.4,2025-05-19
2025051901022789,GVL,57,55,20.0,441.3,8826.0,2025-05-19
2025051901022788,GVL,57,55,233.0,441.5,102869.5,2025-05-19
2025051901022787,BNHC,34,26,300.0,499.0,149700.0,2025-05-19
2025051904022625,HEI,57,13,10.0,567.8,5678.0,2025-05-19
2025051901022786,BHL,57,57,240.0,215.2,51648.0,2025-05-19
2025051905014536,CIT,57,13,12.0,1910.0,22920.0,2025-05-19
2025051904022624,UNHPL,41,38,50.0,323.0,16150.0,2025-05-19
2025051904022623,AKJCL,45,45,250.0,206.9,51725.0,2025-05-19
2025051904022622,SHEL,94,53,728.0,265.0,192920.0,2025-05-19
2025051903009886,DDBL,42,6,20.0,788.0,15760.0,2025-05-19
2025051901022785,RHGCL,44,22,1000.0,549.0,549000.0,2025-05-19
2025051904022621,NGPL,33,57,56.0,358.5,20076.0,2025-05-19
2025051904022620,NGPL,32,57,69.0,358.8,24757.2,2025-05-19
2025051903009885,SKBBL,55,97,38.0,795.0,30210.0,2025-05-19
2025051901022784,IHL,45,34,10.0,550.0,5500.0,2025-05-19
2025051901022783,CREST,58,6,10.0,1905.0,19050.0,2025-05-19
2025051901022782,CREST,58,4,10.0,1905.0,19050.0,2025-05-19
2025051901022781,CREST,58,38,10.0,1905.0,19050.0,2025-05-19
2025051901022780,CREST,58,7,20.0,1905.0,38100.0,2025-05-19
2025051901022779,CREST,58,34,10.0,1905.0,19050.0,2025-05-19
2025051904022619,BARUN,39,58,70.0,537.1,37597.0,2025-05-19
2025051901022778,CREST,58,45,10.0,1905.0,19050.0,2025-05-19
2025051901022777,CREST,58,40,10.0,1905.0,19050.0,2025-05-19
2025051901022776,CREST,58,43,10.0,1905.0,19050.0,2025-05-19
2025051901022775,CREST,58,58,10.0,1905.0,19050.0,2025-05-19
2025051903009884,MSLB,7,34,10.0,1198.0,11980.0,2025-05-19
2025051905014535,GCIL,49,66,100.0,497.0,49700.0,2025-05-19
2025051901022774,NIMB,8,49,440.0,206.0,90640.0,2025-05-19
2025051904022618,UPCL,47,71,100.0,398.9,39890.0,2025-05-19
2025051901022773,BHDC,42,47,20.0,458.0,9160.0,2025-05-19
2025051901022772,BHDC,35,47,20.0,458.0,9160.0,2025-05-19
2025051905014534,NIFRA,17,32,25.0,276.0,6900.0,2025-05-19
2025051901022771,HIDCLP,75,6,1500.0,202.4,303600.0,2025-05-19
2025051904022617,CHL,42,64,495.0,305.0,150975.0,2025-05-19
2025051901022770,NIBLGF,36,42,2200.0,8.76,19272.0,2025-05-19
2025051901022769,NIBLGF,36,45,1600.0,8.76,14016.0,2025-05-19
2025051901022768,NIBLGF,36,38,800.0,8.76,7008.0,2025-05-19
2025051904022616,RIDI,57,22,65.0,261.0,16965.0,2025-05-19
2025051903009883,BFC,11,41,100.0,489.7,48970.0,2025-05-19
2025051904022615,GHL,7,26,1000.0,262.0,262000.0,2025-05-19
2025051904022614,AKJCL,56,26,210.0,206.7,43407.0,2025-05-19
2025051901022767,DLBS,58,35,10.0,1426.0,14260.0,2025-05-19
2025051904022613,AHPC,34,35,100.0,283.1,28310.0,2025-05-19
2025051901022766,MHL,35,42,10.0,618.4,6184.0,2025-05-19
2025051905014533,HRL,22,44,100.0,991.0,99100.0,2025-05-19
2025051901022765,NMIC,45,58,10.0,1946.0,19460.0,2025-05-19
2025051901022764,CREST,32,58,10.0,1904.0,19040.0,2025-05-19
2025051905014532,SMJC,48,19,10.0,504.0,5040.0,2025-05-19
2025051903009882,SINDU,58,13,50.0,796.7,39835.0,2025-05-19
2025051904022612,NLG,71,45,65.0,811.0,52715.0,2025-05-19
2025051901022763,NBL,42,29,58.0,249.0,14442.0,2025-05-19
2025051901022762,NBL,42,51,302.0,249.0,75198.0,2025-05-19
2025051901022761,NBL,42,13,500.0,248.9,124450.0,2025-05-19
2025051901022760,NBL,42,57,40.0,248.8,9952.0,2025-05-19
2025051905014531,NIFRA,41,42,262.0,275.5,72181.0,2025-05-19
2025051905014530,NIFRA,42,42,500.0,275.5,137750.0,2025-05-19
2025051905014529,NIFRA,21,42,52.0,275.5,14326.0,2025-05-19
2025051905014528,NIFRA,25,42,446.0,275.5,122873.0,2025-05-19
2025051905014527,NIFRA,58,42,140.0,275.6,38584.0,2025-05-19
2025051905014526,NIFRA,42,42,100.0,275.7,27570.0,2025-05-19
2025051904022611,KKHC,39,41,500.0,344.5,172250.0,2025-05-19
2025051904022610,HDHPC,25,38,128.0,201.1,25740.8,2025-05-19
2025051903009881,BFC,51,72,110.0,489.0,53790.0,2025-05-19
2025051904022609,SPDL,57,6,300.0,358.0,107400.0,2025-05-19
2025051901022759,SNLI,57,35,72.0,488.0,35136.0,2025-05-19
2025051901022758,SNLI,57,52,12.0,487.0,5844.0,2025-05-19
2025051901022757,SNLI,57,78,16.0,487.0,7792.0,2025-05-19
2025051901022756,TVCL,57,57,41.0,485.0,19885.0,2025-05-19
2025051901022755,TVCL,57,42,30.0,485.0,14550.0,2025-05-19
2025051901022754,TVCL,57,45,30.0,485.0,14550.0,2025-05-19
2025051901022753,TVCL,57,77,40.0,484.0,19360.0,2025-05-19
2025051904022608,RADHI,33,57,10.0,724.0,7240.0,2025-05-19
2025051903009880,SHINE,42,34,175.0,403.0,70525.0,2025-05-19
2025051903009879,SHINE,42,34,825.0,403.0,332475.0,2025-05-19
2025051904022607,RADHI,33,32,10.0,724.0,7240.0,2025-05-19
2025051905014525,HIDCL,91,94,200.0,292.0,58400.0,2025-05-19
2025051904022606,RHPL,16,41,250.0,382.5,95625.0,2025-05-19
2025051904022605,RHPL,16,19,990.0,382.4,378576.0,2025-05-19
2025051904022604,RHPL,16,38,10.0,382.3,3823.0,2025-05-19
2025051905014524,SAHAS,45,42,730.0,524.0,382520.0,2025-05-19
2025051905014523,SAHAS,45,57,20.0,524.0,10480.0,2025-05-19
2025051901022752,NMIC,41,58,10.0,1946.0,19460.0,2025-05-19
2025051904022603,RIDI,57,99,150.0,261.0,39150.0,2025-05-19
2025051904022602,RIDI,68,99,100.0,261.1,26110.0,2025-05-19
2025051901022751,MBLD87,39,42,25.0,1069.0,26725.0,2025-05-19
2025051904022601,RADHI,77,6,10.0,724.8,7248.0,2025-05-19
2025051901022750,NIMB,8,6,100.0,206.0,20600.0,2025-05-19
2025051905014522,NRIC,86,45,50.0,1314.1,65705.0,2025-05-19
2025051904022600,NGPL,45,44,300.0,358.9,107670.0,2025-05-19
2025051901022749,MMKJL,65,45,10.0,598.0,5980.0,2025-05-19
2025051901022748,HHL,58,19,20.0,429.0,8580.0,2025-05-19
2025051901022747,GMLI,55,49,10.0,2623.0,26230.0,2025-05-19
2025051904022599,BPCL,62,38,10.0,452.0,4520.0,2025-05-19
2025051905014521,SAHAS,14,17,80.0,523.0,41840.0,2025-05-19
2025051903009878,SFCL,42,6,200.0,487.0,97400.0,2025-05-19
2025051901022746,SRLI,42,25,40.0,404.5,16180.0,2025-05-19
2025051901022745,SRLI,42,57,400.0,404.5,161800.0,2025-05-19
2025051901022744,SRLI,42,58,12.0,404.5,4854.0,2025-05-19
2025051901022743,SRLI,42,55,10.0,404.4,4044.0,2025-05-19
2025051904022598,RADHI,77,6,130.0,724.8,94224.0,2025-05-19
2025051901022742,KBL,48,55,800.0,198.0,158400.0,2025-05-19
2025051901022741,SARBTM,22,49,53.0,831.0,44043.0,2025-05-19
2025051901022740,GMLI,55,52,10.0,2623.0,26230.0,2025-05-19
2025051905014520,MBJC,43,11,10.0,312.7,3127.0,2025-05-19
2025051904022597,NGPL,38,44,256.0,358.9,91878.4,2025-05-19
2025051903009877,SMPDA,39,13,10.0,939.9,9399.0,2025-05-19
2025051901022739,SANIMA,38,59,10.0,307.0,3070.0,2025-05-19
2025051903009876,CORBL,57,70,10.0,2109.0,21090.0,2025-05-19
2025051904022596,AHPC,34,42,10.0,283.9,2839.0,2025-05-19
2025051904022595,UPCL,47,91,200.0,398.9,79780.0,2025-05-19
2025051901022738,GMLI,55,34,10.0,2623.0,26230.0,2025-05-19
2025051901022737,NMIC,41,4,10.0,1946.0,19460.0,2025-05-19
2025051901022736,NMIC,41,49,10.0,1946.0,19460.0,2025-05-19
2025051901022735,CKHL,44,16,30.0,670.0,20100.0,2025-05-19
2025051901022734,MEHL,87,82,100.0,442.0,44200.0,2025-05-19
2025051904022594,HURJA,50,22,10.0,251.4,2514.0,2025-05-19
2025051903009875,KSBBL,21,45,484.0,446.3,216009.2,2025-05-19
2025051901022733,BHL,38,3,1131.0,215.1,243278.1,2025-05-19
2025051901022732,BHL,52,3,1205.0,215.1,259195.5,2025-05-19
2025051901022731,BHL,49,3,50.0,215.2,10760.0,2025-05-19
2025051901022730,BHL,56,3,209.0,215.2,44976.8,2025-05-19
2025051901022729,BHL,57,3,405.0,215.2,87156.0,2025-05-19
2025051901022728,ADBL,49,52,200.0,283.0,56600.0,2025-05-19
2025051904022593,SHL,48,36,400.0,555.0,222000.0,2025-05-19
2025051904022592,SHL,62,36,100.0,555.2,55520.0,2025-05-19
2025051901022727,RAWA,6,42,10.0,815.1,8151.0,2025-05-19
2025051904022591,NGPL,38,29,744.0,358.9,267021.6,2025-05-19
2025051904022590,NGPL,21,29,200.0,358.9,71780.0,2025-05-19
2025051904022589,NGPL,34,29,56.0,358.9,20098.4,2025-05-19
2025051904022588,UMRH,5,40,10.0,557.9,5579.0,2025-05-19
2025051904022587,SHL,58,32,100.0,557.0,55700.0,2025-05-19
2025051904022586,BPCL,17,21,150.0,450.1,67515.0,2025-05-19
2025051904022585,BPCL,1,21,350.0,450.1,157535.0,2025-05-19
2025051904022584,BPCL,66,66,9.0,442.0,3978.0,2025-05-19
2025051901022726,GMLI,55,43,10.0,2623.0,26230.0,2025-05-19
2025051905014519,NRM,7,38,22.0,475.8,10467.6,2025-05-19
2025051904022583,SHL,96,32,100.0,557.0,55700.0,2025-05-19
2025051905014518,GCIL,62,66,100.0,497.0,49700.0,2025-05-19
2025051901022725,NMIC,32,75,10.0,1945.1,19451.0,2025-05-19
2025051905014517,CLI,51,25,10.0,481.9,4819.0,2025-05-19
2025051901022724,RHGCL,44,89,10.0,549.0,5490.0,2025-05-19
2025051903009874,CORBL,52,70,30.0,2109.0,63270.0,2025-05-19
2025051904022582,UPCL,60,6,340.0,399.0,135660.0,2025-05-19
2025051904022581,UPCL,60,58,665.0,399.0,265335.0,2025-05-19
2025051901022723,GMLI,55,53,10.0,2623.0,26230.0,2025-05-19
2025051901022722,GMLI,55,57,10.0,2623.0,26230.0,2025-05-19
2025051903009873,MDB,47,57,104.0,604.0,62816.0,2025-05-19
2025051903009872,MDB,19,57,46.0,604.1,27788.6,2025-05-19
2025051903009871,MDB,67,57,100.0,604.2,60420.0,2025-05-19
2025051903009870,MDB,21,57,200.0,604.3,120860.0,2025-05-19
2025051903009869,MDB,54,57,100.0,605.0,60500.0,2025-05-19
2025051903009868,MDB,35,57,50.0,605.0,30250.0,2025-05-19
2025051903009867,MDB,54,57,100.0,605.0,60500.0,2025-05-19
2025051904022580,GLH,13,92,50.0,261.5,13075.0,2025-05-19
2025051904022579,GLH,52,92,500.0,261.6,130800.0,2025-05-19
2025051904022578,GLH,37,92,300.0,261.6,78480.0,2025-05-19
2025051904022577,GLH,29,92,100.0,261.6,26160.0,2025-05-19
2025051904022576,GLH,25,92,50.0,262.0,13100.0,2025-05-19
2025051904022575,AKPL,50,50,240.0,241.0,57840.0,2025-05-19
2025051901022721,NMIC,32,45,10.0,1945.1,19451.0,2025-05-19
2025051903009866,SADBL,42,96,300.0,405.0,121500.0,2025-05-19
2025051901022720,CREST,45,58,10.0,1904.0,19040.0,2025-05-19
2025051901022719,GMLI,55,58,10.0,2623.0,26230.0,2025-05-19
2025051904022574,NGPL,8,33,276.0,359.0,99084.0,2025-05-19
2025051901022718,NABIL,4,8,85.0,482.5,41012.5,2025-05-19
2025051904022573,JOSHI,42,59,265.0,382.0,101230.0,2025-05-19
2025051904022572,JOSHI,92,59,300.0,382.1,114630.0,2025-05-19
2025051901022717,NMIC,22,38,30.0,1946.0,58380.0,2025-05-19
2025051901022716,AVYAN,65,58,536.0,1003.2,537715.2,2025-05-19
2025051901022715,AVYAN,65,58,500.0,1003.3,501650.0,2025-05-19
2025051901022714,AVYAN,65,58,300.0,1007.0,302100.0,2025-05-19
2025051901022713,AVYAN,58,58,30.0,1007.0,30210.0,2025-05-19
2025051901022712,AVYAN,41,58,50.0,1008.2,50410.0,2025-05-19
2025051901022711,AVYAN,64,58,99.0,1008.2,99811.8,2025-05-19
2025051901022710,AVYAN,65,58,355.0,1008.2,357911.0,2025-05-19
2025051901022709,AVYAN,56,58,20.0,1008.3,20166.0,2025-05-19
2025051901022708,AVYAN,64,58,100.0,1008.3,100830.0,2025-05-19
2025051901022707,AVYAN,57,58,20.0,1008.3,20166.0,2025-05-19
2025051905014516,NRIC,43,55,70.0,1315.0,92050.0,2025-05-19
2025051905014515,NRIC,43,49,30.0,1314.8,39444.0,2025-05-19
2025051905014514,NRM,51,64,20.0,475.0,9500.0,2025-05-19
2025051905014513,NRM,1,64,30.0,475.0,14250.0,2025-05-19
2025051905014512,GCIL,49,38,230.0,496.1,114103.0,2025-05-19
2025051905014511,GCIL,55,38,20.0,496.4,9928.0,2025-05-19
2025051904022571,SHEL,34,53,272.0,265.0,72080.0,2025-05-19
2025051904022570,NLG,10,57,76.0,810.2,61575.2,2025-05-19
2025051903009865,PFL,79,57,24.0,411.0,9864.0,2025-05-19
2025051901022706,SBL,50,6,10.0,278.9,2789.0,2025-05-19
2025051904022569,NICL,71,56,125.0,779.0,97375.0,2025-05-19
2025051904022568,NGPL,19,33,50.0,359.0,17950.0,2025-05-19
2025051901022705,HEIP,25,55,203.0,365.5,74196.5,2025-05-19
2025051901022704,HEIP,25,34,300.0,364.0,109200.0,2025-05-19
2025051901022703,HEIP,25,55,276.0,364.0,100464.0,2025-05-19
2025051905014510,MBJC,25,68,10.0,312.7,3127.0,2025-05-19
2025051904022567,NGPL,43,33,1000.0,359.0,359000.0,2025-05-19
2025051904022566,RADHI,33,26,200.0,724.0,144800.0,2025-05-19
2025051903009864,GUFL,38,63,150.0,542.0,81300.0,2025-05-19
2025051901022702,HBL,57,59,80.0,216.0,17280.0,2025-05-19
2025051901022701,BHL,57,75,595.0,215.2,128044.0,2025-05-19
2025051904022565,NHPC,21,34,456.0,218.8,99772.8,2025-05-19
2025051904022564,LEC,58,48,11.0,213.0,2343.0,2025-05-19
2025051901022700,LSL,58,59,20.0,208.6,4172.0,2025-05-19
2025051905014509,SHIVM,36,8,1160.0,518.0,600880.0,2025-05-19
2025051904022563,UPCL,47,57,108.0,398.9,43081.2,2025-05-19
2025051904022562,UPCL,47,16,276.0,398.9,110096.4,2025-05-19
2025051904022561,UPCL,47,71,100.0,398.0,39800.0,2025-05-19
2025051904022560,SHL,62,80,200.0,555.2,111040.0,2025-05-19
2025051904022559,SICL,42,58,100.0,740.0,74000.0,2025-05-19
2025051904022558,UPPER,40,42,10.0,199.2,1992.0,2025-05-19
2025051904022557,UPPER,11,42,75.0,199.2,14940.0,2025-05-19
2025051904022556,UPPER,51,42,29.0,199.2,5776.8,2025-05-19
2025051901022699,DORDI,49,6,50.0,437.0,21850.0,2025-05-19
2025051904022555,HPPL,5,37,650.0,493.0,320450.0,2025-05-19
2025051903009863,GBBL,59,48,257.0,394.0,101258.0,2025-05-19
2025051903009862,GBBL,59,28,35.0,394.0,13790.0,2025-05-19
2025051903009861,GBBL,59,56,175.0,393.0,68775.0,2025-05-19
2025051903009860,GBBL,59,52,33.0,393.0,12969.0,2025-05-19
2025051901022698,RHGCL,25,6,450.0,549.6,247320.0,2025-05-19
2025051901022697,RHGCL,25,45,50.0,549.5,27475.0,2025-05-19
2025051904022554,API,35,81,77.0,293.0,22561.0,2025-05-19
2025051904022553,API,45,81,200.0,293.1,58620.0,2025-05-19
2025051904022552,API,57,81,723.0,294.0,212562.0,2025-05-19
2025051901022696,NMIC,35,38,20.0,1946.0,38920.0,2025-05-19
2025051901022695,SPL,7,42,20.0,800.0,16000.0,2025-05-19
2025051901022694,SPL,7,38,10.0,800.0,8000.0,2025-05-19
2025051905014508,NRIC,86,45,20.0,1314.1,26282.0,2025-05-19
2025051905014507,SHIVM,19,8,10.0,518.0,5180.0,2025-05-19
2025051905014506,NTC,49,94,50.0,866.0,43300.0,2025-05-19
2025051901022693,JBLB,1,17,5.0,1290.0,6450.0,2025-05-19
2025051901022692,JBLB,4,17,10.0,1290.0,12900.0,2025-05-19
2025051905014505,NTC,42,94,10.0,866.0,8660.0,2025-05-19
2025051904022551,SSHL,56,42,187.0,231.9,43365.3,2025-05-19
2025051904022550,SSHL,44,42,178.0,232.0,41296.0,2025-05-19
2025051901022691,SPC,11,10,10.0,516.0,5160.0,2025-05-19
2025051901022690,MNMF1,43,58,310.0,9.29,2879.9,2025-05-19
2025051901022689,MNMF1,43,35,100.0,9.27,927.0,2025-05-19
2025051901022688,MNMF1,43,75,100.0,9.27,927.0,2025-05-19
2025051901022687,NMIC,32,92,10.0,1945.1,19451.0,2025-05-19
2025051901022686,NMIC,32,91,40.0,1945.1,77804.0,2025-05-19
2025051905014504,HIDCL,51,94,50.0,292.0,14600.0,2025-05-19
2025051904022549,SHPC,44,58,1795.0,565.0,1014175.0,2025-05-19
2025051904022548,SHPC,44,42,300.0,565.0,169500.0,2025-05-19
2025051904022547,SHPC,44,19,150.0,565.0,84750.0,2025-05-19
2025051904022546,SHPC,44,36,335.0,565.0,189275.0,2025-05-19
2025051904022545,SHPC,44,48,72.0,565.0,40680.0,2025-05-19
2025051904022544,SHPC,44,45,330.0,564.9,186417.0,2025-05-19
2025051904022543,SHPC,44,80,18.0,564.9,10168.2,2025-05-19
2025051904022542,NGPL,34,50,300.0,358.9,107670.0,2025-05-19
2025051903009859,SKBBL,44,32,28.0,797.0,22316.0,2025-05-19
2025051901022685,GMLI,55,58,10.0,2623.0,26230.0,2025-05-19
2025051904022541,LEC,48,7,749.0,211.6,158488.4,2025-05-19
