transaction,symbol,buyer,seller,quantity,rate,amount,date
2024050803015685,NADEP,33,46,10.0,799.0,7990.0,2024-05-08
2024050801016918,EBL,33,14,10.0,502.0,5020.0,2024-05-08
2024050803015684,ACLBSL,62,47,100.0,902.7,90270.0,2024-05-08
2024050803015683,ILBS,62,70,10.0,1407.9,14079.0,2024-05-08
2024050801016917,MANDU,29,62,20.0,780.0,15600.0,2024-05-08
2024050803015682,GLBSL,74,35,20.0,2004.5,40090.0,2024-05-08
2024050803015681,ILBS,44,70,100.0,1407.9,140790.0,2024-05-08
2024050801016916,SANIMA,1,46,10.0,232.2,2322.0,2024-05-08
2024050801016915,HATHY,58,45,30.0,814.1,24423.0,2024-05-08
2024050803015680,EDBL,1,71,100.0,370.0,37000.0,2024-05-08
2024050803015679,RSDC,58,55,484.0,760.0,367840.0,2024-05-08
2024050803015678,RSDC,58,17,17.0,760.0,12920.0,2024-05-08
2024050803015677,RSDC,58,22,11.0,760.0,8360.0,2024-05-08
2024050803015676,RSDC,58,1,281.0,760.0,213560.0,2024-05-08
2024050803015675,RSDC,58,45,35.0,760.0,26600.0,2024-05-08
2024050803015674,RSDC,58,13,12.0,760.0,9120.0,2024-05-08
2024050803015673,RSDC,58,53,10.0,760.0,7600.0,2024-05-08
2024050803015672,RSDC,58,47,50.0,760.0,38000.0,2024-05-08
2024050803015671,RSDC,58,48,50.0,760.0,38000.0,2024-05-08
2024050803015670,RSDC,58,58,95.0,760.0,72200.0,2024-05-08
2024050803015669,RSDC,58,21,20.0,760.0,15200.0,2024-05-08
2024050803015668,RSDC,58,69,50.0,760.0,38000.0,2024-05-08
2024050803015667,RSDC,58,58,23.0,760.0,17480.0,2024-05-08
2024050803015666,RSDC,58,5,21.0,760.0,15960.0,2024-05-08
2024050803015665,RSDC,58,29,10.0,760.0,7600.0,2024-05-08
2024050803015664,RSDC,58,32,54.0,760.0,41040.0,2024-05-08
2024050803015663,RSDC,58,57,543.0,760.0,412680.0,2024-05-08
2024050803015662,RSDC,58,49,108.0,760.0,82080.0,2024-05-08
2024050803015661,RSDC,58,81,100.0,760.0,76000.0,2024-05-08
2024050803015660,RSDC,58,46,18.0,760.0,13680.0,2024-05-08
2024050803015659,RSDC,58,18,150.0,760.0,114000.0,2024-05-08
2024050803015658,RSDC,58,51,50.0,760.0,38000.0,2024-05-08
2024050803015657,RSDC,58,57,16.0,760.0,12160.0,2024-05-08
2024050803015656,RSDC,58,67,39.0,760.0,29640.0,2024-05-08
2024050803015655,RSDC,58,28,36.0,759.9,27356.4,2024-05-08
2024050803015654,RSDC,58,66,100.0,759.7,75970.0,2024-05-08
2024050803015653,RSDC,58,66,250.0,759.7,189925.0,2024-05-08
2024050803015652,RSDC,58,68,200.0,759.0,151800.0,2024-05-08
2024050803015651,RSDC,58,68,200.0,759.0,151800.0,2024-05-08
2024050803015650,RSDC,58,5,58.0,759.0,44022.0,2024-05-08
2024050803015649,RSDC,58,57,251.0,758.8,190458.8,2024-05-08
2024050803015648,RSDC,58,34,300.0,758.0,227400.0,2024-05-08
2024050803015647,RSDC,58,5,10.0,758.0,7580.0,2024-05-08
2024050803015646,RSDC,58,17,20.0,757.0,15140.0,2024-05-08
2024050803015645,RSDC,58,69,100.0,756.8,75680.0,2024-05-08
2024050803015644,RSDC,58,69,50.0,756.7,37835.0,2024-05-08
2024050803015643,RSDC,58,63,178.0,756.0,134568.0,2024-05-08
2024050801016914,MKHC,42,51,10.0,304.0,3040.0,2024-05-08
2024050801016913,MKHC,42,51,10.0,304.9,3049.0,2024-05-08
2024050805003134,CIT,45,1,20.0,2070.0,41400.0,2024-05-08
2024050805003133,CIT,14,1,15.0,2070.0,31050.0,2024-05-08
2024050803015642,MSLB,36,21,10.0,1265.0,12650.0,2024-05-08
2024050803015641,MSLB,36,5,10.0,1250.0,12500.0,2024-05-08
2024050804005400,UNHPL,36,18,10.0,216.5,2165.0,2024-05-08
2024050801016912,SHIVM,56,35,10.0,496.0,4960.0,2024-05-08
2024050803015640,SIFC,36,25,30.0,434.8,13044.0,2024-05-08
2024050801016911,MEHL,43,58,21.0,300.0,6300.0,2024-05-08
2024050804005399,JOSHI,14,45,10.0,317.0,3170.0,2024-05-08
2024050801016910,MAKAR,70,40,10.0,346.0,3460.0,2024-05-08
2024050801016909,MAKAR,70,48,40.0,345.9,13836.0,2024-05-08
2024050801016908,TSHL,60,34,310.0,517.0,160270.0,2024-05-08
2024050801016907,TSHL,60,42,240.0,512.0,122880.0,2024-05-08
2024050801016906,TSHL,60,41,50.0,512.0,25600.0,2024-05-08
2024050803015639,ICFC,60,58,10.0,524.0,5240.0,2024-05-08
2024050803015638,ALBSL,19,53,50.0,845.0,42250.0,2024-05-08
2024050803015637,SDLBSL,41,38,10.0,950.0,9500.0,2024-05-08
2024050801016905,PPL,50,25,10.0,524.0,5240.0,2024-05-08
2024050801016904,SBL,50,29,100.0,216.9,21690.0,2024-05-08
2024050803015636,MPFL,29,25,20.0,452.0,9040.0,2024-05-08
2024050801016903,EBL,39,14,10.0,502.0,5020.0,2024-05-08
2024050801016902,PPL,17,25,11.0,524.0,5764.0,2024-05-08
2024050803015635,NABBC,22,34,20.0,433.0,8660.0,2024-05-08
2024050801016901,SNLI,22,34,10.0,583.0,5830.0,2024-05-08
2024050801016900,SNLI,22,49,10.0,583.0,5830.0,2024-05-08
2024050801016899,SNLI,22,57,100.0,583.0,58300.0,2024-05-08
2024050801016898,MKCL,8,13,10.0,799.9,7999.0,2024-05-08
2024050801016897,RHGCL,69,16,10.0,334.3,3343.0,2024-05-08
2024050801016896,PPL,69,25,50.0,524.0,26200.0,2024-05-08
2024050803015634,VLBS,28,54,14.0,861.0,12054.0,2024-05-08
2024050803015633,VLBS,28,34,23.0,861.0,19803.0,2024-05-08
2024050803015632,VLBS,28,46,48.0,861.0,41328.0,2024-05-08
2024050803015631,VLBS,28,49,215.0,860.0,184900.0,2024-05-08
2024050803015630,SFCL,5,28,10.0,352.0,3520.0,2024-05-08
2024050805003132,HIDCL,34,45,100.0,159.5,15950.0,2024-05-08
2024050801016895,HHL,63,4,40.0,338.9,13556.0,2024-05-08
2024050801016894,HHL,63,16,10.0,335.0,3350.0,2024-05-08
2024050801016893,CYCL,34,49,10.0,1580.0,15800.0,2024-05-08
2024050801016892,AVYAN,34,38,60.0,824.0,49440.0,2024-05-08
2024050803015629,CFCL,77,41,27.0,395.0,10665.0,2024-05-08
2024050803015628,CFCL,77,52,500.0,395.0,197500.0,2024-05-08
2024050803015627,CFCL,77,18,50.0,395.0,19750.0,2024-05-08
2024050803015626,CFCL,77,43,673.0,395.0,265835.0,2024-05-08
2024050803015625,CFCL,77,35,50.0,394.9,19745.0,2024-05-08
2024050803015624,CFCL,77,58,400.0,394.9,157960.0,2024-05-08
2024050803015623,MERO,77,57,10.0,697.0,6970.0,2024-05-08
2024050803015622,JBBL,57,33,110.0,287.0,31570.0,2024-05-08
2024050803015621,PFL,11,69,10.0,651.0,6510.0,2024-05-08
2024050803015620,GUFL,71,35,10.0,702.9,7029.0,2024-05-08
2024050803015619,PFL,71,69,160.0,651.0,104160.0,2024-05-08
2024050803015618,PFL,71,42,40.0,651.0,26040.0,2024-05-08
2024050801016891,UNLB,48,57,10.0,1715.0,17150.0,2024-05-08
2024050801016890,KBL,48,39,20.0,130.4,2608.0,2024-05-08
2024050801016889,SGHC,32,38,10.0,314.0,3140.0,2024-05-08
2024050803015617,RLFL,42,59,10.0,384.0,3840.0,2024-05-08
2024050803015616,SDLBSL,62,38,20.0,950.0,19000.0,2024-05-08
2024050803015615,FMDBL,38,65,150.0,678.0,101700.0,2024-05-08
2024050801016888,MKHL,21,91,10.0,420.9,4209.0,2024-05-08
2024050803015614,ILBS,74,70,100.0,1407.9,140790.0,2024-05-08
2024050803015613,RSDC,58,63,153.0,756.0,115668.0,2024-05-08
2024050803015612,RSDC,58,51,30.0,756.0,22680.0,2024-05-08
2024050803015611,RSDC,58,69,77.0,756.0,58212.0,2024-05-08
2024050803015610,RSDC,58,69,50.0,755.9,37795.0,2024-05-08
2024050803015609,RSDC,58,41,49.0,755.0,36995.0,2024-05-08
2024050803015608,RSDC,58,56,73.0,755.0,55115.0,2024-05-08
2024050803015607,RSDC,58,44,200.0,755.0,151000.0,2024-05-08
2024050803015606,RSDC,58,36,50.0,755.0,37750.0,2024-05-08
2024050803015605,RSDC,58,41,250.0,755.0,188750.0,2024-05-08
2024050803015604,RSDC,58,91,50.0,754.9,37745.0,2024-05-08
2024050803015603,RSDC,58,69,100.0,754.8,75480.0,2024-05-08
2024050803015602,RSDC,58,69,10.0,754.5,7545.0,2024-05-08
2024050803015601,RSDC,58,6,500.0,754.0,377000.0,2024-05-08
2024050803015600,RSDC,58,6,500.0,754.0,377000.0,2024-05-08
2024050803015599,RSDC,58,11,40.0,754.0,30160.0,2024-05-08
2024050803015598,RSDC,58,69,10.0,754.0,7540.0,2024-05-08
2024050803015597,RSDC,58,51,24.0,753.5,18084.0,2024-05-08
2024050803015596,RSDC,58,69,50.0,753.5,37675.0,2024-05-08
2024050803015595,RSDC,58,65,21.0,752.0,15792.0,2024-05-08
2024050803015594,RSDC,58,49,50.0,750.1,37505.0,2024-05-08
2024050803015593,RSDC,58,52,200.0,750.0,150000.0,2024-05-08
2024050803015592,RSDC,58,38,43.0,750.0,32250.0,2024-05-08
2024050803015591,RSDC,58,4,50.0,749.9,37495.0,2024-05-08
2024050803015590,RSDC,58,69,420.0,749.9,314958.0,2024-05-08
2024050803015589,JFL,57,58,340.0,518.1,176154.0,2024-05-08
2024050803015588,JFL,29,58,40.0,519.0,20760.0,2024-05-08
2024050803015587,JFL,50,58,30.0,519.1,15573.0,2024-05-08
2024050804005398,NHPC,58,14,81.0,142.6,11550.6,2024-05-08
2024050804005397,NHPC,58,57,14.0,142.5,1995.0,2024-05-08
2024050801016887,KBL,58,39,76.0,130.4,9910.4,2024-05-08
2024050803015586,GUFL,39,56,658.0,691.1,454743.8,2024-05-08
2024050803015585,GUFL,59,56,160.0,691.2,110592.0,2024-05-08
2024050803015584,GUFL,34,56,50.0,694.0,34700.0,2024-05-08
2024050803015583,GUFL,1,56,10.0,694.0,6940.0,2024-05-08
2024050803015582,GUFL,57,56,30.0,694.0,20820.0,2024-05-08
2024050803015581,GUFL,57,56,100.0,694.1,69410.0,2024-05-08
2024050803015580,GUFL,57,56,84.0,694.1,58304.4,2024-05-08
2024050803015579,GUFL,22,56,3040.0,702.8,2136512.0,2024-05-08
2024050801016886,DOLTI,28,16,50.0,462.0,23100.0,2024-05-08
2024050803015578,GMFBS,16,58,101.0,1226.0,123826.0,2024-05-08
2024050803015577,GMFBS,16,49,14.0,1220.0,17080.0,2024-05-08
2024050803015576,GMFBS,16,16,50.0,1220.0,61000.0,2024-05-08
2024050803015575,GMFBS,16,36,10.0,1218.9,12189.0,2024-05-08
2024050803015574,GMFBS,16,42,25.0,1218.8,30470.0,2024-05-08
2024050804005396,KKHC,45,48,390.0,217.0,84630.0,2024-05-08
2024050805003131,NRN,60,66,10.0,490.0,4900.0,2024-05-08
2024050805003130,NRN,60,43,10.0,490.0,4900.0,2024-05-08
2024050805003129,CIT,14,45,85.0,2070.0,175950.0,2024-05-08
2024050805003128,CIT,41,45,10.0,2070.0,20700.0,2024-05-08
2024050805003127,CIT,32,45,10.0,2070.0,20700.0,2024-05-08
2024050805003126,CIT,41,45,20.0,2070.0,41400.0,2024-05-08
2024050805003125,CIT,29,45,50.0,2070.0,103500.0,2024-05-08
2024050805003124,CIT,38,45,20.0,2070.0,41400.0,2024-05-08
2024050805003123,CIT,64,45,25.0,2070.0,51750.0,2024-05-08
2024050805003122,CIT,41,45,20.0,2070.1,41402.0,2024-05-08
2024050804005395,NGPL,91,14,10.0,302.4,3024.0,2024-05-08
2024050801016885,SNLI,6,25,10.0,583.0,5830.0,2024-05-08
2024050801016884,SNLI,6,7,81.0,583.0,47223.0,2024-05-08
2024050803015573,SHINE,7,49,10.0,384.0,3840.0,2024-05-08
2024050801016883,PCBL,39,13,74.0,192.0,14208.0,2024-05-08
2024050801016882,PCBL,39,6,500.0,191.0,95500.0,2024-05-08
2024050801016881,PCBL,39,34,44.0,190.5,8382.0,2024-05-08
2024050801016880,PCBL,39,48,282.0,190.0,53580.0,2024-05-08
2024050801016879,DOLTI,28,26,100.0,462.0,46200.0,2024-05-08
2024050801016878,DOLTI,28,26,100.0,462.0,46200.0,2024-05-08
2024050805003121,NRN,18,48,10.0,490.0,4900.0,2024-05-08
2024050803015572,NABBC,18,45,21.0,432.9,9090.9,2024-05-08
2024050801016877,UHEWA,32,53,10.0,387.0,3870.0,2024-05-08
2024050801016876,MHCL,53,45,11.0,368.0,4048.0,2024-05-08
2024050804005394,UPPER,17,53,35.0,160.6,5621.0,2024-05-08
2024050804005393,UPPER,17,53,1600.0,160.6,256960.0,2024-05-08
2024050804005392,UPPER,55,53,864.0,160.6,138758.4,2024-05-08
2024050804005391,UPPER,34,53,501.0,160.7,80510.7,2024-05-08
2024050803015571,RLFL,45,81,271.0,383.2,103847.2,2024-05-08
2024050803015570,RLFL,51,81,20.0,383.6,7672.0,2024-05-08
2024050803015569,RLFL,19,81,100.0,384.0,38400.0,2024-05-08
2024050803015568,RLFL,46,81,110.0,384.1,42251.0,2024-05-08
2024050803015567,RLFL,33,81,200.0,385.0,77000.0,2024-05-08
2024050803015566,RLFL,74,81,299.0,385.0,115115.0,2024-05-08
2024050801016875,GCIL,38,5,90.0,472.5,42525.0,2024-05-08
2024050801016874,GCIL,21,5,110.0,473.0,52030.0,2024-05-08
2024050803015565,SIFC,63,25,10.0,434.8,4348.0,2024-05-08
2024050801016873,SRLI,34,22,10.0,427.9,4279.0,2024-05-08
2024050801016872,SRLI,34,34,10.0,426.0,4260.0,2024-05-08
2024050803015564,ICFC,34,58,50.0,524.0,26200.0,2024-05-08
2024050801016871,SNLI,57,7,135.0,583.0,78705.0,2024-05-08
2024050804005390,NHPC,16,57,236.0,142.5,33630.0,2024-05-08
2024050801016870,MMKJL,82,42,150.0,439.0,65850.0,2024-05-08
2024050801016869,MMKJL,82,32,100.0,439.0,43900.0,2024-05-08
2024050801016868,MMKJL,82,52,20.0,438.9,8778.0,2024-05-08
2024050801016867,MMKJL,82,28,100.0,438.8,43880.0,2024-05-08
2024050801016866,MMKJL,82,58,20.0,438.0,8760.0,2024-05-08
2024050801016865,MMKJL,82,58,10.0,438.0,4380.0,2024-05-08
2024050801016864,MMKJL,82,71,50.0,438.0,21900.0,2024-05-08
2024050801016863,MMKJL,82,58,20.0,438.0,8760.0,2024-05-08
2024050801016862,MMKJL,82,45,500.0,437.0,218500.0,2024-05-08
2024050801016861,MMKJL,82,52,30.0,436.0,13080.0,2024-05-08
2024050801016860,MMKJL,82,64,150.0,435.0,65250.0,2024-05-08
2024050801016859,MMKJL,82,7,50.0,435.0,21750.0,2024-05-08
2024050801016858,MMKJL,82,17,10.0,435.0,4350.0,2024-05-08
2024050801016857,MMKJL,82,36,10.0,435.0,4350.0,2024-05-08
2024050801016856,MMKJL,82,44,10.0,435.0,4350.0,2024-05-08
2024050801016855,MMKJL,82,35,10.0,435.0,4350.0,2024-05-08
2024050801016854,MMKJL,82,48,10.0,435.0,4350.0,2024-05-08
2024050801016853,MMKJL,82,21,10.0,435.0,4350.0,2024-05-08
2024050801016852,MMKJL,82,58,10.0,435.0,4350.0,2024-05-08
2024050801016851,MMKJL,82,19,50.0,435.0,21750.0,2024-05-08
2024050801016850,MMKJL,82,90,30.0,435.0,13050.0,2024-05-08
2024050801016849,MMKJL,82,55,10.0,435.0,4350.0,2024-05-08
2024050801016848,MMKJL,82,7,20.0,434.9,8698.0,2024-05-08
2024050801016847,MMKJL,82,28,10.0,434.6,4346.0,2024-05-08
2024050801016846,MMKJL,82,45,500.0,434.0,217000.0,2024-05-08
2024050801016845,MMKJL,82,65,90.0,433.9,39051.0,2024-05-08
2024050801016844,MMKJL,82,7,20.0,432.0,8640.0,2024-05-08
2024050803015563,NLICL,42,58,36.0,531.0,19116.0,2024-05-08
2024050804005389,NHPC,16,42,264.0,142.5,37620.0,2024-05-08
2024050804005388,NHPC,25,42,100.0,142.5,14250.0,2024-05-08
2024050804005387,NHPC,34,42,164.0,142.5,23370.0,2024-05-08
2024050803015562,PFL,72,42,10.0,651.0,6510.0,2024-05-08
2024050803015561,GLBSL,62,55,35.0,2015.0,70525.0,2024-05-08
2024050803015560,GLBSL,62,37,13.0,2015.0,26195.0,2024-05-08
2024050803015559,GLBSL,62,17,13.0,2014.9,26193.7,2024-05-08
2024050803015558,GLBSL,62,58,39.0,2010.0,78390.0,2024-05-08
2024050803015557,ACLBSL,62,47,230.0,902.7,207621.0,2024-05-08
2024050803015556,ACLBSL,62,25,50.0,897.0,44850.0,2024-05-08
2024050803015555,ACLBSL,62,58,20.0,897.0,17940.0,2024-05-08
2024050803015554,GILB,62,38,23.0,1129.7,25983.1,2024-05-08
2024050803015553,GILB,62,18,175.0,1129.0,197575.0,2024-05-08
2024050803015552,GILB,62,43,22.0,1128.9,24835.8,2024-05-08
2024050803015551,GILB,62,52,80.0,1128.9,90312.0,2024-05-08
2024050803015550,RSDC,62,69,80.0,749.9,59992.0,2024-05-08
2024050804005386,AKJCL,38,52,20.0,203.9,4078.0,2024-05-08
2024050801016843,UHEWA,21,57,100.0,387.4,38740.0,2024-05-08
2024050801016842,SGHC,35,58,10.0,314.0,3140.0,2024-05-08
2024050803015549,PFL,44,42,10.0,651.0,6510.0,2024-05-08
2024050804005385,UMHL,44,36,23.0,227.0,5221.0,2024-05-08
2024050804005384,UMHL,44,21,87.0,227.0,19749.0,2024-05-08
2024050804005383,UMHL,44,90,40.0,226.9,9076.0,2024-05-08
2024050801016841,NABIL,1,42,10.0,424.5,4245.0,2024-05-08
2024050801016840,RAWA,36,32,10.0,467.0,4670.0,2024-05-08
2024050805003120,SMATA,66,57,10.0,964.0,9640.0,2024-05-08
2024050804005382,KPCL,49,55,30.0,396.9,11907.0,2024-05-08
2024050804005381,KPCL,49,57,13.0,396.8,5158.4,2024-05-08
2024050804005380,KPCL,49,44,132.0,390.6,51559.2,2024-05-08
2024050803015548,ILBS,49,70,10.0,1407.9,14079.0,2024-05-08
2024050801016839,SNLI,22,49,10.0,582.0,5820.0,2024-05-08
2024050804005379,DHPL,52,4,10.0,202.0,2020.0,2024-05-08
2024050801016838,MCHL,52,32,12.0,359.6,4315.2,2024-05-08
2024050803015547,SWBBL,50,50,10.0,780.0,7800.0,2024-05-08
2024050803015546,GLBSL,45,58,26.0,2010.0,52260.0,2024-05-08
2024050803015545,GLBSL,45,59,24.0,2010.0,48240.0,2024-05-08
2024050803015544,GLBSL,45,8,50.0,2010.0,100500.0,2024-05-08
2024050801016837,HATHY,45,45,10.0,814.1,8141.0,2024-05-08
2024050801016836,BEDC,45,59,10.0,362.0,3620.0,2024-05-08
2024050801016835,BEDC,45,45,10.0,361.5,3615.0,2024-05-08
2024050801016834,BEDC,45,45,10.0,360.0,3600.0,2024-05-08
2024050801016833,BEDC,45,49,10.0,359.0,3590.0,2024-05-08
2024050801016832,BEDC,45,49,50.0,359.0,17950.0,2024-05-08
2024050801016831,BEDC,45,6,60.0,356.1,21366.0,2024-05-08
2024050803015543,DDBL,4,43,50.0,717.0,35850.0,2024-05-08
2024050803015542,JFL,13,41,10.0,523.0,5230.0,2024-05-08
2024050803015541,NFS,88,19,100.0,533.0,53300.0,2024-05-08
2024050803015540,SFCL,54,8,30.0,351.5,10545.0,2024-05-08
2024050803015539,SFCL,59,28,290.0,352.0,102080.0,2024-05-08
2024050801016830,MKHC,5,38,10.0,305.0,3050.0,2024-05-08
2024050803015538,BFC,34,58,1000.0,400.0,400000.0,2024-05-08
2024050805003119,BBC,34,10,10.0,3737.0,37370.0,2024-05-08
2024050803015537,PROFL,42,57,10.0,347.6,3476.0,2024-05-08
2024050803015536,FMDBL,33,65,154.0,678.0,104412.0,2024-05-08
2024050803015535,FMDBL,33,34,25.0,677.9,16947.5,2024-05-08
2024050803015534,FMDBL,33,38,100.0,677.9,67790.0,2024-05-08
2024050803015533,FMDBL,33,8,121.0,677.9,82025.9,2024-05-08
2024050803015532,MLBSL,38,55,17.0,1738.9,29561.3,2024-05-08
2024050803015531,MLBSL,38,5,41.0,1738.9,71294.9,2024-05-08
2024050803015530,MLBSL,38,33,42.0,1738.0,72996.0,2024-05-08
2024050803015529,GMFIL,21,74,10.0,388.0,3880.0,2024-05-08
2024050803015528,SABSL,35,49,95.0,882.0,83790.0,2024-05-08
2024050803015527,SABSL,35,40,25.0,882.0,22050.0,2024-05-08
2024050803015526,SABSL,35,14,480.0,882.0,423360.0,2024-05-08
2024050801016829,HDL,81,40,140.0,1301.0,182140.0,2024-05-08
2024050801016828,HDL,58,40,20.0,1301.1,26022.0,2024-05-08
2024050801016827,HDL,16,40,50.0,1301.5,65075.0,2024-05-08
2024050801016826,HDL,57,40,50.0,1302.0,65100.0,2024-05-08
2024050801016825,HDL,48,40,20.0,1302.1,26042.0,2024-05-08
2024050801016824,HDL,58,40,20.0,1305.0,26100.0,2024-05-08
2024050804005378,SHEL,57,58,200.0,147.5,29500.0,2024-05-08
2024050801016823,NRM,1,20,200.0,344.5,68900.0,2024-05-08
2024050804005377,BARUN,34,1,85.0,215.3,18300.5,2024-05-08
2024050804005376,BARUN,16,1,100.0,215.4,21540.0,2024-05-08
2024050804005375,BARUN,32,1,200.0,215.5,43100.0,2024-05-08
2024050804005374,BARUN,7,1,30.0,215.5,6465.0,2024-05-08
2024050804005373,BARUN,11,1,100.0,215.6,21560.0,2024-05-08
2024050804005372,BARUN,26,1,50.0,215.6,10780.0,2024-05-08
2024050804005371,BARUN,57,1,10.0,216.0,2160.0,2024-05-08
2024050804005370,BARUN,48,1,20.0,218.0,4360.0,2024-05-08
2024050801016822,SNLI,16,7,50.0,583.0,29150.0,2024-05-08
2024050803015525,GMFIL,49,74,10.0,388.0,3880.0,2024-05-08
2024050803015524,NADEP,19,48,100.0,799.0,79900.0,2024-05-08
2024050803015523,NADEP,19,48,100.0,795.0,79500.0,2024-05-08
2024050803015522,NUBL,35,56,100.0,676.0,67600.0,2024-05-08
2024050803015521,GBLBS,94,33,20.0,751.0,15020.0,2024-05-08
2024050803015520,GBLBS,94,41,10.0,750.0,7500.0,2024-05-08
2024050803015519,GBLBS,94,52,30.0,748.0,22440.0,2024-05-08
2024050803015518,GBLBS,94,7,40.0,748.0,29920.0,2024-05-08
2024050803015517,SFCL,59,7,50.0,352.0,17600.0,2024-05-08
2024050801016821,DLBS,45,6,37.0,1220.0,45140.0,2024-05-08
2024050801016820,DLBS,57,6,20.0,1222.0,24440.0,2024-05-08
2024050801016819,RHGCL,69,36,50.0,334.0,16700.0,2024-05-08
2024050801016818,RHGCL,69,48,50.0,334.0,16700.0,2024-05-08
2024050801016817,RHGCL,69,26,630.0,334.0,210420.0,2024-05-08
2024050801016816,RHGCL,69,94,490.0,332.0,162680.0,2024-05-08
2024050801016815,DOLTI,28,28,10.0,455.0,4550.0,2024-05-08
2024050801016814,DOLTI,28,42,500.0,433.5,216750.0,2024-05-08
2024050801016813,DOLTI,28,14,1500.0,432.0,648000.0,2024-05-08
2024050801016812,DOLTI,28,52,1000.0,431.4,431400.0,2024-05-08
2024050801016811,DOLTI,28,34,500.0,431.4,215700.0,2024-05-08
2024050801016810,DOLTI,28,71,60.0,431.4,25884.0,2024-05-08
2024050801016809,DOLTI,28,56,200.0,431.0,86200.0,2024-05-08
2024050801016808,DOLTI,28,61,285.0,429.6,122436.0,2024-05-08
2024050801016807,DOLTI,28,66,100.0,429.5,42950.0,2024-05-08
2024050801016806,DOLTI,28,70,152.0,429.0,65208.0,2024-05-08
2024050801016805,DOLTI,28,36,10.0,428.4,4284.0,2024-05-08
2024050801016804,DOLTI,28,49,10.0,428.0,4280.0,2024-05-08
2024050801016803,DOLTI,28,28,100.0,425.0,42500.0,2024-05-08
2024050801016802,DOLTI,28,28,100.0,424.0,42400.0,2024-05-08
2024050804005369,NICL,45,5,43.0,810.0,34830.0,2024-05-08
2024050804005368,NICL,34,5,42.0,810.0,34020.0,2024-05-08
2024050804005367,NICL,42,5,10.0,810.5,8105.0,2024-05-08
2024050804005366,NICL,62,5,200.0,811.0,162200.0,2024-05-08
2024050804005365,NICL,10,5,15.0,811.0,12165.0,2024-05-08
2024050801016801,SHIVM,34,35,50.0,496.0,24800.0,2024-05-08
2024050801016800,MKLB,37,34,10.0,1063.6,10636.0,2024-05-08
2024050801016799,RFPL,47,14,351.0,339.0,118989.0,2024-05-08
2024050801016798,RFPL,47,56,149.0,337.2,50242.8,2024-05-08
2024050801016797,HATHY,38,42,22.0,812.1,17866.2,2024-05-08
2024050801016796,VLUCL,47,62,43.0,448.7,19294.1,2024-05-08
2024050801016795,BHPL,35,22,20.0,533.0,10660.0,2024-05-08
2024050801016794,BHPL,35,56,20.0,532.0,10640.0,2024-05-08
2024050801016793,BHPL,35,57,100.0,531.9,53190.0,2024-05-08
2024050801016792,BHPL,35,35,200.0,530.0,106000.0,2024-05-08
2024050801016791,BHPL,35,66,150.0,530.0,79500.0,2024-05-08
2024050801016790,BHPL,35,40,10.0,530.0,5300.0,2024-05-08
2024050804005364,AKPL,57,58,100.0,163.0,16300.0,2024-05-08
2024050801016789,MEL,1,7,10.0,231.0,2310.0,2024-05-08
2024050801016788,SMHL,65,21,10.0,435.0,4350.0,2024-05-08
2024050801016787,SMHL,65,35,10.0,435.0,4350.0,2024-05-08
2024050801016786,SMHL,65,58,40.0,435.0,17400.0,2024-05-08
2024050801016785,SMHL,65,57,100.0,434.0,43400.0,2024-05-08
2024050801016784,SMHL,65,41,130.0,434.0,56420.0,2024-05-08
2024050801016783,SMHL,65,26,10.0,434.0,4340.0,2024-05-08
2024050801016782,SMHL,65,67,100.0,434.0,43400.0,2024-05-08
2024050801016781,SMHL,65,34,10.0,432.0,4320.0,2024-05-08
2024050801016780,SMHL,65,38,10.0,430.0,4300.0,2024-05-08
2024050801016779,SMHL,65,38,10.0,430.0,4300.0,2024-05-08
2024050801016778,SMHL,65,71,130.0,430.0,55900.0,2024-05-08
2024050801016777,SMHL,65,58,10.0,430.0,4300.0,2024-05-08
2024050801016776,SMHL,65,43,100.0,430.0,43000.0,2024-05-08
2024050801016775,SMHL,65,42,10.0,430.0,4300.0,2024-05-08
2024050801016774,SMHL,65,25,10.0,430.0,4300.0,2024-05-08
2024050801016773,SMHL,65,35,200.0,429.5,85900.0,2024-05-08
2024050801016772,SMHL,65,18,10.0,429.0,4290.0,2024-05-08
2024050801016771,SMHL,65,35,100.0,429.0,42900.0,2024-05-08
2024050801016770,BGWT,49,6,10.0,598.0,5980.0,2024-05-08
2024050803015516,GUFL,22,49,75.0,702.8,52710.0,2024-05-08
2024050803015515,GMFBS,49,42,11.0,1218.8,13406.8,2024-05-08
2024050804005363,HPPL,39,45,200.0,245.2,49040.0,2024-05-08
2024050801016769,RFPL,56,56,851.0,337.2,286957.2,2024-05-08
2024050801016768,RFPL,56,47,149.0,337.2,50242.8,2024-05-08
2024050803015514,SFCL,59,56,160.0,352.0,56320.0,2024-05-08
2024050803015513,GUFL,22,21,100.0,702.0,70200.0,2024-05-08
2024050803015512,GUFL,22,49,190.0,702.0,133380.0,2024-05-08
2024050803015511,GUFL,22,52,160.0,700.0,112000.0,2024-05-08
2024050803015510,GUFL,22,45,200.0,700.0,140000.0,2024-05-08
2024050803015509,GUFL,22,57,250.0,700.0,175000.0,2024-05-08
2024050803015508,GUFL,22,55,400.0,700.0,280000.0,2024-05-08
2024050803015507,GUFL,22,40,150.0,700.0,105000.0,2024-05-08
2024050803015506,GUFL,22,38,185.0,699.0,129315.0,2024-05-08
2024050803015505,GUFL,22,43,200.0,698.9,139780.0,2024-05-08
2024050803015504,GUFL,22,52,50.0,695.0,34750.0,2024-05-08
2024050803015503,SIFC,22,25,110.0,434.8,47828.0,2024-05-08
2024050803015502,SIFC,22,57,40.0,432.0,17280.0,2024-05-08
2024050803015501,JFL,58,34,61.0,522.0,31842.0,2024-05-08
2024050803015500,JFL,26,34,14.0,522.0,7308.0,2024-05-08
2024050803015499,JFL,26,34,25.0,522.0,13050.0,2024-05-08
2024050804005362,NGPL,53,14,100.0,302.4,30240.0,2024-05-08
2024050803015498,EDBL,44,71,500.0,370.0,185000.0,2024-05-08
2024050803015497,EDBL,44,71,500.0,370.0,185000.0,2024-05-08
2024050803015496,EDBL,25,71,170.0,370.0,62900.0,2024-05-08
2024050803015495,EDBL,57,71,1000.0,370.1,370100.0,2024-05-08
2024050803015494,EDBL,3,71,800.0,370.2,296160.0,2024-05-08
2024050803015493,EDBL,34,71,200.0,370.6,74120.0,2024-05-08
2024050803015492,EDBL,45,71,200.0,371.0,74200.0,2024-05-08
2024050803015491,EDBL,1,71,300.0,371.1,111330.0,2024-05-08
2024050801016767,HDL,3,47,50.0,1305.0,65250.0,2024-05-08
2024050801016766,HDL,10,47,10.0,1305.0,13050.0,2024-05-08
2024050801016765,UHEWA,32,41,40.0,387.0,15480.0,2024-05-08
2024050801016764,UHEWA,32,13,49.0,386.0,18914.0,2024-05-08
2024050801016763,UHEWA,32,45,10.0,386.0,3860.0,2024-05-08
2024050801016762,UHEWA,32,46,50.0,386.0,19300.0,2024-05-08
2024050801016761,AVYAN,62,38,60.0,824.0,49440.0,2024-05-08
2024050801016760,AVYAN,62,22,100.0,823.9,82390.0,2024-05-08
2024050801016759,AVYAN,62,7,10.0,823.9,8239.0,2024-05-08
2024050801016758,AVYAN,62,58,10.0,823.0,8230.0,2024-05-08
2024050801016757,AVYAN,62,51,46.0,822.7,37844.2,2024-05-08
2024050801016756,AVYAN,62,57,274.0,822.0,225228.0,2024-05-08
2024050803015490,ILBS,62,70,10.0,1407.9,14079.0,2024-05-08
2024050805003118,CIT,21,41,10.0,2071.0,20710.0,2024-05-08
2024050803015489,VLBS,48,38,45.0,856.1,38524.5,2024-05-08
2024050804005361,LEC,41,38,800.0,177.7,142160.0,2024-05-08
2024050805003117,NTC,52,51,35.0,808.0,28280.0,2024-05-08
2024050805003116,NTC,42,51,20.0,808.0,16160.0,2024-05-08
2024050805003115,NTC,48,51,20.0,808.0,16160.0,2024-05-08
2024050805003114,NTC,38,51,20.0,808.0,16160.0,2024-05-08
2024050805003113,NTC,17,51,20.0,808.0,16160.0,2024-05-08
2024050805003112,NTC,42,51,83.0,808.0,67064.0,2024-05-08
2024050804005360,RIDI,58,49,50.0,161.0,8050.0,2024-05-08
2024050804005359,SPDL,60,68,20.0,228.0,4560.0,2024-05-08
2024050801016755,SNLI,22,49,10.0,582.0,5820.0,2024-05-08
2024050801016754,MEHL,45,58,10.0,300.0,3000.0,2024-05-08
2024050801016753,SNLI,7,7,100.0,583.0,58300.0,2024-05-08
2024050801016752,RHGCL,29,94,10.0,332.0,3320.0,2024-05-08
2024050804005358,AHPC,26,36,10.0,159.7,1597.0,2024-05-08
2024050801016751,KBL,93,39,10.0,130.4,1304.0,2024-05-08
2024050804005357,UPCL,22,36,10.0,188.0,1880.0,2024-05-08
2024050801016750,MMKJL,64,65,370.0,433.9,160543.0,2024-05-08
2024050801016749,MMKJL,64,52,30.0,433.8,13014.0,2024-05-08
2024050801016748,MMKJL,64,69,80.0,433.0,34640.0,2024-05-08
2024050801016747,MMKJL,64,34,420.0,432.0,181440.0,2024-05-08
2024050801016746,MMKJL,64,86,100.0,430.0,43000.0,2024-05-08
2024050801016745,MLBS,58,34,50.0,1273.5,63675.0,2024-05-08
2024050803015488,SHINE,66,34,115.0,380.0,43700.0,2024-05-08
2024050803015487,SHINE,57,34,360.0,380.0,136800.0,2024-05-08
2024050803015486,SHINE,35,34,50.0,380.3,19015.0,2024-05-08
2024050801016744,MBJC,47,34,10.0,288.0,2880.0,2024-05-08
2024050801016743,MBJC,47,50,10.0,286.0,2860.0,2024-05-08
2024050801016742,MBJC,47,34,10.0,286.0,2860.0,2024-05-08
2024050801016741,MBJC,47,1,10.0,286.0,2860.0,2024-05-08
2024050801016740,MBJC,47,25,70.0,286.0,20020.0,2024-05-08
2024050801016739,MBJC,47,34,10.0,285.0,2850.0,2024-05-08
2024050801016738,MBJC,47,34,10.0,285.0,2850.0,2024-05-08
2024050803015485,ALBSL,82,57,100.0,845.0,84500.0,2024-05-08
2024050803015484,ALBSL,19,57,50.0,845.0,42250.0,2024-05-08
2024050801016737,SARBTM,62,58,27.0,750.0,20250.0,2024-05-08
2024050801016736,SARBTM,62,22,10.0,749.0,7490.0,2024-05-08
2024050801016735,SARBTM,62,56,50.0,749.0,37450.0,2024-05-08
2024050801016734,SARBTM,62,1,50.0,747.0,37350.0,2024-05-08
2024050801016733,SARBTM,62,50,50.0,745.0,37250.0,2024-05-08
2024050801016732,SARBTM,62,45,100.0,745.0,74500.0,2024-05-08
2024050801016731,SARBTM,62,48,200.0,745.0,149000.0,2024-05-08
2024050801016730,SARBTM,62,21,13.0,744.0,9672.0,2024-05-08
2024050801016729,CYCL,62,49,151.0,1580.0,238580.0,2024-05-08
2024050801016728,CYCL,62,16,50.0,1579.4,78970.0,2024-05-08
2024050801016727,CYCL,62,7,30.0,1579.0,47370.0,2024-05-08
2024050801016726,CYCL,62,45,10.0,1578.5,15785.0,2024-05-08
2024050801016725,CYCL,62,54,90.0,1578.0,142020.0,2024-05-08
2024050801016724,CYCL,62,54,19.0,1575.0,29925.0,2024-05-08
2024050804005356,RURU,52,38,61.0,502.7,30664.7,2024-05-08
2024050804005355,RURU,58,38,10.0,502.7,5027.0,2024-05-08
2024050804005354,RURU,41,38,12.0,503.0,6036.0,2024-05-08
2024050804005353,RURU,45,38,17.0,503.0,8551.0,2024-05-08
2024050801016723,BHPL,35,66,175.0,528.0,92400.0,2024-05-08
2024050801016722,BHPL,35,63,10.0,524.0,5240.0,2024-05-08
2024050801016721,BHPL,35,72,15.0,524.0,7860.0,2024-05-08
2024050801016720,NESDO,10,66,10.0,1777.0,17770.0,2024-05-08
2024050803015483,NFS,58,19,30.0,533.0,15990.0,2024-05-08
2024050804005352,UMRH,25,14,100.0,330.0,33000.0,2024-05-08
2024050801016719,NIMB,58,22,75.0,148.5,11137.5,2024-05-08
2024050801016718,NIMB,58,25,175.0,148.5,25987.5,2024-05-08
2024050801016717,SNLI,49,7,100.0,583.0,58300.0,2024-05-08
2024050803015482,RLFL,74,67,100.0,385.0,38500.0,2024-05-08
2024050801016716,NWCL,61,35,10.0,707.9,7079.0,2024-05-08
2024050801016715,USHL,57,50,35.0,452.3,15830.5,2024-05-08
2024050801016714,HATHY,57,45,50.0,814.1,40705.0,2024-05-08
2024050804005351,PMHPL,52,45,27.0,217.5,5872.5,2024-05-08
2024050805003111,NIFRA,45,38,832.0,192.0,159744.0,2024-05-08
2024050805003110,NIFRA,45,42,150.0,192.0,28800.0,2024-05-08
2024050805003109,NIFRA,45,33,18.0,191.3,3443.4,2024-05-08
2024050803015481,PMLI,7,14,27.0,494.5,13351.5,2024-05-08
2024050803015480,PMLI,7,21,10.0,492.0,4920.0,2024-05-08
2024050803015479,PMLI,7,25,55.0,490.0,26950.0,2024-05-08
2024050803015478,PMLI,7,45,58.0,489.0,28362.0,2024-05-08
2024050804005350,SPDL,17,68,11.0,228.0,2508.0,2024-05-08
2024050803015477,MLBL,8,88,10.0,326.8,3268.0,2024-05-08
2024050803015476,SINDU,53,45,200.0,381.0,76200.0,2024-05-08
2024050804005349,UMHL,45,34,115.0,226.2,26013.0,2024-05-08
2024050801016713,ADBL,54,57,100.0,233.0,23300.0,2024-05-08
2024050801016712,ADBL,47,57,15.0,233.0,3495.0,2024-05-08
2024050803015475,JSLBB,45,57,20.0,1240.1,24802.0,2024-05-08
2024050803015474,JSLBB,26,57,30.0,1240.2,37206.0,2024-05-08
2024050801016711,RNLI,38,57,10.0,422.8,4228.0,2024-05-08
2024050803015473,PROFL,57,1,30.0,348.0,10440.0,2024-05-08
2024050803015472,NLIC,44,32,51.0,574.0,29274.0,2024-05-08
2024050801016710,NYADI,33,59,10.0,286.0,2860.0,2024-05-08
2024050801016709,EHPL,42,42,50.0,440.0,22000.0,2024-05-08
2024050801016708,EHPL,42,48,10.0,440.0,4400.0,2024-05-08
2024050801016707,EHPL,42,57,40.0,439.9,17596.0,2024-05-08
2024050803015471,ACLBSL,62,47,40.0,902.7,36108.0,2024-05-08
2024050803015470,ACLBSL,62,45,60.0,902.5,54150.0,2024-05-08
2024050803015469,ACLBSL,62,54,120.0,902.0,108240.0,2024-05-08
2024050803015468,ACLBSL,62,16,20.0,901.0,18020.0,2024-05-08
2024050803015467,ACLBSL,62,55,50.0,900.0,45000.0,2024-05-08
2024050803015466,ACLBSL,62,70,210.0,900.0,189000.0,2024-05-08
2024050801016706,NWCL,42,35,10.0,707.9,7079.0,2024-05-08
2024050801016705,JBLB,35,51,10.0,1325.0,13250.0,2024-05-08
2024050801016704,JBLB,22,51,10.0,1325.0,13250.0,2024-05-08
2024050801016703,JBLB,49,51,11.0,1325.0,14575.0,2024-05-08
2024050801016702,JBLB,44,51,100.0,1325.1,132510.0,2024-05-08
2024050801016701,JBLB,29,51,100.0,1325.5,132550.0,2024-05-08
2024050803015465,CBBL,40,55,65.0,835.0,54275.0,2024-05-08
2024050805003108,NRIC,16,1,32.0,675.5,21616.0,2024-05-08
2024050805003107,NRIC,47,1,100.0,675.6,67560.0,2024-05-08
2024050805003106,NRIC,57,1,18.0,675.6,12160.8,2024-05-08
2024050805003105,NRIC,45,1,50.0,676.0,33800.0,2024-05-08
2024050804005348,LEC,41,58,50.0,177.7,8885.0,2024-05-08
2024050801016700,PPL,58,25,102.0,524.0,53448.0,2024-05-08
2024050801016699,PPL,58,39,40.0,524.0,20960.0,2024-05-08
2024050801016698,PPL,58,58,10.0,523.0,5230.0,2024-05-08
2024050801016697,PPL,58,65,80.0,521.0,41680.0,2024-05-08
2024050801016696,PPL,58,7,10.0,520.0,5200.0,2024-05-08
2024050801016695,PPL,58,8,10.0,520.0,5200.0,2024-05-08
2024050801016694,PPL,58,62,10.0,520.0,5200.0,2024-05-08
2024050801016693,PPL,58,41,10.0,520.0,5200.0,2024-05-08
2024050801016692,PPL,58,42,10.0,520.0,5200.0,2024-05-08
2024050801016691,PPL,58,58,10.0,520.0,5200.0,2024-05-08
2024050801016690,PPL,58,38,10.0,520.0,5200.0,2024-05-08
2024050801016689,PPL,58,45,10.0,520.0,5200.0,2024-05-08
2024050801016688,PPL,58,6,70.0,520.0,36400.0,2024-05-08
2024050801016687,PPL,58,45,228.0,520.0,118560.0,2024-05-08
2024050801016686,PPL,58,5,80.0,519.5,41560.0,2024-05-08
2024050801016685,PPL,58,36,10.0,519.0,5190.0,2024-05-08
2024050804005347,NIL,59,46,10.0,781.9,7819.0,2024-05-08
2024050803015464,NICLBSL,47,50,200.0,667.0,133400.0,2024-05-08
2024050803015463,NICLBSL,13,50,100.0,667.0,66700.0,2024-05-08
2024050803015462,NICLBSL,34,50,1000.0,667.0,667000.0,2024-05-08
2024050803015461,NICLBSL,34,50,100.0,667.0,66700.0,2024-05-08
2024050803015460,NICLBSL,42,50,80.0,667.1,53368.0,2024-05-08
2024050803015459,NICLBSL,46,50,31.0,667.1,20680.1,2024-05-08
2024050801016684,SHIVM,56,39,20.0,495.0,9900.0,2024-05-08
2024050801016683,RAWA,42,6,20.0,455.0,9100.0,2024-05-08
2024050801016682,RAWA,10,6,50.0,455.0,22750.0,2024-05-08
2024050801016681,RAWA,32,6,200.0,455.0,91000.0,2024-05-08
2024050801016680,RAWA,92,6,100.0,455.0,45500.0,2024-05-08
2024050801016679,RAWA,57,6,100.0,455.1,45510.0,2024-05-08
2024050801016678,RAWA,42,6,20.0,455.2,9104.0,2024-05-08
2024050801016677,RAWA,48,6,200.0,456.0,91200.0,2024-05-08
2024050801016676,RAWA,6,6,50.0,456.0,22800.0,2024-05-08
2024050801016675,RAWA,42,6,10.0,456.1,4561.0,2024-05-08
2024050801016674,RAWA,19,6,30.0,457.0,13710.0,2024-05-08
2024050801016673,RAWA,34,6,150.0,458.6,68790.0,2024-05-08
2024050801016672,RAWA,42,6,10.0,458.6,4586.0,2024-05-08
2024050801016671,RAWA,10,6,20.0,458.7,9174.0,2024-05-08
2024050801016670,RAWA,29,6,40.0,459.1,18364.0,2024-05-08
2024050801016669,SBI,18,10,13.0,274.0,3562.0,2024-05-08
2024050803015458,SLBBL,32,57,71.0,738.0,52398.0,2024-05-08
2024050803015457,SLBBL,32,58,36.0,738.0,26568.0,2024-05-08
2024050803015456,SLBBL,32,44,93.0,738.0,68634.0,2024-05-08
2024050803015455,SLBBL,32,45,100.0,738.0,73800.0,2024-05-08
2024050804005346,CGH,38,35,30.0,765.0,22950.0,2024-05-08
2024050801016668,PRVU,1,42,768.0,133.4,102451.2,2024-05-08
2024050801016667,PRVU,1,42,10.0,133.8,1338.0,2024-05-08
2024050803015454,PFL,71,42,375.0,640.5,240187.5,2024-05-08
2024050803015453,PFL,45,42,35.0,640.6,22421.0,2024-05-08
2024050803015452,PFL,62,42,500.0,642.0,321000.0,2024-05-08
2024050803015451,PFL,91,42,100.0,642.4,64240.0,2024-05-08
2024050803015450,PFL,43,42,30.0,643.0,19290.0,2024-05-08
2024050803015449,PFL,48,42,200.0,643.0,128600.0,2024-05-08
2024050803015448,PFL,45,42,100.0,643.1,64310.0,2024-05-08
2024050803015447,PFL,22,42,10.0,645.1,6451.0,2024-05-08
2024050803015446,PFL,36,42,50.0,645.1,32255.0,2024-05-08
2024050803015445,PFL,37,42,500.0,646.0,323000.0,2024-05-08
2024050803015444,PFL,82,42,100.0,646.0,64600.0,2024-05-08
2024050803015443,SJLIC,52,42,30.0,401.9,12057.0,2024-05-08
2024050803015442,SJLIC,52,54,38.0,401.9,15272.2,2024-05-08
2024050804005345,NIL,22,59,11.0,780.5,8585.5,2024-05-08
2024050803015441,SWMF,59,57,40.0,824.0,32960.0,2024-05-08
2024050803015440,SWMF,59,3,50.0,823.5,41175.0,2024-05-08
2024050803015439,SWMF,59,40,100.0,823.0,82300.0,2024-05-08
2024050803015438,SWMF,59,41,31.0,823.0,25513.0,2024-05-08
2024050803015437,SWMF,59,48,100.0,823.0,82300.0,2024-05-08
2024050803015436,SWMF,59,32,123.0,823.0,101229.0,2024-05-08
2024050803015435,SWMF,59,6,56.0,822.0,46032.0,2024-05-08
2024050803015434,USLB,75,35,10.0,2013.0,20130.0,2024-05-08
2024050803015433,MFIL,45,16,10.0,514.0,5140.0,2024-05-08
2024050803015432,JFL,26,26,280.0,522.0,146160.0,2024-05-08
2024050803015431,JFL,59,26,20.0,522.0,10440.0,2024-05-08
2024050803015430,JFL,62,26,200.0,522.2,104440.0,2024-05-08
2024050805003104,NTC,42,4,17.0,808.0,13736.0,2024-05-08
2024050805003103,NTC,54,4,20.0,808.0,16160.0,2024-05-08
2024050805003102,NTC,58,4,10.0,808.0,8080.0,2024-05-08
2024050805003101,NTC,87,4,13.0,808.0,10504.0,2024-05-08
2024050805003100,NTC,55,4,25.0,808.0,20200.0,2024-05-08
2024050805003099,NTC,58,4,25.0,808.0,20200.0,2024-05-08
2024050803015429,SIFC,11,57,10.0,432.0,4320.0,2024-05-08
2024050803015428,SIFC,3,57,50.0,432.0,21600.0,2024-05-08
2024050801016666,SNLI,32,7,59.0,583.0,34397.0,2024-05-08
2024050803015427,GUFL,32,52,10.0,695.0,6950.0,2024-05-08
2024050801016665,SPHL,21,59,10.0,457.7,4577.0,2024-05-08
2024050803015426,PFL,38,42,20.0,651.0,13020.0,2024-05-08
2024050801016664,GBIME,42,26,98.0,172.0,16856.0,2024-05-08
2024050801016663,GBIME,42,49,54.0,172.0,9288.0,2024-05-08
2024050803015425,PROFL,51,1,25.0,348.0,8700.0,2024-05-08
2024050803015424,PROFL,51,52,50.0,348.0,17400.0,2024-05-08
2024050804005344,UMHL,43,90,50.0,226.9,11345.0,2024-05-08
2024050803015423,NMBMF,38,49,78.0,684.0,53352.0,2024-05-08
2024050803015422,VLBS,58,49,60.0,860.0,51600.0,2024-05-08
2024050803015421,GRDBL,84,25,159.0,436.0,69324.0,2024-05-08
2024050803015420,GRDBL,84,32,20.0,436.0,8720.0,2024-05-08
2024050803015419,GRDBL,84,7,110.0,435.0,47850.0,2024-05-08
2024050803015418,GRDBL,84,44,11.0,435.0,4785.0,2024-05-08
2024050803015417,GILB,94,52,20.0,1128.9,22578.0,2024-05-08
2024050805003098,SMATA,14,56,15.0,963.0,14445.0,2024-05-08
2024050805003097,SMATA,34,56,35.0,963.0,33705.0,2024-05-08
2024050803015416,GBLBS,49,7,40.0,748.0,29920.0,2024-05-08
2024050801016662,IHL,6,7,30.0,378.0,11340.0,2024-05-08
2024050801016661,IHL,6,58,10.0,378.0,3780.0,2024-05-08
2024050801016660,IHL,6,45,100.0,377.4,37740.0,2024-05-08
2024050801016659,IHL,6,38,100.0,377.0,37700.0,2024-05-08
2024050801016658,IHL,6,58,10.0,377.0,3770.0,2024-05-08
2024050801016657,IHL,6,7,25.0,376.2,9405.0,2024-05-08
2024050801016656,IHL,6,43,200.0,376.2,75240.0,2024-05-08
2024050801016655,IHL,6,43,200.0,376.1,75220.0,2024-05-08
2024050801016654,IHL,6,44,435.0,375.0,163125.0,2024-05-08
2024050801016653,IHL,6,39,260.0,375.0,97500.0,2024-05-08
2024050801016652,IHL,6,26,10.0,375.0,3750.0,2024-05-08
2024050801016651,IHL,6,49,10.0,375.0,3750.0,2024-05-08
2024050801016650,IHL,6,59,10.0,375.0,3750.0,2024-05-08
2024050801016649,IHL,6,47,20.0,374.0,7480.0,2024-05-08
2024050801016648,IHL,6,34,10.0,374.0,3740.0,2024-05-08
2024050801016647,IHL,6,8,10.0,373.0,3730.0,2024-05-08
2024050801016646,IHL,6,35,10.0,373.0,3730.0,2024-05-08
2024050801016645,IHL,6,72,50.0,372.0,18600.0,2024-05-08
2024050801016644,SARBTM,39,21,37.0,744.0,27528.0,2024-05-08
2024050801016643,SARBTM,39,54,40.0,744.0,29760.0,2024-05-08
2024050801016642,SARBTM,39,45,100.0,743.5,74350.0,2024-05-08
2024050801016641,SARBTM,39,28,287.0,743.0,213241.0,2024-05-08
2024050801016640,SARBTM,39,35,36.0,743.0,26748.0,2024-05-08
2024050804005343,CHCL,17,11,500.0,430.0,215000.0,2024-05-08
2024050804005342,HPPL,39,54,41.0,245.2,10053.2,2024-05-08
2024050801016639,SNLI,46,54,10.0,582.0,5820.0,2024-05-08
2024050803015415,SFCL,94,53,19.0,353.0,6707.0,2024-05-08
2024050803015414,FMDBL,35,71,10.0,677.0,6770.0,2024-05-08
2024050803015413,FMDBL,58,71,10.0,677.8,6778.0,2024-05-08
2024050805003096,HRL,34,21,10.0,562.0,5620.0,2024-05-08
2024050805003095,HRL,34,43,10.0,562.0,5620.0,2024-05-08
2024050801016638,PRVU,47,17,20.0,133.9,2678.0,2024-05-08
2024050803015412,SWBBL,50,48,10.0,777.0,7770.0,2024-05-08
2024050804005341,AKPL,57,58,10.0,163.0,1630.0,2024-05-08
2024050804005340,AKPL,57,38,50.0,163.0,8150.0,2024-05-08
2024050803015411,GRDBL,32,44,10.0,435.0,4350.0,2024-05-08
2024050801016637,SARBTM,49,35,80.0,743.0,59440.0,2024-05-08
2024050801016636,SARBTM,3,35,200.0,743.0,148600.0,2024-05-08
2024050801016635,SARBTM,7,35,184.0,743.2,136748.8,2024-05-08
2024050801016634,NRM,38,20,20.0,344.5,6890.0,2024-05-08
2024050804005339,IGI,49,36,44.0,526.0,23144.0,2024-05-08
2024050804005338,IGI,22,36,50.0,526.0,26300.0,2024-05-08
2024050804005337,IGI,59,36,200.0,526.6,105320.0,2024-05-08
2024050803015410,VLBS,16,49,10.0,860.0,8600.0,2024-05-08
2024050805003094,HRL,49,55,11.0,562.0,6182.0,2024-05-08
2024050801016633,ILI,49,49,50.0,536.3,26815.0,2024-05-08
2024050803015409,ILBS,67,70,32.0,1407.9,45052.8,2024-05-08
2024050803015408,ILBS,67,33,40.0,1407.8,56312.0,2024-05-08
2024050803015407,ILBS,67,3,116.0,1407.8,163304.8,2024-05-08
2024050803015406,ILBS,67,34,100.0,1407.6,140760.0,2024-05-08
2024050803015405,ILBS,67,62,100.0,1407.6,140760.0,2024-05-08
2024050803015404,ILBS,67,45,15.0,1407.0,21105.0,2024-05-08
2024050803015403,ILBS,67,6,90.0,1406.9,126621.0,2024-05-08
2024050803015402,ILBS,67,52,19.0,1406.0,26714.0,2024-05-08
2024050803015401,ILBS,67,48,50.0,1405.8,70290.0,2024-05-08
2024050803015400,ILBS,67,40,45.0,1405.0,63225.0,2024-05-08
2024050803015399,ILBS,67,49,60.0,1405.0,84300.0,2024-05-08
2024050803015398,ILBS,67,21,19.0,1405.0,26695.0,2024-05-08
2024050803015397,ILBS,67,58,99.0,1405.0,139095.0,2024-05-08
2024050803015396,ILBS,67,42,100.0,1405.0,140500.0,2024-05-08
2024050803015395,ILBS,67,57,10.0,1405.0,14050.0,2024-05-08
2024050803015394,ILBS,67,45,52.0,1404.0,73008.0,2024-05-08
2024050803015393,ILBS,67,57,43.0,1404.0,60372.0,2024-05-08
2024050803015392,ILBS,67,34,10.0,1403.8,14038.0,2024-05-08
2024050801016632,CKHL,19,58,50.0,493.0,24650.0,2024-05-08
2024050804005336,RADHI,46,59,13.0,226.0,2938.0,2024-05-08
2024050803015391,NICLBSL,52,13,300.0,669.0,200700.0,2024-05-08
2024050803015390,NICLBSL,28,13,70.0,669.0,46830.0,2024-05-08
2024050801016631,ULBSL,57,26,30.0,1492.0,44760.0,2024-05-08
2024050801016630,LSL,22,58,10.0,144.9,1449.0,2024-05-08
2024050804005335,UNHPL,13,22,100.0,215.5,21550.0,2024-05-08
2024050801016629,DOLTI,14,85,1235.0,415.0,512525.0,2024-05-08
2024050801016628,DOLTI,57,85,50.0,415.0,20750.0,2024-05-08
2024050801016627,DOLTI,17,85,50.0,415.0,20750.0,2024-05-08
2024050801016626,DOLTI,34,85,200.0,415.2,83040.0,2024-05-08
2024050801016625,DOLTI,50,85,50.0,416.0,20800.0,2024-05-08
2024050801016624,DOLTI,66,85,100.0,416.5,41650.0,2024-05-08
2024050801016623,DOLTI,3,85,190.0,418.4,79496.0,2024-05-08
2024050801016622,DOLTI,38,85,600.0,419.0,251400.0,2024-05-08
2024050801016621,DOLTI,59,85,10.0,419.0,4190.0,2024-05-08
2024050801016620,DOLTI,29,85,290.0,419.0,121510.0,2024-05-08
2024050801016619,DOLTI,16,85,785.0,419.2,329072.0,2024-05-08
2024050801016618,DOLTI,7,85,200.0,419.3,83860.0,2024-05-08
2024050801016617,DOLTI,42,85,10.0,420.0,4200.0,2024-05-08
2024050801016616,DOLTI,41,85,105.0,421.0,44205.0,2024-05-08
2024050801016615,DOLTI,37,85,30.0,421.1,12633.0,2024-05-08
2024050801016614,DOLTI,41,85,25.0,422.0,10550.0,2024-05-08
2024050801016613,DOLTI,56,85,20.0,422.0,8440.0,2024-05-08
2024050801016612,DOLTI,56,85,10.0,423.0,4230.0,2024-05-08
2024050801016611,DOLTI,42,85,40.0,423.0,16920.0,2024-05-08
2024050801016610,DLBS,63,51,100.0,1222.0,122200.0,2024-05-08
2024050801016609,BHL,5,44,10.0,320.0,3200.0,2024-05-08
2024050804005334,UPCL,38,53,478.0,187.0,89386.0,2024-05-08
2024050804005333,UPCL,57,53,81.0,187.0,15147.0,2024-05-08
2024050804005332,UPCL,19,53,83.0,187.1,15529.3,2024-05-08
2024050804005331,UPCL,44,53,183.0,187.4,34294.2,2024-05-08
2024050804005330,UPCL,33,53,175.0,187.5,32812.5,2024-05-08
2024050803015389,NMBMF,38,25,22.0,684.0,15048.0,2024-05-08
2024050803015388,NMBMF,25,25,28.0,684.0,19152.0,2024-05-08
2024050801016608,NRM,21,20,10.0,344.5,3445.0,2024-05-08
2024050801016607,NRM,21,45,10.0,342.0,3420.0,2024-05-08
2024050803015387,MLBL,86,44,50.0,325.0,16250.0,2024-05-08
2024050803015386,LBBL,57,42,50.0,372.0,18600.0,2024-05-08
2024050803015385,RLFL,74,10,150.0,385.0,57750.0,2024-05-08
2024050803015384,NUBL,43,49,100.0,677.0,67700.0,2024-05-08
2024050803015383,NFS,95,19,100.0,533.0,53300.0,2024-05-08
2024050803015382,NFS,28,19,50.0,534.0,26700.0,2024-05-08
2024050803015381,NFS,58,19,30.0,534.0,16020.0,2024-05-08
2024050803015380,NFS,38,19,85.0,534.0,45390.0,2024-05-08
2024050801016606,SARBTM,35,45,50.0,743.5,37175.0,2024-05-08
2024050804005329,AKPL,6,38,500.0,163.0,81500.0,2024-05-08
2024050804005328,AHPC,49,26,280.0,157.0,43960.0,2024-05-08
2024050804005327,AHPC,6,26,100.0,157.0,15700.0,2024-05-08
2024050804005326,AHPC,22,26,10.0,157.0,1570.0,2024-05-08
2024050804005325,AHPC,38,26,250.0,157.0,39250.0,2024-05-08
2024050804005324,AHPC,43,26,70.0,157.0,10990.0,2024-05-08
2024050804005323,AHPC,1,26,20.0,157.0,3140.0,2024-05-08
2024050804005322,AHPC,11,26,10.0,157.0,1570.0,2024-05-08
2024050804005321,AHPC,48,26,100.0,157.1,15710.0,2024-05-08
2024050804005320,AHPC,49,26,100.0,157.2,15720.0,2024-05-08
2024050804005319,AHPC,38,26,50.0,157.4,7870.0,2024-05-08
2024050804005318,AHPC,35,26,10.0,159.0,1590.0,2024-05-08
2024050803015379,RLFL,46,10,10.0,385.0,3850.0,2024-05-08
2024050805003093,HIDCL,45,34,1000.0,159.3,159300.0,2024-05-08
2024050803015378,ILBS,37,48,50.0,1403.0,70150.0,2024-05-08
2024050803015377,MERO,46,57,84.0,697.5,58590.0,2024-05-08
2024050804005317,UNHPL,57,18,100.0,216.5,21650.0,2024-05-08
2024050801016605,SAHAS,65,49,340.0,487.9,165886.0,2024-05-08
2024050801016604,SAHAS,65,90,100.0,487.9,48790.0,2024-05-08
2024050801016603,SAHAS,65,57,10.0,487.0,4870.0,2024-05-08
2024050801016602,SAHAS,65,49,10.0,487.0,4870.0,2024-05-08
2024050801016601,SAHAS,65,20,10.0,487.0,4870.0,2024-05-08
2024050801016600,SAHAS,65,47,10.0,486.0,4860.0,2024-05-08
2024050801016599,SAHAS,65,26,360.0,486.0,174960.0,2024-05-08
2024050801016598,SNLI,36,7,100.0,583.0,58300.0,2024-05-08
2024050801016597,RHGCL,45,16,250.0,328.8,82200.0,2024-05-08
2024050803015376,SLBBL,32,80,77.0,737.0,56749.0,2024-05-08
2024050803015375,SLBBL,55,80,33.0,737.1,24324.3,2024-05-08
2024050801016596,BHDC,50,51,10.0,483.0,4830.0,2024-05-08
2024050801016595,BHDC,50,40,10.0,475.0,4750.0,2024-05-08
2024050803015374,EDBL,4,44,13.0,374.0,4862.0,2024-05-08
2024050803015373,SFCL,59,28,500.0,352.0,176000.0,2024-05-08
2024050803015372,SFCL,59,28,400.0,352.0,140800.0,2024-05-08
2024050803015371,SFCL,34,28,100.0,353.0,35300.0,2024-05-08
2024050801016594,SONA,63,45,51.0,431.0,21981.0,2024-05-08
2024050801016593,SONA,63,57,49.0,430.9,21114.1,2024-05-08
2024050801016592,BHL,20,48,10.0,320.0,3200.0,2024-05-08
2024050801016591,UHEWA,49,53,10.0,382.0,3820.0,2024-05-08
2024050803015370,JFL,62,34,121.0,522.2,63186.2,2024-05-08
2024050803015369,JFL,16,34,254.0,522.3,132664.2,2024-05-08
2024050803015368,RSDC,44,48,16.0,749.0,11984.0,2024-05-08
2024050804005316,JOSHI,45,57,390.0,316.0,123240.0,2024-05-08
2024050801016590,SONA,57,44,50.0,430.7,21535.0,2024-05-08
2024050803015367,SMFBS,75,32,50.0,1293.0,64650.0,2024-05-08
2024050804005315,CHCL,42,11,260.0,430.0,111800.0,2024-05-08
2024050804005314,CHCL,42,58,40.0,430.0,17200.0,2024-05-08
2024050801016589,CITY,42,34,20.0,576.0,11520.0,2024-05-08
2024050805003092,HRL,56,4,95.0,561.2,53314.0,2024-05-08
2024050803015366,PROFL,22,52,150.0,348.0,52200.0,2024-05-08
2024050803015365,MERO,46,32,100.0,697.5,69750.0,2024-05-08
2024050803015364,MERO,46,50,96.0,697.0,66912.0,2024-05-08
2024050803015363,FOWAD,34,14,10.0,1190.0,11900.0,2024-05-08
2024050805003091,NIFRA,1,57,926.0,191.2,177051.2,2024-05-08
2024050805003090,NIFRA,7,57,74.0,191.2,14148.8,2024-05-08
2024050803015362,MFIL,25,57,20.0,511.1,10222.0,2024-05-08
2024050803015361,MERO,7,32,10.0,694.0,6940.0,2024-05-08
2024050803015360,NICLBSL,28,33,200.0,669.0,133800.0,2024-05-08
2024050801016588,CYCL,62,54,10.0,1578.0,15780.0,2024-05-08
2024050801016587,CYCL,62,45,100.0,1578.0,157800.0,2024-05-08
2024050801016586,CYCL,62,16,90.0,1577.0,141930.0,2024-05-08
2024050801016585,AVYAN,62,66,500.0,822.0,411000.0,2024-05-08
2024050801016584,MAKAR,38,38,100.0,345.3,34530.0,2024-05-08
2024050801016583,ILI,42,42,28.0,537.0,15036.0,2024-05-08
2024050801016582,ILI,42,38,22.0,537.0,11814.0,2024-05-08
2024050801016581,PRVU,36,17,140.0,133.9,18746.0,2024-05-08
2024050803015359,NLICL,38,58,69.0,531.0,36639.0,2024-05-08
2024050803015358,PFL,52,42,10.0,651.0,6510.0,2024-05-08
2024050803015357,NMBMF,52,50,100.0,685.0,68500.0,2024-05-08
2024050803015356,MPFL,56,25,100.0,452.0,45200.0,2024-05-08
2024050803015355,LICN,34,7,10.0,1260.0,12600.0,2024-05-08
2024050801016580,CIZBD90,13,34,15.0,1015.0,15225.0,2024-05-08
2024050801016579,SMH,69,32,10.0,654.9,6549.0,2024-05-08
2024050801016578,CZBIL,37,45,10.0,154.8,1548.0,2024-05-08
2024050801016577,SMJC,34,48,330.0,356.0,117480.0,2024-05-08
2024050803015354,SLBBL,55,48,55.0,737.1,40540.5,2024-05-08
2024050805003089,NTC,42,48,51.0,809.0,41259.0,2024-05-08
2024050803015353,RSDC,62,38,2032.0,750.0,1524000.0,2024-05-08
2024050803015352,RSDC,62,44,110.0,750.0,82500.0,2024-05-08
2024050803015351,RSDC,62,42,10.0,750.0,7500.0,2024-05-08
2024050803015350,RSDC,62,26,82.0,750.0,61500.0,2024-05-08
2024050803015349,RSDC,62,44,90.0,750.0,67500.0,2024-05-08
2024050803015348,RSDC,62,49,60.0,750.0,45000.0,2024-05-08
2024050803015347,RSDC,62,29,10.0,750.0,7500.0,2024-05-08
2024050803015346,RSDC,62,58,306.0,750.0,229500.0,2024-05-08
2024050803015345,RSDC,62,69,300.0,749.0,224700.0,2024-05-08
2024050805003088,HRL,29,38,251.0,561.0,140811.0,2024-05-08
2024050805003087,HRL,53,38,299.0,561.0,167739.0,2024-05-08
2024050803015344,GUFL,42,52,10.0,695.0,6950.0,2024-05-08
2024050803015343,FMDBL,14,8,100.0,677.9,67790.0,2024-05-08
2024050804005313,MEN,16,32,10.0,524.0,5240.0,2024-05-08
2024050803015342,ALICL,49,34,10.0,542.8,5428.0,2024-05-08
2024050801016576,MBJC,16,49,50.0,283.0,14150.0,2024-05-08
2024050801016575,NBLD85,62,49,50.0,975.1,48755.0,2024-05-08
2024050804005312,SJCL,52,58,20.0,265.0,5300.0,2024-05-08
2024050804005311,SJCL,52,25,89.0,265.0,23585.0,2024-05-08
2024050803015341,CFCL,29,56,200.0,394.0,78800.0,2024-05-08
2024050803015340,MPFL,67,25,150.0,452.0,67800.0,2024-05-08
2024050803015339,NMBMF,47,50,200.0,685.0,137000.0,2024-05-08
2024050804005310,SHPC,34,32,1000.0,323.7,323700.0,2024-05-08
2024050803015338,PMLI,62,45,10.0,489.0,4890.0,2024-05-08
2024050801016574,MKJC,14,35,40.0,418.0,16720.0,2024-05-08
2024050805003086,HRL,53,62,201.0,561.0,112761.0,2024-05-08
2024050805003085,HRL,21,62,100.0,561.0,56100.0,2024-05-08
2024050805003084,HRL,55,62,200.0,561.1,112220.0,2024-05-08
2024050805003083,HRL,19,62,70.0,561.1,39277.0,2024-05-08
2024050805003082,HRL,19,62,10.0,561.1,5611.0,2024-05-08
2024050805003081,HRL,42,62,30.0,561.1,16833.0,2024-05-08
2024050805003080,HRL,13,62,369.0,561.1,207045.9,2024-05-08
2024050805003079,HRL,49,62,20.0,561.7,11234.0,2024-05-08
2024050803015337,SMB,57,35,17.0,1422.0,24174.0,2024-05-08
2024050803015336,SWBBL,18,50,82.0,780.0,63960.0,2024-05-08
2024050803015335,SWBBL,18,48,168.0,780.0,131040.0,2024-05-08
2024050803015334,SWBBL,18,14,50.0,778.0,38900.0,2024-05-08
2024050803015333,FMDBL,4,8,50.0,677.9,33895.0,2024-05-08
2024050801016573,USHL,57,8,20.0,452.3,9046.0,2024-05-08
2024050804005309,SALICO,77,62,200.0,632.0,126400.0,2024-05-08
2024050804005308,BARUN,48,48,480.0,217.6,104448.0,2024-05-08
2024050801016572,VLUCL,47,62,100.0,448.7,44870.0,2024-05-08
2024050803015332,NFS,38,3,100.0,534.0,53400.0,2024-05-08
2024050803015331,NFS,38,39,50.0,534.0,26700.0,2024-05-08
2024050803015330,NFS,38,10,165.0,534.0,88110.0,2024-05-08
2024050801016571,BNHC,42,57,10.0,427.9,4279.0,2024-05-08
2024050803015329,SWMF,81,42,10.0,820.2,8202.0,2024-05-08
2024050805003078,HRL,49,45,10.0,561.7,5617.0,2024-05-08
2024050803015328,PMLI,17,19,100.0,488.3,48830.0,2024-05-08
2024050804005307,SJCL,52,25,10.0,265.0,2650.0,2024-05-08
2024050804005306,SJCL,52,57,20.0,264.0,5280.0,2024-05-08
2024050803015327,NLICL,38,50,216.0,531.0,114696.0,2024-05-08
2024050801016570,SONA,1,55,500.0,430.6,215300.0,2024-05-08
2024050803015326,ILBS,37,58,230.0,1403.0,322690.0,2024-05-08
2024050803015325,ILBS,37,34,40.0,1402.0,56080.0,2024-05-08
2024050803015324,ACLBSL,62,70,114.0,900.0,102600.0,2024-05-08
2024050803015323,ACLBSL,62,48,100.0,900.0,90000.0,2024-05-08
2024050803015322,ACLBSL,62,33,86.0,900.0,77400.0,2024-05-08
2024050803015321,ACLBSL,62,33,414.0,900.0,372600.0,2024-05-08
2024050803015320,ACLBSL,62,46,10.0,900.0,9000.0,2024-05-08
2024050803015319,ACLBSL,62,28,51.0,900.0,45900.0,2024-05-08
2024050803015318,ACLBSL,62,21,70.0,900.0,63000.0,2024-05-08
2024050803015317,ACLBSL,62,4,100.0,899.6,89960.0,2024-05-08
2024050803015316,ACLBSL,62,42,10.0,899.6,8996.0,2024-05-08
2024050803015315,ACLBSL,62,49,45.0,899.6,40482.0,2024-05-08
2024050804005305,NHDL,42,41,10.0,425.0,4250.0,2024-05-08
2024050803015314,SHINE,42,49,10.0,384.0,3840.0,2024-05-08
2024050803015313,GBLBS,49,49,10.0,748.0,7480.0,2024-05-08
2024050803015312,JFL,16,41,500.0,522.3,261150.0,2024-05-08
2024050801016569,DORDI,21,14,10.0,403.0,4030.0,2024-05-08
2024050801016568,CKHL,49,58,50.0,493.0,24650.0,2024-05-08
2024050801016567,SNLI,13,7,20.0,583.0,11660.0,2024-05-08
2024050803015311,NICLBSL,28,51,230.0,669.0,153870.0,2024-05-08
2024050804005304,LEC,11,68,10.0,177.8,1778.0,2024-05-08
2024050804005303,PRIN,48,32,10.0,773.0,7730.0,2024-05-08
2024050804005302,PRIN,48,7,10.0,772.5,7725.0,2024-05-08
2024050801016566,MBL,34,51,10.0,159.5,1595.0,2024-05-08
2024050803015310,NLIC,44,32,34.0,574.0,19516.0,2024-05-08
2024050804005301,BPCL,45,35,80.0,290.0,23200.0,2024-05-08
2024050804005300,BPCL,49,35,27.0,290.0,7830.0,2024-05-08
2024050804005299,BPCL,54,35,30.0,290.0,8700.0,2024-05-08
2024050804005298,BPCL,52,35,76.0,290.0,22040.0,2024-05-08
2024050804005297,BPCL,21,35,100.0,290.1,29010.0,2024-05-08
2024050803015309,ACLBSL,62,49,400.0,899.6,359840.0,2024-05-08
2024050801016565,GBIME,42,49,10.0,172.0,1720.0,2024-05-08
2024050803015308,MFIL,60,16,146.0,514.0,75044.0,2024-05-08
2024050803015307,MFIL,60,45,140.0,514.0,71960.0,2024-05-08
2024050803015306,MFIL,60,25,80.0,514.0,41120.0,2024-05-08
2024050803015305,MFIL,60,40,80.0,513.9,41112.0,2024-05-08
2024050803015304,MFIL,60,33,10.0,513.9,5139.0,2024-05-08
2024050803015303,MFIL,60,13,100.0,513.8,51380.0,2024-05-08
2024050803015302,MFIL,60,25,100.0,513.0,51300.0,2024-05-08
2024050803015301,MFIL,60,62,254.0,513.0,130302.0,2024-05-08
2024050803015300,MFIL,60,48,90.0,512.0,46080.0,2024-05-08
2024050801016564,SHIVM,59,39,70.0,495.0,34650.0,2024-05-08
2024050801016563,HBL,17,29,110.0,170.0,18700.0,2024-05-08
2024050801016562,HBL,58,29,10.0,170.0,1700.0,2024-05-08
2024050801016561,HBL,52,29,100.0,170.0,17000.0,2024-05-08
2024050801016560,HBL,49,29,30.0,170.5,5115.0,2024-05-08
2024050803015299,MFIL,45,48,10.0,512.0,5120.0,2024-05-08
2024050804005296,UPPER,55,8,136.0,160.6,21841.6,2024-05-08
2024050804005295,UPPER,43,8,200.0,161.0,32200.0,2024-05-08
2024050804005294,UPPER,38,8,24.0,161.0,3864.0,2024-05-08
2024050801016559,RNLI,38,54,170.0,422.8,71876.0,2024-05-08
2024050801016558,RNLI,52,54,20.0,422.8,8456.0,2024-05-08
2024050801016557,RNLI,34,54,10.0,422.8,4228.0,2024-05-08
2024050803015298,MFIL,34,48,100.0,512.0,51200.0,2024-05-08
2024050805003077,SMATA,34,35,25.0,963.0,24075.0,2024-05-08
2024050805003076,HIDCL,44,34,1000.0,159.1,159100.0,2024-05-08
2024050805003075,HIDCL,48,34,1000.0,159.2,159200.0,2024-05-08
2024050801016556,SNLI,32,7,200.0,583.0,116600.0,2024-05-08
2024050803015297,HLBSL,64,57,365.0,875.1,319411.5,2024-05-08
2024050803015296,HLBSL,21,57,135.0,875.3,118165.5,2024-05-08
2024050803015295,ACLBSL,62,49,250.0,899.6,224900.0,2024-05-08
2024050803015294,SDLBSL,14,62,37.0,942.1,34857.7,2024-05-08
2024050803015293,SDLBSL,16,62,43.0,943.0,40549.0,2024-05-08
2024050803015292,SDLBSL,49,62,100.0,943.0,94300.0,2024-05-08
2024050803015291,SDLBSL,59,62,20.0,943.1,18862.0,2024-05-08
2024050801016555,HHL,38,59,28.0,334.9,9377.2,2024-05-08
2024050804005293,JOSHI,42,34,10.0,316.1,3161.0,2024-05-08
2024050801016554,MEL,44,43,15.0,227.7,3415.5,2024-05-08
2024050801016553,MEL,57,43,435.0,227.8,99093.0,2024-05-08
2024050801016552,MEL,17,43,100.0,228.0,22800.0,2024-05-08
2024050801016551,MEL,34,43,50.0,228.0,11400.0,2024-05-08
2024050801016550,MEL,19,43,300.0,228.2,68460.0,2024-05-08
2024050801016549,MEL,43,43,100.0,228.3,22830.0,2024-05-08
2024050804005292,KPCL,49,5,200.0,390.0,78000.0,2024-05-08
2024050803015290,BFC,58,58,80.0,400.0,32000.0,2024-05-08
2024050803015289,BFC,58,60,120.0,399.7,47964.0,2024-05-08
2024050803015288,BFC,58,38,100.0,399.6,39960.0,2024-05-08
2024050803015287,USLB,75,58,10.0,2010.0,20100.0,2024-05-08
2024050804005291,RURU,45,55,12.0,503.0,6036.0,2024-05-08
2024050803015286,JFL,45,14,10.0,523.8,5238.0,2024-05-08
2024050804005290,MEN,58,32,50.0,524.0,26200.0,2024-05-08
2024050804005289,MEN,11,32,20.0,524.0,10480.0,2024-05-08
2024050804005288,MEN,41,32,14.0,524.0,7336.0,2024-05-08
2024050801016548,EHPL,42,57,10.0,436.0,4360.0,2024-05-08
2024050801016547,EHPL,42,57,10.0,437.0,4370.0,2024-05-08
2024050801016546,MKHC,33,38,100.0,305.0,30500.0,2024-05-08
2024050804005287,HDHPC,86,45,1320.0,129.5,170940.0,2024-05-08
2024050804005286,HDHPC,86,60,15.0,129.4,1941.0,2024-05-08
2024050801016545,ILI,74,38,100.0,537.0,53700.0,2024-05-08
2024050801016544,NESDO,49,66,50.0,1800.0,90000.0,2024-05-08
2024050803015285,JBBL,42,33,170.0,287.0,48790.0,2024-05-08
2024050803015284,JBBL,42,90,30.0,286.9,8607.0,2024-05-08
2024050803015283,GUFL,41,52,20.0,695.0,13900.0,2024-05-08
2024050805003074,SMATA,42,13,17.0,962.0,16354.0,2024-05-08
2024050801016543,UNLB,38,26,30.0,1715.0,51450.0,2024-05-08
2024050803015282,CBBL,58,55,50.0,835.0,41750.0,2024-05-08
2024050803015281,GUFL,57,45,10.0,694.1,6941.0,2024-05-08
2024050801016542,SARBTM,61,54,10.0,744.0,7440.0,2024-05-08
2024050803015280,NICLBSL,46,10,70.0,667.1,46697.0,2024-05-08
2024050803015279,NICLBSL,64,10,20.0,667.1,13342.0,2024-05-08
2024050803015278,NICLBSL,39,10,10.0,668.0,6680.0,2024-05-08
2024050803015277,ICFC,21,10,35.0,523.5,18322.5,2024-05-08
2024050804005285,SHPC,53,7,10.0,326.0,3260.0,2024-05-08
2024050801016541,MKHL,37,58,10.0,420.0,4200.0,2024-05-08
2024050801016540,MKHL,37,58,290.0,420.0,121800.0,2024-05-08
2024050803015276,GFCL,34,11,70.0,468.0,32760.0,2024-05-08
2024050804005284,LEC,22,68,500.0,177.8,88900.0,2024-05-08
2024050804005283,LEC,35,68,10.0,177.8,1778.0,2024-05-08
2024050804005282,LEC,48,68,88.0,177.9,15655.2,2024-05-08
2024050801016539,CYCL,58,38,20.0,1575.0,31500.0,2024-05-08
2024050804005281,GLH,43,8,10.0,203.0,2030.0,2024-05-08
2024050804005280,GLH,43,50,10.0,203.0,2030.0,2024-05-08
2024050801016538,GVL,52,16,10.0,443.0,4430.0,2024-05-08
2024050801016537,SHIVM,56,42,10.0,496.9,4969.0,2024-05-08
2024050801016536,SNLI,26,7,100.0,583.0,58300.0,2024-05-08
2024050803015275,GBLBS,58,45,10.0,750.9,7509.0,2024-05-08
2024050804005279,SPDL,17,21,12.0,228.1,2737.2,2024-05-08
2024050801016535,SBL,45,6,18.0,215.7,3882.6,2024-05-08
2024050801016534,SBL,22,6,20.0,216.0,4320.0,2024-05-08
2024050801016533,SBL,39,6,18.0,216.0,3888.0,2024-05-08
2024050805003073,SMATA,42,55,100.0,962.0,96200.0,2024-05-08
2024050805003072,NRIC,45,49,10.0,679.0,6790.0,2024-05-08
2024050804005278,NHPC,22,86,250.0,142.8,35700.0,2024-05-08
2024050801016532,NYADI,45,54,100.0,284.6,28460.0,2024-05-08
2024050805003071,SEF,46,48,100.0,8.0,800.0,2024-05-08
2024050801016531,SNLI,57,7,50.0,583.0,29150.0,2024-05-08
2024050804005277,AKPL,45,34,565.0,162.6,91869.0,2024-05-08
2024050803015274,SWBBL,33,48,332.0,780.0,258960.0,2024-05-08
2024050803015273,SWBBL,33,45,100.0,779.9,77990.0,2024-05-08
2024050803015272,SWBBL,33,38,20.0,779.8,15596.0,2024-05-08
2024050803015271,SWBBL,33,32,200.0,779.5,155900.0,2024-05-08
2024050803015270,SWBBL,33,49,348.0,778.5,270918.0,2024-05-08
2024050803015269,ACLBSL,62,49,500.0,899.6,449800.0,2024-05-08
2024050803015268,ACLBSL,62,49,1200.0,899.6,1079520.0,2024-05-08
2024050803015267,NFS,1,10,80.0,534.0,42720.0,2024-05-08
2024050804005276,UMRH,34,42,500.0,330.1,165050.0,2024-05-08
2024050805003070,SMATA,14,34,11.0,963.0,10593.0,2024-05-08
2024050805003069,SMATA,14,34,50.0,963.0,48150.0,2024-05-08
2024050805003068,SMATA,14,47,10.0,963.0,9630.0,2024-05-08
2024050803015266,CBBL,49,45,10.0,836.0,8360.0,2024-05-08
2024050805003067,NIFRA,49,33,502.0,191.3,96032.6,2024-05-08
2024050801016530,SNLI,43,7,105.0,583.0,61215.0,2024-05-08
2024050801016529,GCIL,38,59,300.0,472.5,141750.0,2024-05-08
2024050801016528,MANDU,29,58,60.0,779.9,46794.0,2024-05-08
2024050801016527,LSL,52,39,450.0,144.4,64980.0,2024-05-08
2024050804005275,RHPL,25,32,10.0,263.0,2630.0,2024-05-08
2024050801016526,VLUCL,47,25,176.0,448.7,78971.2,2024-05-08
2024050801016525,VLUCL,47,62,50.0,448.6,22430.0,2024-05-08
2024050803015265,MPFL,67,32,850.0,452.0,384200.0,2024-05-08
2024050803015264,PFL,32,42,20.0,651.0,13020.0,2024-05-08
2024050801016524,MEL,57,7,120.0,231.9,27828.0,2024-05-08
2024050804005274,NLG,34,63,10.0,754.8,7548.0,2024-05-08
2024050804005273,NLG,34,43,10.0,753.0,7530.0,2024-05-08
2024050804005272,NLG,34,22,100.0,751.0,75100.0,2024-05-08
2024050801016523,CITY,68,34,10.0,576.0,5760.0,2024-05-08
2024050801016522,AVYAN,62,51,259.0,822.7,213079.3,2024-05-08
2024050801016521,AVYAN,62,51,37.0,822.5,30432.5,2024-05-08
2024050801016520,AVYAN,62,4,204.0,822.0,167688.0,2024-05-08
2024050801016519,NBL,38,43,10.0,196.4,1964.0,2024-05-08
2024050803015263,GBBL,41,65,100.0,365.0,36500.0,2024-05-08
2024050803015262,GBBL,41,65,100.0,366.0,36600.0,2024-05-08
2024050803015261,VLBS,42,49,478.0,860.0,411080.0,2024-05-08
2024050803015260,VLBS,42,57,22.0,857.1,18856.2,2024-05-08
2024050805003066,NTC,63,49,50.0,809.1,40455.0,2024-05-08
2024050803015259,GMFIL,77,56,30.0,386.0,11580.0,2024-05-08
2024050805003065,NIFRA,13,33,100.0,191.3,19130.0,2024-05-08
2024050801016518,RAWA,29,21,60.0,459.1,27546.0,2024-05-08
2024050801016517,RAWA,58,21,100.0,459.2,45920.0,2024-05-08
2024050801016516,RAWA,22,21,10.0,460.0,4600.0,2024-05-08
2024050804005271,SGIC,20,59,44.0,523.0,23012.0,2024-05-08
2024050804005270,SGIC,20,21,23.0,523.0,12029.0,2024-05-08
2024050804005269,UMHL,54,90,10.0,226.9,2269.0,2024-05-08
2024050803015258,SWBBL,10,49,10.0,778.5,7785.0,2024-05-08
2024050803015257,SWBBL,10,14,21.0,778.0,16338.0,2024-05-08
2024050803015256,ILBS,43,54,11.0,1399.0,15389.0,2024-05-08
2024050801016515,MCHL,5,47,350.0,355.5,124425.0,2024-05-08
2024050801016514,MCHL,17,47,100.0,355.6,35560.0,2024-05-08
2024050801016513,MCHL,14,47,50.0,355.6,17780.0,2024-05-08
2024050803015255,ACLBSL,62,49,30.0,899.6,26988.0,2024-05-08
2024050803015254,ACLBSL,62,48,200.0,899.0,179800.0,2024-05-08
2024050803015253,ACLBSL,62,51,10.0,899.0,8990.0,2024-05-08
2024050803015252,ACLBSL,62,49,120.0,899.0,107880.0,2024-05-08
2024050803015251,ACLBSL,62,48,140.0,898.0,125720.0,2024-05-08
2024050803015250,SJLIC,42,54,12.0,401.9,4822.8,2024-05-08
2024050801016512,SNLI,57,42,15.0,582.0,8730.0,2024-05-08
2024050801016511,SNLI,32,42,59.0,582.0,34338.0,2024-05-08
2024050801016510,SNLI,6,42,250.0,582.1,145525.0,2024-05-08
2024050801016509,SNLI,21,42,20.0,582.1,11642.0,2024-05-08
2024050801016508,SNLI,51,42,80.0,582.3,46584.0,2024-05-08
2024050801016507,SNLI,58,42,20.0,582.4,11648.0,2024-05-08
2024050801016506,SNLI,52,42,17.0,582.5,9902.5,2024-05-08
2024050801016505,SNLI,38,42,50.0,582.5,29125.0,2024-05-08
2024050801016504,SNLI,41,42,45.0,582.5,26212.5,2024-05-08
2024050801016503,SNLI,56,42,200.0,582.6,116520.0,2024-05-08
2024050801016502,SNLI,52,42,15.0,582.7,8740.5,2024-05-08
2024050801016501,SNLI,19,42,200.0,583.0,116600.0,2024-05-08
2024050801016500,SNLI,51,42,20.0,583.0,11660.0,2024-05-08
2024050801016499,SNLI,49,42,126.0,583.0,73458.0,2024-05-08
2024050801016498,SNLI,17,42,50.0,583.0,29150.0,2024-05-08
2024050801016497,SNLI,33,42,50.0,583.0,29150.0,2024-05-08
2024050801016496,SNLI,55,42,300.0,583.0,174900.0,2024-05-08
2024050801016495,SNLI,26,42,50.0,583.0,29150.0,2024-05-08
2024050801016494,SNLI,44,42,58.0,583.0,33814.0,2024-05-08
2024050801016493,SNLI,7,42,500.0,583.0,291500.0,2024-05-08
2024050801016492,SNLI,39,42,30.0,583.0,17490.0,2024-05-08
2024050801016491,SNLI,59,42,100.0,583.0,58300.0,2024-05-08
2024050801016490,SNLI,55,42,10.0,583.0,5830.0,2024-05-08
2024050801016489,SNLI,28,42,100.0,583.0,58300.0,2024-05-08
2024050801016488,SNLI,40,42,160.0,583.0,93280.0,2024-05-08
2024050801016487,SNLI,62,42,50.0,583.0,29150.0,2024-05-08
2024050801016486,SNLI,11,42,10.0,583.0,5830.0,2024-05-08
2024050801016485,SNLI,16,42,60.0,583.0,34980.0,2024-05-08
2024050801016484,SNLI,57,42,18.0,583.0,10494.0,2024-05-08
2024050801016483,SNLI,59,42,43.0,583.1,25073.3,2024-05-08
2024050801016482,SNLI,57,42,10.0,583.1,5831.0,2024-05-08
2024050801016481,SNLI,32,42,12.0,583.2,6998.4,2024-05-08
2024050801016480,SNLI,6,42,50.0,583.4,29170.0,2024-05-08
2024050801016479,SNLI,52,42,12.0,583.4,7000.8,2024-05-08
2024050801016478,SNLI,14,42,500.0,583.5,291750.0,2024-05-08
2024050801016477,SNLI,17,42,25.0,583.7,14592.5,2024-05-08
2024050801016476,SNLI,38,42,30.0,583.9,17517.0,2024-05-08
2024050801016475,SNLI,25,42,10.0,583.9,5839.0,2024-05-08
2024050801016474,SNLI,11,42,150.0,584.0,87600.0,2024-05-08
2024050801016473,SNLI,49,42,25.0,584.0,14600.0,2024-05-08
2024050801016472,SNLI,38,42,100.0,584.0,58400.0,2024-05-08
2024050801016471,SNLI,38,42,90.0,584.0,52560.0,2024-05-08
2024050803015249,SFCL,53,52,195.0,353.0,68835.0,2024-05-08
2024050803015248,SFCL,57,52,47.0,353.0,16591.0,2024-05-08
2024050803015247,SABSL,49,14,10.0,882.0,8820.0,2024-05-08
2024050804005268,NICL,13,34,100.0,817.8,81780.0,2024-05-08
2024050801016470,USHEC,77,94,200.0,367.9,73580.0,2024-05-08
2024050801016469,USHEC,77,58,10.0,367.5,3675.0,2024-05-08
2024050801016468,USHEC,77,58,100.0,367.0,36700.0,2024-05-08
2024050801016467,USHEC,77,42,10.0,367.0,3670.0,2024-05-08
2024050801016466,USHEC,77,25,10.0,367.0,3670.0,2024-05-08
2024050801016465,USHEC,77,41,10.0,366.0,3660.0,2024-05-08
2024050801016464,USHEC,77,41,10.0,365.0,3650.0,2024-05-08
2024050801016463,USHEC,77,38,10.0,365.0,3650.0,2024-05-08
2024050801016462,USHEC,77,19,10.0,365.0,3650.0,2024-05-08
2024050801016461,USHEC,77,58,10.0,364.0,3640.0,2024-05-08
2024050801016460,CYCL,5,16,10.0,1577.0,15770.0,2024-05-08
2024050803015246,ILBS,43,20,19.0,1399.0,26581.0,2024-05-08
2024050803015245,NFS,95,10,100.0,533.0,53300.0,2024-05-08
2024050805003064,NIFRA,46,33,50.0,191.3,9565.0,2024-05-08
2024050804005267,UMRH,53,14,100.0,331.0,33100.0,2024-05-08
2024050805003063,HRL,16,57,1.0,555.0,555.0,2024-05-08
2024050804005266,SSHL,41,38,200.0,158.6,31720.0,2024-05-08
2024050801016459,SNLI,38,38,100.0,584.0,58400.0,2024-05-08
2024050801016458,SNLI,34,38,100.0,584.1,58410.0,2024-05-08
2024050803015244,ILBS,40,58,40.0,1401.9,56076.0,2024-05-08
2024050803015243,ICFC,21,42,30.0,523.5,15705.0,2024-05-08
2024050805003062,CHDC,49,57,10.0,677.0,6770.0,2024-05-08
2024050803015242,GUFL,57,13,500.0,694.1,347050.0,2024-05-08
2024050805003061,NIFRA,21,33,100.0,191.3,19130.0,2024-05-08
2024050805003060,NIFRA,21,34,100.0,191.3,19130.0,2024-05-08
2024050805003059,HRL,58,45,10.0,561.7,5617.0,2024-05-08
2024050801016457,SHIVM,59,45,30.0,495.0,14850.0,2024-05-08
2024050801016456,SHIVM,47,45,50.0,495.0,24750.0,2024-05-08
2024050801016455,SHIVM,34,45,100.0,495.1,49510.0,2024-05-08
2024050804005265,JOSHI,45,28,1000.0,316.0,316000.0,2024-05-08
2024050805003058,NRIC,54,49,10.0,679.0,6790.0,2024-05-08
2024050801016454,NMB,53,52,10.0,170.5,1705.0,2024-05-08
2024050801016453,HDL,42,47,142.0,1301.2,184770.4,2024-05-08
2024050801016452,HDL,39,47,35.0,1301.5,45552.5,2024-05-08
2024050801016451,HDL,56,47,100.0,1302.0,130200.0,2024-05-08
2024050801016450,HDL,42,47,20.0,1302.0,26040.0,2024-05-08
2024050801016449,HDL,35,47,16.0,1303.0,20848.0,2024-05-08
2024050801016448,HDL,18,47,50.0,1303.0,65150.0,2024-05-08
2024050801016447,HDL,34,47,10.0,1303.0,13030.0,2024-05-08
2024050801016446,HDL,18,47,10.0,1303.0,13030.0,2024-05-08
2024050801016445,HDL,61,47,17.0,1305.0,22185.0,2024-05-08
2024050803015241,NLIC,57,3,100.0,574.9,57490.0,2024-05-08
2024050803015240,GUFL,14,52,10.0,695.0,6950.0,2024-05-08
2024050801016444,MHCL,47,89,100.0,366.3,36630.0,2024-05-08
2024050803015239,GBLBS,41,33,115.0,751.0,86365.0,2024-05-08
2024050803015238,NADEP,52,48,200.0,795.0,159000.0,2024-05-08
2024050801016443,NESDO,4,6,10.0,1801.0,18010.0,2024-05-08
2024050803015237,NLICL,38,58,175.0,531.0,92925.0,2024-05-08
2024050803015236,NLICL,38,58,225.0,531.0,119475.0,2024-05-08
2024050803015235,NLICL,52,58,100.0,533.0,53300.0,2024-05-08
2024050804005264,CHCL,77,58,10.0,430.0,4300.0,2024-05-08
2024050803015234,MPFL,49,39,20.0,455.0,9100.0,2024-05-08
2024050803015233,MPFL,33,39,275.0,455.0,125125.0,2024-05-08
2024050803015232,MPFL,7,39,80.0,455.0,36400.0,2024-05-08
2024050801016442,BNHC,53,3,10.0,428.0,4280.0,2024-05-08
2024050804005263,NHPC,53,86,10.0,142.8,1428.0,2024-05-08
2024050804005262,SHL,29,39,700.0,429.2,300440.0,2024-05-08
2024050804005261,SHL,48,39,100.0,429.3,42930.0,2024-05-08
2024050804005260,SHL,6,39,100.0,429.3,42930.0,2024-05-08
2024050804005259,SHL,7,39,100.0,429.5,42950.0,2024-05-08
2024050801016441,SONA,1,87,20.0,430.6,8612.0,2024-05-08
2024050801016440,SARBTM,7,32,209.0,743.2,155328.8,2024-05-08
2024050803015231,SKBBL,29,34,374.0,800.0,299200.0,2024-05-08
2024050803015230,SKBBL,16,34,20.0,800.0,16000.0,2024-05-08
2024050803015229,SKBBL,16,34,200.0,800.1,160020.0,2024-05-08
2024050803015228,SKBBL,21,34,500.0,800.7,400350.0,2024-05-08
2024050803015227,SKBBL,43,34,300.0,801.0,240300.0,2024-05-08
2024050803015226,SKBBL,34,34,20.0,801.0,16020.0,2024-05-08
2024050803015225,SKBBL,16,34,50.0,801.0,40050.0,2024-05-08
2024050803015224,SKBBL,62,34,300.0,801.1,240330.0,2024-05-08
2024050803015223,SKBBL,16,34,100.0,801.1,80110.0,2024-05-08
2024050803015222,SKBBL,43,34,100.0,801.1,80110.0,2024-05-08
2024050803015221,SKBBL,44,34,266.0,801.2,213119.2,2024-05-08
2024050803015220,SKBBL,17,34,200.0,802.0,160400.0,2024-05-08
2024050803015219,SKBBL,29,34,555.0,803.0,445665.0,2024-05-08
2024050801016439,PRVU,1,17,100.0,133.9,13390.0,2024-05-08
2024050803015218,SKBBL,41,34,15.0,803.0,12045.0,2024-05-08
2024050804005258,RADHI,50,59,100.0,225.4,22540.0,2024-05-08
2024050801016438,RFPL,6,47,10.0,337.2,3372.0,2024-05-08
2024050801016437,ULHC,4,40,10.0,321.0,3210.0,2024-05-08
2024050803015217,EDBL,29,44,200.0,374.0,74800.0,2024-05-08
2024050801016436,NICA,45,40,50.0,350.0,17500.0,2024-05-08
2024050801016435,NICA,45,14,89.0,350.0,31150.0,2024-05-08
2024050801016434,NICA,45,19,129.0,350.0,45150.0,2024-05-08
2024050801016433,NICA,45,46,10.0,349.9,3499.0,2024-05-08
2024050801016432,NICA,45,59,150.0,349.9,52485.0,2024-05-08
2024050803015216,LLBS,33,25,10.0,1079.9,10799.0,2024-05-08
2024050801016431,PPL,4,87,10.0,516.0,5160.0,2024-05-08
2024050803015215,PFL,36,51,450.0,645.1,290295.0,2024-05-08
2024050803015214,PFL,29,51,50.0,645.3,32265.0,2024-05-08
2024050803015213,PFL,34,51,500.0,646.0,323000.0,2024-05-08
2024050803015212,ACLBSL,62,48,60.0,898.0,53880.0,2024-05-08
2024050803015211,ACLBSL,62,16,90.0,898.0,80820.0,2024-05-08
2024050804005257,HURJA,38,58,200.0,275.0,55000.0,2024-05-08
2024050804005256,NGPL,38,88,58.0,301.0,17458.0,2024-05-08
2024050804005255,KKHC,34,48,100.0,217.0,21700.0,2024-05-08
2024050803015210,DDBL,7,43,50.0,717.0,35850.0,2024-05-08
2024050803015209,DDBL,21,43,500.0,717.5,358750.0,2024-05-08
2024050803015208,NMBMF,22,50,75.0,685.0,51375.0,2024-05-08
2024050804005254,NGPL,33,88,1000.0,301.0,301000.0,2024-05-08
2024050804005253,NGPL,17,88,100.0,301.0,30100.0,2024-05-08
2024050804005252,NGPL,89,88,300.0,301.0,90300.0,2024-05-08
2024050804005251,NGPL,70,88,200.0,301.0,60200.0,2024-05-08
2024050804005250,NGPL,80,88,500.0,301.1,150550.0,2024-05-08
2024050804005249,NGPL,38,88,100.0,301.1,30110.0,2024-05-08
2024050804005248,NGPL,1,88,300.0,301.2,90360.0,2024-05-08
2024050804005247,NGPL,42,88,100.0,301.2,30120.0,2024-05-08
2024050804005246,NGPL,37,88,500.0,301.2,150600.0,2024-05-08
2024050804005245,NGPL,45,88,200.0,301.3,60260.0,2024-05-08
2024050804005244,NGPL,37,88,250.0,301.3,75325.0,2024-05-08
2024050804005243,NGPL,41,88,200.0,301.4,60280.0,2024-05-08
2024050804005242,NGPL,67,88,982.0,301.5,296073.0,2024-05-08
2024050804005241,NGPL,14,88,200.0,301.6,60320.0,2024-05-08
2024050804005240,NGPL,44,88,10.0,301.6,3016.0,2024-05-08
2024050801016430,SMH,14,69,210.0,640.0,134400.0,2024-05-08
2024050801016429,SMH,11,69,200.0,640.1,128020.0,2024-05-08
2024050801016428,SMH,45,69,50.0,640.1,32005.0,2024-05-08
2024050801016427,SMH,88,69,100.0,641.0,64100.0,2024-05-08
2024050801016426,SMH,57,69,50.0,641.1,32055.0,2024-05-08
2024050801016425,SMH,21,69,100.0,642.5,64250.0,2024-05-08
2024050801016424,SMH,47,69,20.0,643.0,12860.0,2024-05-08
2024050801016423,SMH,88,69,100.0,643.0,64300.0,2024-05-08
2024050801016422,SMH,14,69,50.0,644.0,32200.0,2024-05-08
2024050801016421,SMH,37,69,100.0,645.0,64500.0,2024-05-08
2024050801016420,SMH,42,69,20.0,646.0,12920.0,2024-05-08
2024050801016419,MSHL,58,45,10.0,618.2,6182.0,2024-05-08
2024050801016418,MSHL,58,49,10.0,615.0,6150.0,2024-05-08
2024050803015207,NFS,58,10,30.0,534.0,16020.0,2024-05-08
2024050805003057,HIDCL,8,45,60.0,159.5,9570.0,2024-05-08
2024050801016417,SHIVM,58,50,200.0,497.0,99400.0,2024-05-08
2024050801016416,MANDU,29,48,10.0,775.0,7750.0,2024-05-08
2024050803015206,MNBBL,22,28,25.0,345.0,8625.0,2024-05-08
2024050803015205,RLFL,57,10,100.0,385.0,38500.0,2024-05-08
2024050803015204,RLFL,42,10,100.0,385.0,38500.0,2024-05-08
2024050803015203,RLFL,57,10,140.0,385.0,53900.0,2024-05-08
2024050803015202,JFL,62,57,79.0,522.2,41253.8,2024-05-08
2024050804005239,JOSHI,45,34,77.0,316.0,24332.0,2024-05-08
2024050804005238,JOSHI,45,34,53.0,316.0,16748.0,2024-05-08
2024050804005237,JOSHI,22,34,70.0,316.1,22127.0,2024-05-08
2024050803015201,GLBSL,74,16,13.0,2004.5,26058.5,2024-05-08
2024050801016415,HDL,61,54,13.0,1305.0,16965.0,2024-05-08
2024050801016414,HDL,61,54,10.0,1305.0,13050.0,2024-05-08
2024050801016413,HDL,61,54,28.0,1305.0,36540.0,2024-05-08
2024050801016412,HDL,61,57,22.0,1305.0,28710.0,2024-05-08
2024050801016411,HDL,61,49,25.0,1305.0,32625.0,2024-05-08
2024050801016410,HDL,61,42,30.0,1305.0,39150.0,2024-05-08
2024050801016409,HDL,61,42,55.0,1305.0,71775.0,2024-05-08
2024050803015200,GRDBL,84,44,79.0,435.0,34365.0,2024-05-08
2024050803015199,GRDBL,84,58,112.0,435.0,48720.0,2024-05-08
2024050803015198,GRDBL,84,58,782.0,435.0,340170.0,2024-05-08
2024050803015197,GRDBL,84,34,12.0,431.0,5172.0,2024-05-08
2024050803015196,GRDBL,84,42,15.0,430.0,6450.0,2024-05-08
2024050801016408,SRLI,45,52,20.0,425.1,8502.0,2024-05-08
2024050803015195,LBBL,21,41,100.0,375.0,37500.0,2024-05-08
2024050803015194,LBBL,21,45,14.0,373.0,5222.0,2024-05-08
2024050803015193,GFCL,34,26,100.0,467.9,46790.0,2024-05-08
2024050801016407,PPL,4,5,15.0,519.5,7792.5,2024-05-08
2024050801016406,SNLI,58,36,14.0,584.9,8188.6,2024-05-08
2024050804005236,SALICO,77,62,57.0,632.0,36024.0,2024-05-08
2024050803015192,PMLI,13,45,107.0,489.0,52323.0,2024-05-08
2024050803015191,PMLI,62,45,55.0,489.1,26900.5,2024-05-08
2024050805003056,NIFRA,7,37,176.0,191.2,33651.2,2024-05-08
2024050805003055,NIFRA,47,37,552.0,191.2,105542.4,2024-05-08
2024050801016405,SIKLES,44,8,10.0,500.0,5000.0,2024-05-08
2024050803015190,ACLBSL,62,16,390.0,898.0,350220.0,2024-05-08
2024050803015189,ACLBSL,62,66,10.0,897.9,8979.0,2024-05-08
2024050804005235,API,34,38,455.0,162.5,73937.5,2024-05-08
2024050805003054,MMF1,48,42,100.0,7.22,722.0,2024-05-08
2024050803015188,SWMF,81,43,100.0,820.2,82020.0,2024-05-08
2024050803015187,SINDU,81,45,10.0,381.0,3810.0,2024-05-08
2024050801016404,TVCL,88,7,70.0,444.9,31143.0,2024-05-08
2024050801016403,TVCL,37,7,100.0,445.0,44500.0,2024-05-08
2024050803015186,FMDBL,55,8,229.0,677.9,155239.1,2024-05-08
2024050803015185,FMDBL,55,57,200.0,677.8,135560.0,2024-05-08
2024050803015184,FMDBL,55,26,30.0,677.8,20334.0,2024-05-08
2024050803015183,FMDBL,55,34,41.0,677.0,27757.0,2024-05-08
2024050801016402,AVYAN,7,4,146.0,822.0,120012.0,2024-05-08
2024050801016401,RHGCL,29,26,10.0,334.0,3340.0,2024-05-08
2024050804005234,SHPC,5,7,10.0,326.0,3260.0,2024-05-08
2024050801016400,SMJC,34,11,10.0,356.0,3560.0,2024-05-08
2024050803015182,MLBL,35,88,10.0,326.8,3268.0,2024-05-08
2024050803015181,GFCL,34,74,180.0,467.9,84222.0,2024-05-08
2024050801016399,UNLB,38,51,20.0,1715.0,34300.0,2024-05-08
2024050801016398,SNLI,38,34,10.0,584.0,5840.0,2024-05-08
2024050803015180,SWBBL,38,14,29.0,778.0,22562.0,2024-05-08
2024050803015179,SWBBL,38,75,11.0,778.0,8558.0,2024-05-08
2024050803015178,SWBBL,38,1,10.0,778.0,7780.0,2024-05-08
2024050803015177,SWBBL,38,29,10.0,777.0,7770.0,2024-05-08
2024050804005233,BARUN,14,48,10.0,217.6,2176.0,2024-05-08
2024050804005232,RIDI,42,49,10.0,161.0,1610.0,2024-05-08
2024050801016397,MMKJL,21,64,20.0,429.0,8580.0,2024-05-08
2024050801016396,MMKJL,16,64,100.0,431.1,43110.0,2024-05-08
2024050801016395,MMKJL,87,64,30.0,431.1,12933.0,2024-05-08
2024050801016394,MLBS,28,51,46.0,1278.0,58788.0,2024-05-08
2024050801016393,MLBS,28,37,10.0,1277.9,12779.0,2024-05-08
2024050801016392,MLBS,28,41,56.0,1277.0,71512.0,2024-05-08
2024050801016391,MLBS,28,34,10.0,1275.0,12750.0,2024-05-08
2024050801016390,MLBS,28,66,10.0,1275.0,12750.0,2024-05-08
2024050801016389,MLBS,28,40,10.0,1274.0,12740.0,2024-05-08
2024050804005231,API,58,38,10.0,162.5,1625.0,2024-05-08
2024050801016388,SONA,1,45,10.0,430.6,4306.0,2024-05-08
2024050805003053,HRL,13,46,80.0,561.1,44888.0,2024-05-08
2024050805003052,HRL,56,46,100.0,561.2,56120.0,2024-05-08
2024050805003051,HRL,56,46,100.0,561.2,56120.0,2024-05-08
2024050805003050,HRL,18,46,130.0,561.2,72956.0,2024-05-08
2024050801016387,UHEWA,39,62,10.0,385.8,3858.0,2024-05-08
2024050803015176,GUFL,57,65,250.0,694.1,173525.0,2024-05-08
2024050803015175,GUFL,1,65,50.0,694.2,34710.0,2024-05-08
2024050803015174,ACLBSL,62,16,118.0,898.0,105964.0,2024-05-08
2024050803015173,ACLBSL,62,38,12.0,897.9,10774.8,2024-05-08
2024050803015172,ACLBSL,62,66,70.0,897.9,62853.0,2024-05-08
2024050803015171,LBBL,60,1,50.0,371.0,18550.0,2024-05-08
2024050803015170,HLI,34,57,50.0,379.8,18990.0,2024-05-08
2024050805003049,CMF1,43,50,5000.0,8.53,42650.0,2024-05-08
2024050804005230,TRH,34,45,60.0,701.0,42060.0,2024-05-08
2024050804005229,TRH,34,45,20.0,701.0,14020.0,2024-05-08
2024050804005228,TRH,19,45,10.0,701.1,7011.0,2024-05-08
2024050801016386,UNLB,91,45,5.0,1681.0,8405.0,2024-05-08
2024050804005227,HDHPC,52,53,50.0,129.0,6450.0,2024-05-08
2024050804005226,HDHPC,37,53,200.0,129.0,25800.0,2024-05-08
2024050801016385,SONA,7,44,463.0,430.7,199414.1,2024-05-08
2024050803015169,GMFIL,35,28,10.0,389.0,3890.0,2024-05-08
2024050803015168,GMFIL,35,13,20.0,388.0,7760.0,2024-05-08
2024050803015167,GMFIL,35,19,110.0,388.0,42680.0,2024-05-08
2024050803015166,GMFIL,35,58,10.0,387.9,3879.0,2024-05-08
2024050803015165,GMFIL,35,74,350.0,387.8,135730.0,2024-05-08
2024050803015164,GMFIL,35,29,1000.0,385.9,385900.0,2024-05-08
2024050801016384,BNT,58,1,10.0,12853.0,128530.0,2024-05-08
2024050801016383,CKHL,49,55,150.0,492.6,73890.0,2024-05-08
2024050801016382,MAKAR,5,58,50.0,345.3,17265.0,2024-05-08
2024050803015163,HLBSL,21,33,65.0,875.3,56894.5,2024-05-08
2024050803015162,HLBSL,38,33,100.0,876.0,87600.0,2024-05-08
2024050805003048,SMATA,42,65,100.0,962.0,96200.0,2024-05-08
2024050801016381,MLBS,6,40,90.0,1274.0,114660.0,2024-05-08
2024050803015161,ICFC,21,37,30.0,523.5,15705.0,2024-05-08
2024050803015160,ICFC,21,44,400.0,523.5,209400.0,2024-05-08
2024050804005225,RIDI,43,49,300.0,161.0,48300.0,2024-05-08
2024050803015159,GBBL,56,65,10.0,366.9,3669.0,2024-05-08
2024050801016380,SNLI,6,36,65.0,584.9,38018.5,2024-05-08
2024050801016379,SNLI,6,45,10.0,584.9,5849.0,2024-05-08
2024050801016378,SNLI,6,21,10.0,584.0,5840.0,2024-05-08
2024050801016377,SNLI,6,57,10.0,584.0,5840.0,2024-05-08
2024050801016376,SNLI,6,50,12.0,584.0,7008.0,2024-05-08
2024050803015158,HLI,59,55,90.0,379.0,34110.0,2024-05-08
2024050803015157,HLI,42,55,60.0,379.0,22740.0,2024-05-08
2024050803015156,PROFL,22,1,40.0,348.0,13920.0,2024-05-08
2024050801016375,MEL,58,7,70.0,231.9,16233.0,2024-05-08
2024050801016374,MEL,58,7,200.0,231.0,46200.0,2024-05-08
2024050801016373,MEL,58,85,500.0,231.0,115500.0,2024-05-08
2024050801016372,MEL,58,6,10.0,230.0,2300.0,2024-05-08
2024050801016371,MEL,58,34,10.0,230.0,2300.0,2024-05-08
2024050801016370,MEL,58,6,10.0,230.0,2300.0,2024-05-08
2024050801016369,MEL,58,1,300.0,230.0,69000.0,2024-05-08
2024050805003047,SMATA,37,47,10.0,963.0,9630.0,2024-05-08
2024050803015155,SMB,25,35,30.0,1428.9,42867.0,2024-05-08
2024050803015154,SMB,34,35,40.0,1428.9,57156.0,2024-05-08
2024050801016368,MKJC,28,35,100.0,420.0,42000.0,2024-05-08
2024050801016367,MKJC,22,35,100.0,420.0,42000.0,2024-05-08
2024050801016366,MKJC,50,35,50.0,420.1,21005.0,2024-05-08
2024050801016365,MKJC,47,35,10.0,420.1,4201.0,2024-05-08
2024050801016364,SNLI,32,50,11.0,584.0,6424.0,2024-05-08
2024050801016363,ILI,49,38,100.0,537.0,53700.0,2024-05-08
2024050801016362,ILI,34,38,10.0,537.0,5370.0,2024-05-08
2024050801016361,ILI,17,38,518.0,537.0,278166.0,2024-05-08
2024050803015153,GMFBS,38,42,24.0,1218.8,29251.2,2024-05-08
2024050803015152,SWMF,81,41,28.0,820.2,22965.6,2024-05-08
2024050803015151,MERO,49,57,500.0,695.0,347500.0,2024-05-08
2024050801016360,SHIVM,56,50,10.0,497.0,4970.0,2024-05-08
2024050803015150,NFS,69,10,105.0,534.0,56070.0,2024-05-08
2024050803015149,NFS,69,3,300.0,533.0,159900.0,2024-05-08
2024050803015148,NFS,69,16,65.0,533.0,34645.0,2024-05-08
2024050803015147,NFS,69,16,30.0,533.0,15990.0,2024-05-08
2024050801016359,ILI,17,63,82.0,537.0,44034.0,2024-05-08
2024050801016358,ILI,53,63,100.0,537.0,53700.0,2024-05-08
2024050801016357,ILI,57,63,25.0,537.0,13425.0,2024-05-08
2024050801016356,ILI,56,63,40.0,537.0,21480.0,2024-05-08
2024050801016355,ILI,49,63,20.0,537.0,10740.0,2024-05-08
2024050801016354,ILI,45,63,133.0,537.0,71421.0,2024-05-08
2024050801016353,ILI,50,63,100.0,537.0,53700.0,2024-05-08
2024050801016352,BHPL,32,63,75.0,521.0,39075.0,2024-05-08
2024050801016351,BHPL,35,63,20.0,521.1,10422.0,2024-05-08
2024050801016350,BHPL,44,63,50.0,521.3,26065.0,2024-05-08
2024050803015146,NLIC,44,20,142.0,574.0,81508.0,2024-05-08
2024050803015145,NLIC,36,20,58.0,574.0,33292.0,2024-05-08
2024050801016349,AVYAN,7,5,354.0,822.0,290988.0,2024-05-08
2024050801016348,AVYAN,38,5,10.0,822.1,8221.0,2024-05-08
2024050801016347,AVYAN,38,5,86.0,822.2,70709.2,2024-05-08
2024050801016346,AVYAN,62,5,20.0,822.5,16450.0,2024-05-08
2024050801016345,DOLTI,42,58,80.0,423.0,33840.0,2024-05-08
2024050801016344,GCIL,37,26,43.0,475.0,20425.0,2024-05-08
2024050803015144,CFCL,57,43,127.0,395.0,50165.0,2024-05-08
2024050803015143,CFCL,57,33,100.0,395.0,39500.0,2024-05-08
2024050803015142,CFCL,57,22,23.0,395.0,9085.0,2024-05-08
2024050801016343,MLBS,6,57,10.0,1274.0,12740.0,2024-05-08
2024050804005224,SHL,61,34,195.0,431.9,84220.5,2024-05-08
2024050804005223,SHL,61,58,205.0,431.9,88539.5,2024-05-08
2024050804005222,SHL,61,60,300.0,431.0,129300.0,2024-05-08
2024050804005221,SHL,61,35,100.0,430.9,43090.0,2024-05-08
2024050804005220,SHL,61,58,200.0,430.0,86000.0,2024-05-08
2024050801016342,JBLB,7,42,80.0,1325.6,106048.0,2024-05-08
2024050803015141,DDBL,34,71,139.0,724.9,100761.1,2024-05-08
2024050803015140,DDBL,34,57,50.0,723.0,36150.0,2024-05-08
2024050803015139,DDBL,34,20,41.0,719.0,29479.0,2024-05-08
2024050803015138,FOWAD,7,42,223.0,1189.0,265147.0,2024-05-08
2024050805003046,HRL,56,57,20.0,561.7,11234.0,2024-05-08
2024050804005219,KKHC,39,4,72.0,216.7,15602.4,2024-05-08
2024050803015137,DDBL,45,20,230.0,719.9,165577.0,2024-05-08
2024050803015136,DDBL,69,20,29.0,722.0,20938.0,2024-05-08
2024050804005218,PMHPL,45,45,60.0,218.3,13098.0,2024-05-08
2024050803015135,BFC,7,11,10.0,399.0,3990.0,2024-05-08
2024050801016341,MMKJL,33,34,10.0,432.0,4320.0,2024-05-08
2024050801016340,PRVU,51,17,50.0,133.9,6695.0,2024-05-08
2024050803015134,SABSL,57,32,113.0,870.1,98321.3,2024-05-08
2024050803015133,SABSL,22,32,200.0,872.0,174400.0,2024-05-08
2024050803015132,PFL,38,42,100.0,651.0,65100.0,2024-05-08
2024050804005217,UMHL,7,38,500.0,226.1,113050.0,2024-05-08
2024050801016339,SNLI,14,50,33.0,584.0,19272.0,2024-05-08
2024050801016338,SNLI,46,50,19.0,584.0,11096.0,2024-05-08
2024050801016337,SNLI,45,50,25.0,584.0,14600.0,2024-05-08
2024050804005216,HDHPC,37,50,300.0,129.0,38700.0,2024-05-08
2024050804005215,HDHPC,48,50,10.0,129.0,1290.0,2024-05-08
2024050804005214,HDHPC,48,50,141.0,129.0,18189.0,2024-05-08
2024050804005213,HDHPC,49,50,15.0,129.4,1941.0,2024-05-08
2024050805003045,SMATA,21,51,25.0,963.0,24075.0,2024-05-08
2024050801016336,SNLI,45,59,10.0,584.0,5840.0,2024-05-08
2024050803015131,FMDBL,11,34,10.0,677.0,6770.0,2024-05-08
2024050803015130,KMCDB,59,5,37.0,945.0,34965.0,2024-05-08
2024050804005212,LEC,11,38,10.0,178.0,1780.0,2024-05-08
2024050803015129,MLBBL,72,7,57.0,1210.0,68970.0,2024-05-08
2024050803015128,MLBBL,72,49,67.0,1210.0,81070.0,2024-05-08
2024050803015127,MLBBL,72,17,176.0,1209.0,212784.0,2024-05-08
2024050803015126,MLBBL,72,10,10.0,1208.9,12089.0,2024-05-08
2024050803015125,MLBBL,72,36,90.0,1208.8,108792.0,2024-05-08
2024050803015124,BFC,44,60,1000.0,399.7,399700.0,2024-05-08
2024050803015123,PROFL,80,1,101.0,348.0,35148.0,2024-05-08
2024050803015122,CORBL,45,57,115.0,457.0,52555.0,2024-05-08
2024050801016335,DLBS,58,61,25.0,1221.4,30535.0,2024-05-08
2024050801016334,HDL,42,42,10.0,1305.0,13050.0,2024-05-08
2024050803015121,PFL,52,42,90.0,653.0,58770.0,2024-05-08
2024050803015120,SHINE,57,42,90.0,380.0,34200.0,2024-05-08
2024050803015119,SHINE,45,42,100.0,380.0,38000.0,2024-05-08
2024050803015118,SHINE,65,42,2000.0,380.0,760000.0,2024-05-08
2024050803015117,SHINE,49,42,200.0,380.2,76040.0,2024-05-08
2024050803015116,SHINE,26,42,100.0,380.2,38020.0,2024-05-08
2024050803015115,SHINE,36,42,300.0,380.3,114090.0,2024-05-08
2024050803015114,SHINE,35,42,50.0,380.3,19015.0,2024-05-08
2024050803015113,SHINE,63,42,100.0,380.3,38030.0,2024-05-08
2024050803015112,SHINE,21,42,100.0,381.0,38100.0,2024-05-08
2024050803015111,SHINE,38,42,180.0,381.0,68580.0,2024-05-08
2024050803015110,SHINE,34,42,180.0,381.0,68580.0,2024-05-08
2024050803015109,SHINE,32,42,500.0,382.0,191000.0,2024-05-08
2024050803015108,SHINE,48,42,100.0,382.0,38200.0,2024-05-08
2024050801016333,RHGCL,74,43,1000.0,328.9,328900.0,2024-05-08
2024050804005211,SPDL,17,21,11.0,228.1,2509.1,2024-05-08
2024050803015107,KRBL,49,37,300.0,426.4,127920.0,2024-05-08
2024050803015106,KRBL,49,13,100.0,426.0,42600.0,2024-05-08
2024050803015105,KRBL,49,56,500.0,426.0,213000.0,2024-05-08
2024050801016332,NABIL,49,42,10.0,424.5,4245.0,2024-05-08
2024050803015104,MERO,7,37,75.0,694.0,52050.0,2024-05-08
2024050804005210,IGI,32,34,50.0,527.0,26350.0,2024-05-08
2024050804005209,IGI,49,34,60.0,527.0,31620.0,2024-05-08
2024050804005208,IGI,49,34,150.0,527.0,79050.0,2024-05-08
2024050804005207,IGI,17,34,90.0,527.0,47430.0,2024-05-08
2024050803015103,CBBL,34,25,50.0,835.0,41750.0,2024-05-08
2024050803015102,CBBL,34,42,50.0,835.0,41750.0,2024-05-08
2024050801016331,HDL,11,42,15.0,1305.0,19575.0,2024-05-08
2024050803015101,SIFC,17,58,440.0,431.0,189640.0,2024-05-08
2024050803015100,SIFC,52,58,500.0,432.2,216100.0,2024-05-08
2024050803015099,SIFC,46,58,60.0,433.0,25980.0,2024-05-08
2024050803015098,VLBS,22,57,13.0,857.1,11142.3,2024-05-08
2024050803015097,VLBS,20,57,25.0,857.1,21427.5,2024-05-08
2024050803015096,VLBS,29,57,40.0,859.0,34360.0,2024-05-08
2024050801016330,RHGCL,16,52,10.0,334.0,3340.0,2024-05-08
2024050801016329,NMB,29,43,280.0,169.0,47320.0,2024-05-08
2024050801016328,NMB,6,43,20.0,169.1,3382.0,2024-05-08
2024050801016327,NMB,13,43,100.0,169.1,16910.0,2024-05-08
2024050801016326,NMB,42,43,100.0,169.2,16920.0,2024-05-08
2024050804005206,RADHI,13,59,60.0,225.5,13530.0,2024-05-08
2024050803015095,FMDBL,11,14,90.0,677.0,60930.0,2024-05-08
2024050804005205,UPPER,38,25,26.0,161.0,4186.0,2024-05-08
2024050804005204,UPPER,22,25,24.0,161.0,3864.0,2024-05-08
2024050801016325,NWCL,17,57,40.0,702.0,28080.0,2024-05-08
2024050801016324,NWCL,26,57,25.0,702.1,17552.5,2024-05-08
2024050801016323,NWCL,51,57,35.0,703.0,24605.0,2024-05-08
2024050801016322,SNLI,45,14,40.0,584.0,23360.0,2024-05-08
2024050804005203,CHL,38,91,120.0,317.9,38148.0,2024-05-08
2024050804005202,CHL,38,5,80.0,317.0,25360.0,2024-05-08
2024050803015094,PROFL,80,38,300.0,348.0,104400.0,2024-05-08
2024050801016321,SMJC,34,63,500.0,356.0,178000.0,2024-05-08
2024050801016320,MHL,20,32,10.0,399.9,3999.0,2024-05-08
2024050801016319,MHL,20,58,10.0,396.0,3960.0,2024-05-08
2024050801016318,MHL,20,57,10.0,396.0,3960.0,2024-05-08
2024050801016317,IHL,28,72,10.0,372.0,3720.0,2024-05-08
2024050801016316,ILI,41,54,200.0,537.0,107400.0,2024-05-08
2024050801016315,NICA,45,47,64.0,347.4,22233.6,2024-05-08
2024050803015093,PFL,22,16,21.0,654.2,13738.2,2024-05-08
2024050803015092,PFL,22,6,30.0,653.0,19590.0,2024-05-08
2024050803015091,GFCL,53,74,10.0,467.9,4679.0,2024-05-08
2024050805003044,HRL,18,87,20.0,561.2,11224.0,2024-05-08
2024050801016314,SAHAS,65,62,50.0,481.0,24050.0,2024-05-08
2024050801016313,SBI,1,35,43.0,271.0,11653.0,2024-05-08
2024050803015090,SDLBSL,57,7,50.0,952.0,47600.0,2024-05-08
2024050801016312,SARBTM,7,32,360.0,743.2,267552.0,2024-05-08
2024050801016311,SARBTM,42,32,30.0,744.0,22320.0,2024-05-08
2024050801016310,SARBTM,45,32,20.0,744.0,14880.0,2024-05-08
2024050801016309,HDL,18,32,25.0,1303.0,32575.0,2024-05-08
2024050801016308,HDL,21,32,10.0,1304.0,13040.0,2024-05-08
2024050801016307,HDL,26,32,65.0,1304.0,84760.0,2024-05-08
2024050803015089,NMBMF,42,58,18.0,687.0,12366.0,2024-05-08
2024050803015088,NMBMF,42,1,22.0,686.5,15103.0,2024-05-08
2024050803015087,SFCL,57,42,12.0,353.0,4236.0,2024-05-08
2024050803015086,SFCL,17,42,11.0,353.0,3883.0,2024-05-08
2024050804005201,API,69,38,150.0,162.5,24375.0,2024-05-08
2024050801016306,CKHL,49,55,50.0,492.6,24630.0,2024-05-08
2024050803015085,SFCL,55,43,25.0,353.9,8847.5,2024-05-08
2024050801016305,ULHC,5,40,10.0,321.0,3210.0,2024-05-08
2024050803015084,SLBBL,47,80,100.0,738.0,73800.0,2024-05-08
2024050803015083,BFC,44,60,750.0,399.7,299775.0,2024-05-08
2024050804005200,CHCL,14,62,40.0,428.8,17152.0,2024-05-08
2024050803015082,ILBS,43,42,24.0,1399.0,33576.0,2024-05-08
2024050803015081,SLBBL,42,80,290.0,738.0,214020.0,2024-05-08
2024050803015080,SJLIC,52,48,375.0,401.0,150375.0,2024-05-08
2024050801016304,MSHL,55,16,10.0,612.0,6120.0,2024-05-08
2024050801016303,NESDO,4,45,10.0,1801.0,18010.0,2024-05-08
2024050801016302,BNHC,50,8,67.0,422.0,28274.0,2024-05-08
2024050801016301,BNHC,16,8,100.0,423.0,42300.0,2024-05-08
2024050801016300,BNHC,70,8,83.0,423.4,35142.2,2024-05-08
2024050801016299,BNHC,7,8,100.0,423.7,42370.0,2024-05-08
2024050801016298,BNHC,58,8,100.0,423.8,42380.0,2024-05-08
2024050801016297,HIDCLP,28,17,100.0,99.0,9900.0,2024-05-08
2024050801016296,BHPL,69,72,85.0,524.0,44540.0,2024-05-08
2024050801016295,ILI,41,14,97.0,537.0,52089.0,2024-05-08
2024050801016294,ILI,4,14,50.0,537.1,26855.0,2024-05-08
2024050801016293,ILI,77,14,103.0,537.2,55331.6,2024-05-08
2024050801016292,ILI,49,14,50.0,537.2,26860.0,2024-05-08
2024050801016291,SNLI,45,94,183.0,584.0,106872.0,2024-05-08
2024050801016290,SNLI,16,94,60.0,584.0,35040.0,2024-05-08
2024050801016289,SNLI,32,94,11.0,584.1,6425.1,2024-05-08
2024050801016288,BNHC,53,3,10.0,428.0,4280.0,2024-05-08
2024050801016287,NBLD87,62,38,25.0,995.0,24875.0,2024-05-08
2024050801016286,NBLD87,62,58,25.0,994.6,24865.0,2024-05-08
2024050803015079,FMDBL,49,14,10.0,677.5,6775.0,2024-05-08
2024050803015078,LBBL,60,14,745.0,371.0,276395.0,2024-05-08
2024050801016285,EHPL,42,57,10.0,439.0,4390.0,2024-05-08
2024050801016284,SBI,38,10,255.0,274.0,69870.0,2024-05-08
2024050801016283,SBI,38,59,500.0,273.9,136950.0,2024-05-08
2024050801016282,SBI,38,28,461.0,273.4,126037.4,2024-05-08
2024050801016281,SBI,38,25,25.0,273.3,6832.5,2024-05-08
2024050804005199,AHPC,71,38,67.0,157.4,10545.8,2024-05-08
2024050804005198,AHPC,52,38,200.0,157.5,31500.0,2024-05-08
2024050804005197,AHPC,65,38,24.0,157.5,3780.0,2024-05-08
2024050804005196,AHPC,7,38,39.0,157.5,6142.5,2024-05-08
2024050804005195,AHPC,49,38,60.0,157.5,9450.0,2024-05-08
2024050804005194,AHPC,34,38,50.0,158.0,7900.0,2024-05-08
2024050804005193,AHPC,16,38,50.0,158.2,7910.0,2024-05-08
2024050801016280,GBIME,38,49,50.0,172.0,8600.0,2024-05-08
2024050803015077,SWMF,81,48,107.0,820.1,87750.7,2024-05-08
2024050803015076,NFS,3,16,420.0,533.0,223860.0,2024-05-08
2024050803015075,NFS,3,38,80.0,532.0,42560.0,2024-05-08
2024050803015074,BFC,7,22,121.0,399.0,48279.0,2024-05-08
2024050803015073,BFC,62,22,250.0,399.0,99750.0,2024-05-08
2024050803015072,SABSL,32,14,10.0,882.0,8820.0,2024-05-08
2024050801016279,MKLB,18,16,11.0,1040.0,11440.0,2024-05-08
2024050801016278,BEDC,57,19,144.0,355.0,51120.0,2024-05-08
2024050801016277,BEDC,69,19,100.0,355.0,35500.0,2024-05-08
2024050801016276,BEDC,26,19,100.0,355.0,35500.0,2024-05-08
2024050801016275,BEDC,39,19,50.0,355.1,17755.0,2024-05-08
2024050801016274,BEDC,42,19,456.0,355.8,162244.8,2024-05-08
2024050803015071,NLIC,52,46,10.0,574.8,5748.0,2024-05-08
2024050801016273,SPC,47,17,286.0,475.0,135850.0,2024-05-08
2024050801016272,SPC,28,17,10.0,475.0,4750.0,2024-05-08
2024050801016271,SPC,42,17,14.0,475.0,6650.0,2024-05-08
2024050803015070,SHINE,48,59,200.0,382.0,76400.0,2024-05-08
2024050803015069,USLB,49,58,10.0,2010.0,20100.0,2024-05-08
2024050801016270,IHL,34,72,90.0,372.0,33480.0,2024-05-08
2024050801016269,ILI,52,63,20.0,537.3,10746.0,2024-05-08
2024050801016268,ILI,62,63,100.0,537.4,53740.0,2024-05-08
2024050801016267,ILI,38,63,90.0,537.5,48375.0,2024-05-08
2024050803015068,JFL,62,25,100.0,522.2,52220.0,2024-05-08
2024050804005192,UAIL,48,50,36.0,535.0,19260.0,2024-05-08
2024050804005191,UAIL,48,16,45.0,535.0,24075.0,2024-05-08
2024050804005190,UAIL,48,45,10.0,535.0,5350.0,2024-05-08
2024050804005189,JOSHI,29,57,10.0,317.0,3170.0,2024-05-08
2024050803015067,SIFC,17,58,30.0,431.0,12930.0,2024-05-08
2024050803015066,SIFC,56,58,260.0,431.0,112060.0,2024-05-08
2024050803015065,SIFC,17,58,500.0,432.0,216000.0,2024-05-08
2024050803015064,SIFC,33,58,200.0,432.1,86420.0,2024-05-08
2024050803015063,SIFC,45,58,10.0,432.1,4321.0,2024-05-08
2024050801016266,NESDO,49,58,55.0,1800.0,99000.0,2024-05-08
2024050804005188,NGPL,95,35,69.0,302.5,20872.5,2024-05-08
2024050804005187,JOSHI,22,14,80.0,316.1,25288.0,2024-05-08
2024050804005186,JOSHI,22,14,200.0,316.1,63220.0,2024-05-08
2024050804005185,JOSHI,45,14,520.0,316.2,164424.0,2024-05-08
2024050804005184,JOSHI,6,14,200.0,316.3,63260.0,2024-05-08
2024050803015062,KLBSL,57,26,36.0,904.0,32544.0,2024-05-08
2024050803015061,SAPDBL,38,38,640.0,319.0,204160.0,2024-05-08
2024050801016265,SONA,7,57,10.0,430.9,4309.0,2024-05-08
2024050804005183,CHCL,77,58,10.0,430.0,4300.0,2024-05-08
2024050804005182,HDHPC,49,45,75.0,129.4,9705.0,2024-05-08
2024050803015060,SWMF,26,48,43.0,820.1,35264.3,2024-05-08
2024050801016264,SONA,58,57,46.0,430.9,19821.4,2024-05-08
2024050803015059,RLFL,95,42,350.0,386.0,135100.0,2024-05-08
2024050803015058,RLFL,95,5,210.0,385.9,81039.0,2024-05-08
2024050803015057,MERO,57,37,25.0,694.0,17350.0,2024-05-08
2024050804005181,RIDI,43,26,200.0,161.0,32200.0,2024-05-08
2024050801016263,MBJC,16,49,90.0,283.0,25470.0,2024-05-08
2024050801016262,MBJC,3,49,300.0,283.0,84900.0,2024-05-08
2024050801016261,MBJC,58,49,10.0,283.0,2830.0,2024-05-08
2024050803015056,SMB,34,56,10.0,1428.9,14289.0,2024-05-08
2024050801016260,DLBS,4,58,10.0,1224.0,12240.0,2024-05-08
2024050804005180,API,52,34,1170.0,162.3,189891.0,2024-05-08
2024050804005179,API,44,34,100.0,162.4,16240.0,2024-05-08
2024050804005178,API,56,34,500.0,162.4,81200.0,2024-05-08
2024050804005177,API,48,34,10.0,162.4,1624.0,2024-05-08
2024050804005176,API,51,34,20.0,162.4,3248.0,2024-05-08
2024050805003043,SIGS2,48,14,100.0,8.0,800.0,2024-05-08
2024050801016259,PHCL,49,87,10.0,282.0,2820.0,2024-05-08
2024050804005175,KKHC,13,16,232.0,216.6,50251.2,2024-05-08
2024050804005174,KKHC,26,16,18.0,216.6,3898.8,2024-05-08
2024050803015055,GBLBS,94,57,154.0,757.8,116701.2,2024-05-08
2024050803015054,GBLBS,94,16,63.0,757.8,47741.4,2024-05-08
2024050803015053,GBLBS,94,58,500.0,757.0,378500.0,2024-05-08
2024050803015052,GBLBS,94,34,500.0,757.0,378500.0,2024-05-08
2024050803015051,GBLBS,94,42,150.0,757.0,113550.0,2024-05-08
2024050803015050,GBLBS,94,58,10.0,756.8,7568.0,2024-05-08
2024050803015049,GBLBS,94,49,15.0,756.0,11340.0,2024-05-08
2024050803015048,GBLBS,94,58,10.0,755.8,7558.0,2024-05-08
2024050803015047,GBLBS,94,34,10.0,755.8,7558.0,2024-05-08
2024050803015046,GBLBS,94,53,10.0,755.0,7550.0,2024-05-08
2024050803015045,GBLBS,94,57,10.0,755.0,7550.0,2024-05-08
2024050803015044,GBLBS,94,34,100.0,755.0,75500.0,2024-05-08
2024050803015043,GBLBS,94,34,1000.0,755.0,755000.0,2024-05-08
2024050803015042,GBLBS,94,45,50.0,754.8,37740.0,2024-05-08
2024050803015041,GBLBS,94,25,20.0,754.8,15096.0,2024-05-08
2024050803015040,GBLBS,94,20,10.0,754.0,7540.0,2024-05-08
2024050803015039,GBLBS,94,95,15.0,754.0,11310.0,2024-05-08
2024050803015038,GBLBS,94,49,41.0,753.7,30901.7,2024-05-08
2024050803015037,GBLBS,94,57,299.0,753.0,225147.0,2024-05-08
2024050803015036,GBLBS,94,45,33.0,752.6,24835.8,2024-05-08
2024050801016258,HDL,41,42,20.0,1305.0,26100.0,2024-05-08
2024050803015035,PROFL,80,13,400.0,348.0,139200.0,2024-05-08
2024050803015034,DDBL,69,7,26.0,722.0,18772.0,2024-05-08
2024050803015033,DDBL,69,29,14.0,722.0,10108.0,2024-05-08
2024050803015032,DDBL,69,22,50.0,721.0,36050.0,2024-05-08
2024050803015031,DDBL,69,6,50.0,721.0,36050.0,2024-05-08
2024050803015030,DDBL,69,39,31.0,720.0,22320.0,2024-05-08
2024050805003042,CHDC,38,56,83.0,675.0,56025.0,2024-05-08
2024050805003041,CHDC,32,56,29.0,675.1,19577.9,2024-05-08
2024050803015029,HLI,42,25,40.0,379.0,15160.0,2024-05-08
2024050801016257,SHIVM,44,45,10.0,495.0,4950.0,2024-05-08
2024050803015028,NLICL,38,29,40.0,531.0,21240.0,2024-05-08
2024050804005173,HURJA,17,58,40.0,274.1,10964.0,2024-05-08
2024050804005172,UPCL,44,36,500.0,187.4,93700.0,2024-05-08
2024050804005171,SHEL,57,57,607.0,147.5,89532.5,2024-05-08
2024050804005170,SHEL,13,57,600.0,147.5,88500.0,2024-05-08
2024050804005169,SHEL,55,57,50.0,147.5,7375.0,2024-05-08
2024050804005168,SHEL,36,57,500.0,147.5,73750.0,2024-05-08
2024050804005167,SHEL,71,57,600.0,147.6,88560.0,2024-05-08
2024050804005166,SHEL,52,57,100.0,147.6,14760.0,2024-05-08
2024050804005165,SHEL,28,57,510.0,147.6,75276.0,2024-05-08
2024050804005164,SHEL,71,57,600.0,147.7,88620.0,2024-05-08
2024050804005163,SHEL,35,57,500.0,147.8,73900.0,2024-05-08
2024050804005162,SHEL,48,57,200.0,147.8,29560.0,2024-05-08
2024050804005161,SHEL,74,57,100.0,147.8,14780.0,2024-05-08
2024050804005160,SHEL,4,57,53.0,147.9,7838.7,2024-05-08
2024050804005159,SHEL,52,57,200.0,147.9,29580.0,2024-05-08
2024050804005158,SHEL,42,57,380.0,148.0,56240.0,2024-05-08
2024050803015027,GMFIL,60,41,178.0,384.8,68494.4,2024-05-08
2024050803015026,NADEP,19,19,750.0,790.0,592500.0,2024-05-08
2024050803015025,NADEP,40,19,127.0,790.0,100330.0,2024-05-08
2024050803015024,NADEP,33,19,50.0,790.1,39505.0,2024-05-08
2024050803015023,NADEP,58,19,200.0,790.1,158020.0,2024-05-08
2024050803015022,NADEP,14,19,50.0,790.2,39510.0,2024-05-08
2024050803015021,NADEP,14,19,70.0,790.3,55321.0,2024-05-08
2024050803015020,NADEP,11,19,185.0,795.0,147075.0,2024-05-08
2024050803015019,NADEP,42,19,40.0,795.0,31800.0,2024-05-08
2024050804005157,CHL,91,8,400.0,316.1,126440.0,2024-05-08
2024050803015018,PROFL,80,34,100.0,348.0,34800.0,2024-05-08
2024050804005156,HPPL,58,54,200.0,245.3,49060.0,2024-05-08
2024050801016256,LSL,26,39,50.0,144.5,7225.0,2024-05-08
2024050801016255,ILI,38,48,10.0,537.5,5375.0,2024-05-08
2024050803015017,GILB,52,58,11.0,1121.0,12331.0,2024-05-08
2024050804005155,SHEL,36,32,133.0,149.0,19817.0,2024-05-08
2024050801016254,DLBS,58,32,10.0,1221.4,12214.0,2024-05-08
2024050805003040,NMB50,32,59,100.0,9.66,966.0,2024-05-08
2024050801016253,SGHC,52,57,80.0,311.5,24920.0,2024-05-08
2024050801016252,SGHC,29,57,100.0,311.5,31150.0,2024-05-08
2024050801016251,SGHC,39,57,50.0,311.5,15575.0,2024-05-08
2024050801016250,SGHC,51,57,10.0,311.5,3115.0,2024-05-08
2024050803015016,SAPDBL,48,59,13.0,317.0,4121.0,2024-05-08
2024050803015015,RLFL,28,5,280.0,385.9,108052.0,2024-05-08
2024050803015014,RLFL,28,14,200.0,385.5,77100.0,2024-05-08
2024050803015013,RLFL,28,59,20.0,385.4,7708.0,2024-05-08
2024050801016249,MKJC,47,34,151.0,420.1,63435.1,2024-05-08
2024050801016248,MKJC,10,34,100.0,420.6,42060.0,2024-05-08
2024050805003039,NRIC,45,49,10.0,679.0,6790.0,2024-05-08
2024050803015012,SADBL,60,45,60.0,307.0,18420.0,2024-05-08
2024050801016247,HDL,18,47,65.0,1303.0,84695.0,2024-05-08
2024050801016246,HDL,41,47,25.0,1304.0,32600.0,2024-05-08
2024050801016245,HDL,48,47,20.0,1304.0,26080.0,2024-05-08
2024050804005154,UPPER,22,53,76.0,161.0,12236.0,2024-05-08
2024050804005153,UPPER,47,53,100.0,161.0,16100.0,2024-05-08
2024050804005152,UPPER,67,53,10.0,161.0,1610.0,2024-05-08
2024050804005151,UPPER,21,53,14.0,161.0,2254.0,2024-05-08
2024050803015011,MFIL,58,49,25.0,511.0,12775.0,2024-05-08
2024050801016244,SNLI,16,1,40.0,584.0,23360.0,2024-05-08
2024050803015010,MPFL,7,62,20.0,455.0,9100.0,2024-05-08
2024050803015009,BFC,62,6,200.0,399.0,79800.0,2024-05-08
2024050803015008,SWMF,26,49,135.0,820.1,110713.5,2024-05-08
2024050803015007,MLBBL,49,36,10.0,1208.8,12088.0,2024-05-08
2024050803015006,PFL,22,62,50.0,651.0,32550.0,2024-05-08
2024050803015005,VLBS,45,46,40.0,861.0,34440.0,2024-05-08
2024050803015004,PROFL,80,58,55.0,348.0,19140.0,2024-05-08
2024050803015003,PROFL,80,46,44.0,347.9,15307.6,2024-05-08
2024050803015002,NFS,42,16,50.0,533.0,26650.0,2024-05-08
2024050803015001,NFS,42,56,200.0,532.9,106580.0,2024-05-08
2024050803015000,NFS,42,59,80.0,532.9,42632.0,2024-05-08
2024050803014999,JBBL,41,33,1000.0,287.0,287000.0,2024-05-08
2024050803014998,ALBSL,49,29,25.0,850.0,21250.0,2024-05-08
2024050801016243,AVYAN,62,42,10.0,822.5,8225.0,2024-05-08
2024050803014997,CORBL,45,57,28.0,458.0,12824.0,2024-05-08
