transaction,symbol,buyer,seller,quantity,rate,amount,date
2024040203009202,SHINE,42,34,113.0,371.0,41923.0,2024-04-02
2024040203009201,SHINE,42,5,442.0,370.0,163540.0,2024-04-02
2024040205003762,CHDC,18,21,10.0,907.0,9070.0,2024-04-02
2024040205003761,CHDC,18,14,10.0,907.0,9070.0,2024-04-02
2024040204008002,DHPL,3,35,20.0,196.0,3920.0,2024-04-02
2024040204008001,MHNL,4,4,10.0,236.6,2366.0,2024-04-02
2024040203009200,BFC,4,58,10.0,337.0,3370.0,2024-04-02
2024040201025262,RHGCL,85,17,30.0,323.0,9690.0,2024-04-02
2024040203009199,ILBS,22,81,10.0,907.8,9078.0,2024-04-02
2024040204008000,API,51,47,10.0,175.9,1759.0,2024-04-02
2024040203009198,GUFL,22,6,100.0,880.0,88000.0,2024-04-02
2024040204007999,UNHPL,42,51,292.0,231.6,67627.2,2024-04-02
2024040204007998,AKPL,5,57,300.0,174.9,52470.0,2024-04-02
2024040203009197,GMFIL,51,34,10.0,357.0,3570.0,2024-04-02
2024040201025261,SRLI,14,53,10.0,440.0,4400.0,2024-04-02
2024040204007997,TRH,58,49,100.0,809.0,80900.0,2024-04-02
2024040201025260,RFPL,32,36,58.0,409.0,23722.0,2024-04-02
2024040201025259,RFPL,32,38,190.0,408.3,77577.0,2024-04-02
2024040201025258,RFPL,32,45,10.0,408.0,4080.0,2024-04-02
2024040201025257,RFPL,32,17,10.0,408.0,4080.0,2024-04-02
2024040204007996,GLH,32,49,10.0,216.9,2169.0,2024-04-02
2024040201025256,MKHC,33,75,10.0,330.1,3301.0,2024-04-02
2024040203009196,GUFL,41,39,50.0,879.9,43995.0,2024-04-02
2024040204007995,SGIC,58,57,200.0,533.0,106600.0,2024-04-02
2024040203009195,GUFL,21,6,10.0,880.0,8800.0,2024-04-02
2024040205003760,CHDC,21,14,40.0,907.0,36280.0,2024-04-02
2024040201025255,PPL,21,71,3000.0,594.0,1782000.0,2024-04-02
2024040204007994,JOSHI,57,45,570.0,332.1,189297.0,2024-04-02
2024040204007993,JOSHI,35,45,500.0,332.1,166050.0,2024-04-02
2024040204007992,JOSHI,1,45,250.0,332.3,83075.0,2024-04-02
2024040201025254,ULHC,45,58,10.0,343.9,3439.0,2024-04-02
2024040201025253,ULHC,45,73,50.0,342.0,17100.0,2024-04-02
2024040204007991,GHL,56,59,10.0,150.9,1509.0,2024-04-02
2024040201025252,NYADI,65,38,210.0,307.0,64470.0,2024-04-02
2024040201025251,NYADI,65,25,100.0,307.0,30700.0,2024-04-02
2024040201025250,NYADI,65,38,100.0,307.0,30700.0,2024-04-02
2024040201025249,NYADI,65,34,50.0,307.0,15350.0,2024-04-02
2024040201025248,NYADI,65,38,490.0,307.0,150430.0,2024-04-02
2024040201025247,NYADI,65,25,50.0,306.1,15305.0,2024-04-02
2024040201025246,PPL,6,71,30.0,594.0,17820.0,2024-04-02
2024040201025245,TSHL,17,62,10.0,508.0,5080.0,2024-04-02
2024040203009194,USLB,62,55,66.0,1589.9,104933.4,2024-04-02
2024040203009193,USLB,62,57,10.0,1585.0,15850.0,2024-04-02
2024040203009192,USLB,62,19,90.0,1585.0,142650.0,2024-04-02
2024040203009191,USLB,62,34,34.0,1584.9,53886.6,2024-04-02
2024040203009190,USLB,62,29,50.0,1584.8,79240.0,2024-04-02
2024040201025244,RAWA,29,49,10.0,483.0,4830.0,2024-04-02
2024040201025243,NRM,53,21,10.0,373.0,3730.0,2024-04-02
2024040201025242,SIKLES,35,53,850.0,520.0,442000.0,2024-04-02
2024040205003759,SMATA,88,14,10.0,699.0,6990.0,2024-04-02
2024040201025241,PPL,88,57,20.0,544.5,10890.0,2024-04-02
2024040201025240,MMKJL,64,45,10.0,419.9,4199.0,2024-04-02
2024040201025239,SONA,56,64,70.0,469.3,32851.0,2024-04-02
2024040201025238,SONA,41,64,30.0,469.3,14079.0,2024-04-02
2024040201025237,MHCL,44,71,20.0,422.0,8440.0,2024-04-02
2024040201025236,VLUCL,19,44,10.0,505.0,5050.0,2024-04-02
2024040201025235,VLUCL,14,44,150.0,505.0,75750.0,2024-04-02
2024040201025234,KBL,52,7,393.0,136.5,53644.5,2024-04-02
2024040201025233,SANIMA,52,42,80.0,234.6,18768.0,2024-04-02
2024040205003758,NTC,58,35,20.0,838.0,16760.0,2024-04-02
2024040205003757,NTC,58,35,10.0,838.0,8380.0,2024-04-02
2024040205003756,NTC,47,35,13.0,838.5,10900.5,2024-04-02
2024040205003755,HRL,34,35,20.0,595.2,11904.0,2024-04-02
2024040205003754,SMATA,34,14,65.0,699.0,45435.0,2024-04-02
2024040203009189,NMBMF,34,41,10.0,585.0,5850.0,2024-04-02
2024040203009188,NMBMF,34,25,10.0,584.9,5849.0,2024-04-02
2024040201025232,CKHL,70,50,20.0,555.7,11114.0,2024-04-02
2024040204007990,LEC,7,25,300.0,180.4,54120.0,2024-04-02
2024040201025231,BHDC,25,47,500.0,472.5,236250.0,2024-04-02
2024040201025230,BHDC,25,17,10.0,472.0,4720.0,2024-04-02
2024040201025229,BHDC,25,66,100.0,471.0,47100.0,2024-04-02
2024040201025228,RFPL,63,51,10.0,408.0,4080.0,2024-04-02
2024040201025227,SONA,63,58,100.0,469.9,46990.0,2024-04-02
2024040201025226,KBL,42,7,130.0,136.5,17745.0,2024-04-02
2024040203009187,FMDBL,42,38,45.0,612.0,27540.0,2024-04-02
2024040203009186,FMDBL,42,44,25.0,610.0,15250.0,2024-04-02
2024040203009185,GUFL,41,3,50.0,879.9,43995.0,2024-04-02
2024040203009184,SFCL,51,3,10.0,310.0,3100.0,2024-04-02
2024040201025225,PPL,5,33,10.0,544.5,5445.0,2024-04-02
2024040201025224,SBI,5,44,16.0,283.0,4528.0,2024-04-02
2024040201025223,SBI,5,22,28.0,281.0,7868.0,2024-04-02
2024040201025222,SBI,5,45,25.0,280.0,7000.0,2024-04-02
2024040201025221,SBI,5,44,480.0,279.8,134304.0,2024-04-02
2024040205003753,CHDC,5,32,30.0,906.0,27180.0,2024-04-02
2024040205003752,CHDC,5,57,10.0,905.0,9050.0,2024-04-02
2024040201025220,DOLTI,60,32,10.0,435.0,4350.0,2024-04-02
2024040201025219,SONA,39,58,500.0,469.9,234950.0,2024-04-02
2024040201025218,NRM,41,32,10.0,371.0,3710.0,2024-04-02
2024040201025217,NRM,45,32,20.0,371.0,7420.0,2024-04-02
2024040201025216,NRM,21,32,20.0,371.0,7420.0,2024-04-02
2024040201025215,MLBS,16,32,10.0,908.0,9080.0,2024-04-02
2024040201025214,NMB,58,19,500.0,178.2,89100.0,2024-04-02
2024040201025213,RHGCL,60,17,40.0,323.0,12920.0,2024-04-02
2024040203009183,GRDBL,34,49,10.0,363.5,3635.0,2024-04-02
2024040201025212,TSHL,17,45,100.0,508.0,50800.0,2024-04-02
2024040201025211,CLI,45,11,10.0,450.4,4504.0,2024-04-02
2024040203009182,GRDBL,34,16,10.0,363.5,3635.0,2024-04-02
2024040201025210,SHLB,66,4,10.0,975.0,9750.0,2024-04-02
2024040201025209,SHLB,66,36,10.0,975.0,9750.0,2024-04-02
2024040203009181,WNLB,71,26,100.0,1274.0,127400.0,2024-04-02
2024040203009180,GFCL,34,68,10.0,447.4,4474.0,2024-04-02
2024040203009179,GFCL,52,68,200.0,447.5,89500.0,2024-04-02
2024040204007989,HURJA,58,53,1540.0,309.9,477246.0,2024-04-02
2024040204007988,HURJA,58,58,10.0,309.9,3099.0,2024-04-02
2024040204007987,HURJA,58,32,105.0,309.8,32529.0,2024-04-02
2024040204007986,HURJA,58,39,1150.0,305.0,350750.0,2024-04-02
2024040204007985,HURJA,58,50,150.0,305.0,45750.0,2024-04-02
2024040204007984,HURJA,58,58,45.0,299.9,13495.5,2024-04-02
2024040201025208,MEL,65,33,10.0,224.9,2249.0,2024-04-02
2024040203009178,GUFL,62,6,10.0,880.0,8800.0,2024-04-02
2024040204007983,HURJA,58,14,50.0,299.9,14995.0,2024-04-02
2024040201025207,SONA,41,33,100.0,469.3,46930.0,2024-04-02
2024040203009177,SAPDBL,57,35,10.0,288.0,2880.0,2024-04-02
2024040205003751,NTC,57,34,10.0,842.0,8420.0,2024-04-02
2024040203009176,ALICL,36,44,100.0,555.0,55500.0,2024-04-02
2024040204007982,LEC,38,58,10.0,182.0,1820.0,2024-04-02
2024040204007981,LEC,38,44,500.0,181.8,90900.0,2024-04-02
2024040201025206,MHCL,53,53,20.0,417.0,8340.0,2024-04-02
2024040201025205,NRM,53,21,10.0,373.0,3730.0,2024-04-02
2024040201025204,RHGCL,69,17,474.0,323.0,153102.0,2024-04-02
2024040201025203,RHGCL,69,21,50.0,323.0,16150.0,2024-04-02
2024040201025202,RHGCL,69,13,40.0,322.0,12880.0,2024-04-02
2024040201025201,RHGCL,69,16,100.0,322.0,32200.0,2024-04-02
2024040201025200,RHGCL,69,56,100.0,321.0,32100.0,2024-04-02
2024040201025199,RHGCL,69,21,28.0,321.0,8988.0,2024-04-02
2024040201025198,RHGCL,69,22,100.0,320.0,32000.0,2024-04-02
2024040201025197,RHGCL,69,21,50.0,320.0,16000.0,2024-04-02
2024040201025196,RHGCL,69,49,460.0,320.0,147200.0,2024-04-02
2024040201025195,RHGCL,69,44,428.0,319.9,136917.2,2024-04-02
2024040201025194,RHGCL,69,16,100.0,319.0,31900.0,2024-04-02
2024040201025193,RHGCL,69,36,70.0,319.0,22330.0,2024-04-02
2024040201025192,PPL,69,33,11.0,544.5,5989.5,2024-04-02
2024040203009175,NABBC,64,54,10.0,428.0,4280.0,2024-04-02
2024040201025191,PCBL,44,44,10.0,189.9,1899.0,2024-04-02
2024040201025190,CZBIL,52,38,12.0,159.5,1914.0,2024-04-02
2024040204007980,SGIC,34,57,10.0,533.0,5330.0,2024-04-02
2024040204007979,UPPER,57,34,70.0,170.2,11914.0,2024-04-02
2024040204007978,RURU,14,48,7.0,670.0,4690.0,2024-04-02
2024040204007977,RURU,14,48,38.0,670.0,25460.0,2024-04-02
2024040201025189,KBL,48,7,410.0,136.5,55965.0,2024-04-02
2024040203009174,ILBS,70,25,14.0,902.1,12629.4,2024-04-02
2024040201025188,PPL,25,33,536.0,544.5,291852.0,2024-04-02
2024040201025187,PPL,25,41,10.0,544.5,5445.0,2024-04-02
2024040201025186,PPL,25,58,300.0,544.5,163350.0,2024-04-02
2024040201025185,PPL,25,45,35.0,544.5,19057.5,2024-04-02
2024040201025184,PPL,25,28,200.0,544.0,108800.0,2024-04-02
2024040201025183,PPL,25,28,10.0,542.6,5426.0,2024-04-02
2024040201025182,PPL,25,28,10.0,542.6,5426.0,2024-04-02
2024040201025181,PPL,25,28,399.0,542.6,216497.4,2024-04-02
2024040201025180,NICA,42,45,21.0,406.8,8542.8,2024-04-02
2024040201025179,NICA,42,36,35.0,406.6,14231.0,2024-04-02
2024040201025178,NICA,42,7,200.0,406.0,81200.0,2024-04-02
2024040201025177,NICA,42,54,115.0,406.0,46690.0,2024-04-02
2024040201025176,NICA,42,22,376.0,405.9,152618.4,2024-04-02
2024040201025175,NICA,42,25,53.0,405.8,21507.4,2024-04-02
2024040203009173,GMFIL,42,34,10.0,357.0,3570.0,2024-04-02
2024040204007976,UPPER,18,49,626.0,171.0,107046.0,2024-04-02
2024040204007975,UPPER,18,42,190.0,171.0,32490.0,2024-04-02
2024040204007974,UPPER,18,45,200.0,170.5,34100.0,2024-04-02
2024040204007973,UPPER,18,40,410.0,170.5,69905.0,2024-04-02
2024040204007972,UPPER,18,36,700.0,170.4,119280.0,2024-04-02
2024040204007971,UPPER,18,29,374.0,170.4,63729.6,2024-04-02
2024040201025174,GCIL,43,58,19.0,506.1,9615.9,2024-04-02
2024040201025173,MHCL,53,11,10.0,417.0,4170.0,2024-04-02
2024040201025172,SARBTM,39,4,50.0,925.0,46250.0,2024-04-02
2024040205003750,CIT,22,39,10.0,2098.4,20984.0,2024-04-02
2024040201025171,NICA,17,22,500.0,405.4,202700.0,2024-04-02
2024040203009172,GUFL,41,47,400.0,879.9,351960.0,2024-04-02
2024040201025170,MEHL,14,33,130.0,312.0,40560.0,2024-04-02
2024040203009171,GUFL,41,14,50.0,879.9,43995.0,2024-04-02
2024040203009170,MLBL,39,49,390.0,320.0,124800.0,2024-04-02
2024040203009169,FOWAD,91,32,30.0,1066.5,31995.0,2024-04-02
2024040203009168,FOWAD,17,32,10.0,1067.0,10670.0,2024-04-02
2024040201025169,RHGCL,32,36,20.0,319.0,6380.0,2024-04-02
2024040203009167,GRDBL,34,49,10.0,363.5,3635.0,2024-04-02
2024040203009166,MLBL,49,49,10.0,320.0,3200.0,2024-04-02
2024040201025168,SARBTM,39,49,50.0,925.0,46250.0,2024-04-02
2024040201025167,CYCL,45,59,10.0,1341.0,13410.0,2024-04-02
2024040201025166,SPL,54,45,50.0,654.9,32745.0,2024-04-02
2024040201025165,CKHL,57,50,100.0,556.0,55600.0,2024-04-02
2024040201025164,CKHL,6,50,10.0,556.0,5560.0,2024-04-02
2024040201025163,CKHL,38,50,40.0,556.0,22240.0,2024-04-02
2024040201025162,CKHL,38,50,100.0,558.0,55800.0,2024-04-02
2024040201025161,CKHL,3,50,100.0,558.2,55820.0,2024-04-02
2024040201025160,CKHL,42,50,16.0,558.3,8932.8,2024-04-02
2024040201025159,CKHL,38,50,20.0,558.5,11170.0,2024-04-02
2024040201025158,CKHL,41,50,425.0,558.5,237362.5,2024-04-02
2024040201025157,CKHL,90,50,100.0,560.0,56000.0,2024-04-02
2024040201025156,CKHL,13,50,10.0,566.1,5661.0,2024-04-02
2024040201025155,NIMB,21,44,108.0,157.9,17053.2,2024-04-02
2024040201025154,NIMB,21,58,65.0,157.9,10263.5,2024-04-02
2024040201025153,NIMB,21,32,177.0,157.5,27877.5,2024-04-02
2024040201025152,NIMB,21,11,50.0,157.5,7875.0,2024-04-02
2024040201025151,NIMB,21,11,50.0,157.0,7850.0,2024-04-02
2024040201025150,NIMB,21,49,50.0,157.0,7850.0,2024-04-02
2024040201025149,SARBTM,58,45,70.0,929.0,65030.0,2024-04-02
2024040201025148,SARBTM,58,58,40.0,928.0,37120.0,2024-04-02
2024040201025147,JALPA,57,21,20.0,1197.0,23940.0,2024-04-02
2024040201025146,JALPA,57,14,20.0,1195.5,23910.0,2024-04-02
2024040201025145,JALPA,57,11,10.0,1195.5,11955.0,2024-04-02
2024040201025144,SARBTM,39,57,50.0,925.0,46250.0,2024-04-02
2024040201025143,DLBS,38,26,98.0,1296.0,127008.0,2024-04-02
2024040201025142,DLBS,38,59,104.0,1296.0,134784.0,2024-04-02
2024040201025141,DLBS,38,49,10.0,1296.0,12960.0,2024-04-02
2024040201025140,DLBS,38,13,10.0,1296.0,12960.0,2024-04-02
2024040201025139,DLBS,38,59,23.0,1296.0,29808.0,2024-04-02
2024040201025138,DLBS,38,14,10.0,1288.9,12889.0,2024-04-02
2024040201025137,DLBS,38,57,100.0,1275.0,127500.0,2024-04-02
2024040201025136,DLBS,38,42,51.0,1275.0,65025.0,2024-04-02
2024040201025135,DLBS,38,46,30.0,1275.0,38250.0,2024-04-02
2024040201025134,DLBS,38,21,10.0,1275.0,12750.0,2024-04-02
2024040201025133,DLBS,38,49,10.0,1271.0,12710.0,2024-04-02
2024040201025132,DLBS,38,61,44.0,1271.0,55924.0,2024-04-02
2024040201025131,MHL,29,38,20.0,424.0,8480.0,2024-04-02
2024040204007970,AHPC,35,13,749.0,171.2,128228.8,2024-04-02
2024040204007969,AHPC,43,13,251.0,171.2,42971.2,2024-04-02
2024040201025130,SHIVM,69,7,10.0,527.0,5270.0,2024-04-02
2024040203009165,GRDBL,34,8,10.0,363.5,3635.0,2024-04-02
2024040204007968,HURJA,1,14,500.0,299.9,149950.0,2024-04-02
2024040201025129,PHCL,35,37,75.0,316.0,23700.0,2024-04-02
2024040201025128,PHCL,26,37,200.0,316.0,63200.0,2024-04-02
2024040201025127,PHCL,13,37,25.0,316.0,7900.0,2024-04-02
2024040203009164,ALICL,44,44,10.0,555.0,5550.0,2024-04-02
2024040203009163,WNLB,44,26,10.0,1274.0,12740.0,2024-04-02
2024040201025126,HDL,34,59,15.0,1494.0,22410.0,2024-04-02
2024040201025125,RNLI,22,70,40.0,435.1,17404.0,2024-04-02
2024040201025124,RNLI,58,70,190.0,435.2,82688.0,2024-04-02
2024040201025123,PPL,25,28,10.0,542.6,5426.0,2024-04-02
2024040203009162,SIFC,57,42,200.0,360.0,72000.0,2024-04-02
2024040204007967,IGI,49,42,192.0,528.2,101414.4,2024-04-02
2024040204007966,IGI,25,42,20.0,528.2,10564.0,2024-04-02
2024040204007965,UMHL,11,57,10.0,238.8,2388.0,2024-04-02
2024040203009161,LBBL,51,20,10.0,377.0,3770.0,2024-04-02
2024040205003749,CIT,58,39,10.0,2098.4,20984.0,2024-04-02
2024040201025122,SHIVM,19,7,100.0,527.0,52700.0,2024-04-02
2024040203009160,MDB,45,51,10.0,423.0,4230.0,2024-04-02
2024040203009159,MPFL,45,66,100.0,364.0,36400.0,2024-04-02
2024040204007964,NHPC,22,49,300.0,146.2,43860.0,2024-04-02
2024040204007963,NHPC,36,49,200.0,146.3,29260.0,2024-04-02
2024040201025121,DLBS,49,61,56.0,1271.0,71176.0,2024-04-02
2024040201025120,DLBS,49,62,44.0,1271.0,55924.0,2024-04-02
2024040204007962,MEN,45,58,50.0,500.0,25000.0,2024-04-02
2024040203009158,CFCL,45,45,10.0,344.9,3449.0,2024-04-02
2024040203009157,NFS,50,60,10.0,370.0,3700.0,2024-04-02
2024040203009156,PMLI,58,59,10.0,512.0,5120.0,2024-04-02
2024040201025119,NWCL,62,45,10.0,730.0,7300.0,2024-04-02
2024040201025118,ANLB,58,45,10.0,1970.0,19700.0,2024-04-02
2024040201025117,PPL,62,28,591.0,542.6,320676.6,2024-04-02
2024040201025116,PPL,62,26,10.0,542.6,5426.0,2024-04-02
2024040201025115,PPL,62,33,10.0,542.6,5426.0,2024-04-02
2024040201025114,PPL,62,46,10.0,542.0,5420.0,2024-04-02
2024040201025113,PPL,62,29,10.0,542.0,5420.0,2024-04-02
2024040201025112,PPL,62,44,10.0,542.0,5420.0,2024-04-02
2024040201025111,PPL,62,17,10.0,541.2,5412.0,2024-04-02
2024040201025110,PPL,62,3,10.0,541.0,5410.0,2024-04-02
2024040201025109,PPL,62,28,200.0,541.0,108200.0,2024-04-02
2024040201025108,PPL,62,58,10.0,541.0,5410.0,2024-04-02
2024040201025107,PPL,62,14,10.0,541.0,5410.0,2024-04-02
2024040201025106,PPL,62,14,10.0,541.0,5410.0,2024-04-02
2024040201025105,PPL,62,16,50.0,540.6,27030.0,2024-04-02
2024040201025104,PPL,62,49,2462.0,540.6,1330957.2,2024-04-02
2024040201025103,PPL,62,51,10.0,540.6,5406.0,2024-04-02
2024040201025102,PPL,62,21,10.0,540.6,5406.0,2024-04-02
2024040201025101,PPL,62,26,200.0,540.6,108120.0,2024-04-02
2024040201025100,PPL,62,28,100.0,540.0,54000.0,2024-04-02
2024040201025099,PPL,62,57,10.0,540.0,5400.0,2024-04-02
2024040201025098,PPL,62,42,10.0,540.0,5400.0,2024-04-02
2024040201025097,PPL,62,22,10.0,540.0,5400.0,2024-04-02
2024040201025096,PPL,62,52,10.0,540.0,5400.0,2024-04-02
2024040201025095,PPL,62,17,10.0,540.0,5400.0,2024-04-02
2024040201025094,PPL,62,58,10.0,540.0,5400.0,2024-04-02
2024040201025093,PPL,62,45,10.0,540.0,5400.0,2024-04-02
2024040201025092,PPL,62,46,10.0,540.0,5400.0,2024-04-02
2024040201025091,PPL,62,35,60.0,540.0,32400.0,2024-04-02
2024040201025090,PPL,62,59,10.0,540.0,5400.0,2024-04-02
2024040201025089,PPL,62,49,10.0,540.0,5400.0,2024-04-02
2024040201025088,PPL,62,53,10.0,540.0,5400.0,2024-04-02
2024040201025087,PPL,62,43,200.0,539.8,107960.0,2024-04-02
2024040201025086,PPL,62,7,10.0,539.6,5396.0,2024-04-02
2024040201025085,PPL,62,49,2000.0,539.5,1079000.0,2024-04-02
2024040201025084,PPL,62,58,10.0,539.5,5395.0,2024-04-02
2024040201025083,PPL,62,35,10.0,539.3,5393.0,2024-04-02
2024040201025082,PPL,62,49,100.0,539.2,53920.0,2024-04-02
2024040201025081,PPL,62,25,10.0,539.2,5392.0,2024-04-02
2024040201025080,PPL,62,56,10.0,539.0,5390.0,2024-04-02
2024040201025079,PPL,62,38,10.0,539.0,5390.0,2024-04-02
2024040201025078,PPL,62,26,10.0,539.0,5390.0,2024-04-02
2024040201025077,PPL,62,36,737.0,539.0,397243.0,2024-04-02
2024040201025076,DORDI,62,41,10.0,430.0,4300.0,2024-04-02
2024040203009155,MSLB,36,1,51.0,1077.0,54927.0,2024-04-02
2024040203009154,MSLB,36,45,53.0,1060.0,56180.0,2024-04-02
2024040203009153,MSLB,36,55,12.0,1060.0,12720.0,2024-04-02
2024040203009152,MSLB,36,49,100.0,1058.7,105870.0,2024-04-02
2024040203009151,MSLB,36,41,32.0,1055.0,33760.0,2024-04-02
2024040203009150,MSLB,36,72,100.0,1055.0,105500.0,2024-04-02
2024040203009149,MSLB,36,34,42.0,1054.5,44289.0,2024-04-02
2024040203009148,MSLB,36,32,30.0,1045.0,31350.0,2024-04-02
2024040203009147,NUBL,36,6,51.0,645.0,32895.0,2024-04-02
2024040201025075,SHIVM,13,7,100.0,527.0,52700.0,2024-04-02
2024040201025074,SHIVM,53,7,20.0,527.0,10540.0,2024-04-02
2024040201025073,CKHL,73,26,10.0,567.0,5670.0,2024-04-02
2024040204007961,UMHL,40,57,10.0,238.8,2388.0,2024-04-02
2024040203009146,GBLBS,35,65,200.0,635.0,127000.0,2024-04-02
2024040201025072,KDL,49,42,32.0,793.4,25388.8,2024-04-02
2024040201025071,HDL,88,59,20.0,1494.0,29880.0,2024-04-02
2024040204007960,RADHI,37,43,270.0,236.1,63747.0,2024-04-02
2024040204007959,RADHI,16,43,80.0,236.1,18888.0,2024-04-02
2024040204007958,RADHI,43,43,500.0,236.2,118100.0,2024-04-02
2024040204007957,RADHI,25,43,150.0,236.2,35430.0,2024-04-02
2024040203009145,GUFL,41,43,1000.0,879.9,879900.0,2024-04-02
2024040203009144,GUFL,41,32,10.0,879.9,8799.0,2024-04-02
2024040203009143,GUFL,41,62,10.0,879.9,8799.0,2024-04-02
2024040203009142,GUFL,41,22,10.0,879.9,8799.0,2024-04-02
2024040203009141,GUFL,41,74,100.0,879.0,87900.0,2024-04-02
2024040203009140,GUFL,41,6,1000.0,878.0,878000.0,2024-04-02
2024040203009139,GUFL,41,17,20.0,877.2,17544.0,2024-04-02
2024040203009138,GUFL,41,45,600.0,877.2,526320.0,2024-04-02
2024040203009137,GUFL,41,86,200.0,877.2,175440.0,2024-04-02
2024040203009136,GUFL,41,41,80.0,877.2,70176.0,2024-04-02
2024040203009135,GUFL,41,35,100.0,877.2,87720.0,2024-04-02
2024040203009134,GUFL,41,56,250.0,877.0,219250.0,2024-04-02
2024040203009133,GUFL,41,64,10.0,877.0,8770.0,2024-04-02
2024040203009132,GUFL,41,1,19.0,877.0,16663.0,2024-04-02
2024040203009131,GUFL,41,49,50.0,877.0,43850.0,2024-04-02
2024040203009130,GUFL,41,22,50.0,877.0,43850.0,2024-04-02
2024040203009129,GUFL,41,19,500.0,877.0,438500.0,2024-04-02
2024040203009128,GUFL,41,36,10.0,877.0,8770.0,2024-04-02
2024040203009127,GUFL,41,58,30.0,877.0,26310.0,2024-04-02
2024040203009126,GUFL,41,45,300.0,877.0,263100.0,2024-04-02
2024040203009125,GUFL,41,54,50.0,877.0,43850.0,2024-04-02
2024040203009124,GUFL,41,26,1000.0,877.0,877000.0,2024-04-02
2024040203009123,GUFL,41,58,20.0,877.0,17540.0,2024-04-02
2024040203009122,GUFL,41,26,500.0,877.0,438500.0,2024-04-02
2024040203009121,GUFL,41,3,400.0,876.0,350400.0,2024-04-02
2024040203009120,GUFL,41,21,100.0,875.0,87500.0,2024-04-02
2024040203009119,GUFL,41,36,29.0,875.0,25375.0,2024-04-02
2024040203009118,GUFL,41,8,50.0,875.0,43750.0,2024-04-02
2024040203009117,GUFL,41,64,20.0,875.0,17500.0,2024-04-02
2024040203009116,GUFL,41,25,60.0,875.0,52500.0,2024-04-02
2024040203009115,GUFL,41,38,500.0,875.0,437500.0,2024-04-02
2024040203009114,GUFL,41,64,10.0,875.0,8750.0,2024-04-02
2024040203009113,GUFL,41,58,10.0,875.0,8750.0,2024-04-02
2024040203009112,GUFL,41,5,25.0,875.0,21875.0,2024-04-02
2024040203009111,GUFL,41,32,989.0,875.0,865375.0,2024-04-02
2024040203009110,GUFL,41,43,480.0,875.0,420000.0,2024-04-02
2024040203009109,EDBL,41,42,20.0,354.8,7096.0,2024-04-02
2024040201025070,SARBTM,39,39,50.0,925.0,46250.0,2024-04-02
2024040201025069,BHL,45,65,10.0,340.9,3409.0,2024-04-02
2024040203009108,PROFL,56,34,100.0,313.7,31370.0,2024-04-02
2024040203009107,GUFL,41,36,44.0,874.9,38495.6,2024-04-02
2024040201025068,MEHL,57,33,20.0,312.0,6240.0,2024-04-02
2024040201025067,MEHL,37,33,20.0,312.0,6240.0,2024-04-02
2024040201025066,SARBTM,38,58,10.0,928.0,9280.0,2024-04-02
2024040201025065,SARBTM,38,58,50.0,927.0,46350.0,2024-04-02
2024040201025064,SARBTM,38,58,40.0,927.0,37080.0,2024-04-02
2024040201025063,MKCL,29,3,70.0,961.0,67270.0,2024-04-02
2024040201025062,MKCL,29,26,10.0,961.0,9610.0,2024-04-02
2024040201025061,MKCL,29,34,10.0,960.0,9600.0,2024-04-02
2024040201025060,MKCL,29,88,20.0,960.0,19200.0,2024-04-02
2024040201025059,MKCL,29,57,10.0,960.0,9600.0,2024-04-02
2024040201025058,MKCL,29,42,10.0,960.0,9600.0,2024-04-02
2024040201025057,MKCL,29,42,10.0,960.0,9600.0,2024-04-02
2024040201025056,MKCL,29,21,10.0,956.0,9560.0,2024-04-02
2024040201025055,MKCL,29,45,50.0,955.0,47750.0,2024-04-02
2024040203009106,CORBL,1,62,45.0,443.0,19935.0,2024-04-02
2024040203009105,CORBL,1,41,30.0,443.0,13290.0,2024-04-02
2024040203009104,CORBL,1,57,75.0,442.0,33150.0,2024-04-02
2024040203009103,CORBL,1,41,10.0,441.0,4410.0,2024-04-02
2024040203009102,CORBL,1,25,50.0,440.9,22045.0,2024-04-02
2024040203009101,CORBL,1,64,40.0,439.0,17560.0,2024-04-02
2024040203009100,CORBL,1,35,100.0,436.1,43610.0,2024-04-02
2024040203009099,CORBL,1,4,50.0,435.0,21750.0,2024-04-02
2024040201025054,MKHL,40,49,100.0,439.0,43900.0,2024-04-02
2024040201025053,MKHL,40,58,200.0,438.0,87600.0,2024-04-02
2024040203009098,MERO,55,25,10.0,620.0,6200.0,2024-04-02
2024040201025052,MBJC,55,26,10.0,310.0,3100.0,2024-04-02
2024040204007956,UPPER,57,3,1000.0,170.2,170200.0,2024-04-02
2024040205003748,NTC,47,43,37.0,838.5,31024.5,2024-04-02
2024040205003747,NTC,35,43,12.0,838.7,10064.4,2024-04-02
2024040205003746,NTC,45,43,41.0,840.0,34440.0,2024-04-02
2024040201025051,SARBTM,39,32,400.0,925.0,370000.0,2024-04-02
2024040201025050,BHDC,49,66,10.0,471.0,4710.0,2024-04-02
2024040203009097,SWBBL,50,41,10.0,755.0,7550.0,2024-04-02
2024040201025049,SARBTM,26,58,10.0,927.0,9270.0,2024-04-02
2024040201025048,SARBTM,39,68,50.0,925.0,46250.0,2024-04-02
2024040201025047,MHCL,53,58,10.0,417.0,4170.0,2024-04-02
2024040201025046,MHCL,21,58,70.0,417.1,29197.0,2024-04-02
2024040201025045,MHCL,38,58,150.0,417.3,62595.0,2024-04-02
2024040201025044,MHCL,58,58,10.0,417.4,4174.0,2024-04-02
2024040201025043,MHCL,22,58,60.0,418.0,25080.0,2024-04-02
2024040203009096,HLBSL,16,36,13.0,702.8,9136.4,2024-04-02
2024040201025042,GCIL,45,25,100.0,506.0,50600.0,2024-04-02
2024040204007955,JOSHI,45,49,10.0,333.0,3330.0,2024-04-02
2024040205003745,SMATA,38,14,10.0,699.0,6990.0,2024-04-02
2024040201025041,SONA,41,13,10.0,469.3,4693.0,2024-04-02
2024040201025040,NRM,45,21,10.0,373.0,3730.0,2024-04-02
2024040203009095,ALICL,13,44,150.0,555.0,83250.0,2024-04-02
2024040203009094,ALICL,32,44,980.0,555.0,543900.0,2024-04-02
2024040204007954,UPCL,34,61,24.0,206.0,4944.0,2024-04-02
2024040201025039,GCIL,67,25,393.0,506.0,198858.0,2024-04-02
2024040203009093,SJLIC,26,42,189.0,485.3,91721.7,2024-04-02
2024040201025038,KBL,4,7,96.0,136.5,13104.0,2024-04-02
2024040201025037,KBL,14,7,30.0,136.5,4095.0,2024-04-02
2024040201025036,KBL,57,7,1000.0,136.5,136500.0,2024-04-02
2024040204007953,RIDI,8,4,295.0,177.0,52215.0,2024-04-02
2024040201025035,GCIL,67,51,10.0,506.0,5060.0,2024-04-02
2024040203009092,GUFL,41,39,100.0,874.9,87490.0,2024-04-02
2024040201025034,SMJC,4,19,334.0,386.1,128957.4,2024-04-02
2024040201025033,SMJC,17,19,10.0,388.0,3880.0,2024-04-02
2024040201025032,EBL,49,29,50.0,497.0,24850.0,2024-04-02
2024040201025031,MHCL,50,49,10.0,420.0,4200.0,2024-04-02
2024040205003744,HRL,33,32,10.0,595.3,5953.0,2024-04-02
2024040204007952,KPCL,40,46,20.0,406.9,8138.0,2024-04-02
2024040204007951,SICL,54,32,11.0,693.0,7623.0,2024-04-02
2024040204007950,HDHPC,57,55,66.0,133.0,8778.0,2024-04-02
2024040204007949,HDHPC,59,55,500.0,133.0,66500.0,2024-04-02
2024040204007948,HDHPC,59,55,194.0,133.0,25802.0,2024-04-02
2024040204007947,HDHPC,4,55,740.0,133.3,98642.0,2024-04-02
2024040201025030,PPL,25,36,263.0,539.0,141757.0,2024-04-02
2024040201025029,PPL,25,6,10.0,539.0,5390.0,2024-04-02
2024040201025028,PPL,25,45,10.0,539.0,5390.0,2024-04-02
2024040201025027,PPL,25,38,10.0,539.0,5390.0,2024-04-02
2024040201025026,PPL,25,38,10.0,539.0,5390.0,2024-04-02
2024040201025025,PPL,25,58,40.0,538.0,21520.0,2024-04-02
2024040201025024,PPL,25,17,10.0,538.0,5380.0,2024-04-02
2024040201025023,PPL,25,58,50.0,538.0,26900.0,2024-04-02
2024040201025022,PPL,25,38,10.0,538.0,5380.0,2024-04-02
2024040201025021,PPL,25,34,10.0,538.0,5380.0,2024-04-02
2024040201025020,PPL,25,4,10.0,537.9,5379.0,2024-04-02
2024040201025019,PPL,25,48,10.0,536.0,5360.0,2024-04-02
2024040201025018,PPL,25,58,10.0,535.7,5357.0,2024-04-02
2024040201025017,PPL,25,51,470.0,535.0,251450.0,2024-04-02
2024040201025016,PPL,25,54,10.0,535.0,5350.0,2024-04-02
2024040201025015,PPL,25,8,10.0,535.0,5350.0,2024-04-02
2024040201025014,PPL,25,6,100.0,535.0,53500.0,2024-04-02
2024040201025013,PPL,25,54,10.0,535.0,5350.0,2024-04-02
2024040201025012,PPL,25,8,10.0,535.0,5350.0,2024-04-02
2024040201025011,PPL,25,21,10.0,535.0,5350.0,2024-04-02
2024040201025010,PPL,25,19,10.0,535.0,5350.0,2024-04-02
2024040201025009,PPL,25,4,10.0,535.0,5350.0,2024-04-02
2024040201025008,PPL,25,49,10.0,535.0,5350.0,2024-04-02
2024040201025007,PPL,25,38,10.0,535.0,5350.0,2024-04-02
2024040201025006,PPL,25,1,10.0,535.0,5350.0,2024-04-02
2024040201025005,PPL,25,59,10.0,535.0,5350.0,2024-04-02
2024040201025004,PPL,25,36,10.0,534.8,5348.0,2024-04-02
2024040201025003,PPL,25,56,10.0,534.0,5340.0,2024-04-02
2024040201025002,PPL,25,58,10.0,534.0,5340.0,2024-04-02
2024040201025001,PPL,25,34,100.0,534.0,53400.0,2024-04-02
2024040201025000,PPL,25,48,10.0,533.0,5330.0,2024-04-02
2024040201024999,PPL,25,58,10.0,531.0,5310.0,2024-04-02
2024040201024998,PPL,25,34,10.0,530.0,5300.0,2024-04-02
2024040201024997,PPL,25,58,10.0,530.0,5300.0,2024-04-02
2024040201024996,PPL,25,34,10.0,530.0,5300.0,2024-04-02
2024040201024995,PPL,25,49,85.0,530.0,45050.0,2024-04-02
2024040201024994,PPL,25,53,10.0,530.0,5300.0,2024-04-02
2024040201024993,PPL,25,14,10.0,530.0,5300.0,2024-04-02
2024040201024992,PPL,25,45,10.0,530.0,5300.0,2024-04-02
2024040201024991,PPL,25,29,10.0,530.0,5300.0,2024-04-02
2024040201024990,PPL,25,58,10.0,529.1,5291.0,2024-04-02
2024040201024989,PPL,25,49,52.0,529.0,27508.0,2024-04-02
2024040203009091,GUFL,41,14,2000.0,874.9,1749800.0,2024-04-02
2024040205003743,HIDCL,19,43,28.0,167.0,4676.0,2024-04-02
2024040201024988,MKHL,58,19,800.0,437.0,349600.0,2024-04-02
2024040203009090,GILB,62,42,11.0,988.0,10868.0,2024-04-02
2024040203009089,GILB,62,57,30.0,987.0,29610.0,2024-04-02
2024040201024987,SARBTM,39,57,50.0,925.0,46250.0,2024-04-02
2024040201024986,NICA,17,77,50.0,405.4,20270.0,2024-04-02
2024040205003742,NIFRA,56,41,10.0,203.6,2036.0,2024-04-02
2024040205003741,NIFRA,56,48,40.0,203.5,8140.0,2024-04-02
2024040203009088,MFIL,53,32,10.0,498.9,4989.0,2024-04-02
2024040203009087,NABBC,64,55,260.0,434.0,112840.0,2024-04-02
2024040203009086,NABBC,64,14,200.0,428.0,85600.0,2024-04-02
2024040203009085,NABBC,64,50,50.0,426.0,21300.0,2024-04-02
2024040203009084,NABBC,64,37,400.0,420.1,168040.0,2024-04-02
2024040203009083,NABBC,64,40,790.0,420.0,331800.0,2024-04-02
2024040203009082,KLBSL,17,48,10.0,892.0,8920.0,2024-04-02
2024040204007946,UPPER,57,40,500.0,170.2,85100.0,2024-04-02
2024040204007945,HURJA,35,14,100.0,299.9,29990.0,2024-04-02
2024040201024985,GCIL,67,74,11.0,506.0,5566.0,2024-04-02
2024040201024984,GCIL,44,74,39.0,506.1,19737.9,2024-04-02
2024040203009081,GUFL,41,49,245.0,874.9,214350.5,2024-04-02
2024040204007944,SALICO,6,50,66.0,658.0,43428.0,2024-04-02
2024040203009080,SMFBS,84,41,10.0,1165.0,11650.0,2024-04-02
2024040203009079,SMFBS,84,57,20.0,1165.0,23300.0,2024-04-02
2024040203009078,SMFBS,84,58,23.0,1142.0,26266.0,2024-04-02
2024040204007943,UAIL,34,57,10.0,528.9,5289.0,2024-04-02
2024040201024983,IHL,34,17,100.0,383.3,38330.0,2024-04-02
2024040201024982,IHL,34,36,900.0,383.0,344700.0,2024-04-02
2024040201024981,MEL,42,4,10.0,224.0,2240.0,2024-04-02
2024040204007942,AKJCL,58,14,80.0,215.0,17200.0,2024-04-02
2024040204007941,AKJCL,44,14,100.0,215.0,21500.0,2024-04-02
2024040204007940,AKJCL,36,14,120.0,215.0,25800.0,2024-04-02
2024040204007939,AKJCL,51,14,10.0,215.0,2150.0,2024-04-02
2024040204007938,AKJCL,20,14,200.0,215.0,43000.0,2024-04-02
2024040204007937,AKJCL,42,14,10.0,215.0,2150.0,2024-04-02
2024040204007936,AKJCL,26,14,500.0,215.0,107500.0,2024-04-02
2024040204007935,AKJCL,19,14,700.0,215.0,150500.0,2024-04-02
2024040204007934,AKJCL,36,14,200.0,215.1,43020.0,2024-04-02
2024040204007933,AKJCL,49,14,1000.0,215.2,215200.0,2024-04-02
2024040204007932,AKJCL,58,14,80.0,215.2,17216.0,2024-04-02
2024040201024980,SMJC,58,58,10.0,388.9,3889.0,2024-04-02
2024040205003740,HIDCL,45,43,30.0,167.0,5010.0,2024-04-02
2024040201024979,HHL,19,53,40.0,362.0,14480.0,2024-04-02
2024040201024978,HHL,42,53,80.0,362.0,28960.0,2024-04-02
2024040204007931,RIDI,17,22,100.0,177.1,17710.0,2024-04-02
2024040204007930,JOSHI,1,81,250.0,332.3,83075.0,2024-04-02
2024040203009077,NFS,48,60,30.0,370.0,11100.0,2024-04-02
2024040203009076,NMBMF,34,25,10.0,584.9,5849.0,2024-04-02
2024040205003739,HRL,41,32,15.0,595.3,8929.5,2024-04-02
2024040201024977,SARBTM,39,49,50.0,925.0,46250.0,2024-04-02
2024040203009075,KMCDB,45,62,39.0,754.0,29406.0,2024-04-02
2024040203009074,KMCDB,62,62,300.0,754.0,226200.0,2024-04-02
2024040203009073,KMCDB,62,62,81.0,754.8,61138.8,2024-04-02
2024040203009072,KMCDB,28,62,10.0,755.0,7550.0,2024-04-02
2024040203009071,KMCDB,49,62,70.0,755.0,52850.0,2024-04-02
2024040201024976,ILI,49,57,10.0,519.4,5194.0,2024-04-02
2024040204007929,CHL,56,16,10.0,299.5,2995.0,2024-04-02
2024040204007928,UPCL,13,58,14.0,204.7,2865.8,2024-04-02
2024040205003738,NIFRA,82,33,300.0,203.0,60900.0,2024-04-02
2024040204007927,SPDL,17,32,112.0,238.6,26723.2,2024-04-02
2024040204007926,API,45,17,40.0,175.1,7004.0,2024-04-02
2024040201024975,MHCL,80,29,50.0,419.0,20950.0,2024-04-02
2024040201024974,NYADI,48,25,40.0,306.0,12240.0,2024-04-02
2024040201024973,SAMAJ,34,74,40.0,1915.0,76600.0,2024-04-02
2024040201024972,SAMAJ,34,49,50.0,1910.0,95500.0,2024-04-02
2024040201024971,SAMAJ,34,14,10.0,1900.0,19000.0,2024-04-02
2024040204007925,SPIL,41,41,63.0,730.5,46021.5,2024-04-02
2024040203009070,MNBBL,41,32,225.0,340.0,76500.0,2024-04-02
2024040201024970,MAKAR,63,66,45.0,395.0,17775.0,2024-04-02
2024040201024969,MAKAR,21,66,75.0,395.0,29625.0,2024-04-02
2024040203009069,ALICL,32,68,150.0,555.0,83250.0,2024-04-02
2024040201024968,SARBTM,39,49,15.0,925.0,13875.0,2024-04-02
2024040205003737,HRL,34,36,20.0,595.2,11904.0,2024-04-02
2024040201024967,BHL,94,38,100.0,338.1,33810.0,2024-04-02
2024040201024966,SRLI,38,56,10.0,440.0,4400.0,2024-04-02
2024040201024965,SRLI,38,81,10.0,439.9,4399.0,2024-04-02
2024040201024964,USHEC,84,48,40.0,370.0,14800.0,2024-04-02
2024040203009068,SADBL,42,55,100.0,293.0,29300.0,2024-04-02
2024040203009067,SADBL,26,55,11.0,293.0,3223.0,2024-04-02
2024040203009066,SADBL,58,55,20.0,293.5,5870.0,2024-04-02
2024040201024963,IHL,42,36,100.0,383.0,38300.0,2024-04-02
2024040201024962,MKHC,5,51,10.0,331.0,3310.0,2024-04-02
2024040203009065,NFS,5,60,1000.0,370.0,370000.0,2024-04-02
2024040204007924,CHL,6,16,100.0,299.5,29950.0,2024-04-02
2024040204007923,LEC,7,29,200.0,180.4,36080.0,2024-04-02
2024040204007922,RIDI,8,58,86.0,177.0,15222.0,2024-04-02
2024040204007921,RIDI,58,58,89.0,177.0,15753.0,2024-04-02
2024040203009064,SWMF,17,29,58.0,735.0,42630.0,2024-04-02
2024040203009063,SWMF,17,25,10.0,734.0,7340.0,2024-04-02
2024040203009062,SWMF,17,29,30.0,734.0,22020.0,2024-04-02
2024040203009061,SWMF,17,16,25.0,734.0,18350.0,2024-04-02
2024040203009060,SWMF,17,49,20.0,734.0,14680.0,2024-04-02
2024040204007920,NGPL,25,35,405.0,296.0,119880.0,2024-04-02
2024040204007919,NGPL,35,35,500.0,296.0,148000.0,2024-04-02
2024040204007918,NGPL,49,35,85.0,296.1,25168.5,2024-04-02
2024040204007917,NGPL,17,35,10.0,297.0,2970.0,2024-04-02
2024040204007916,PPCL,34,41,10.0,255.0,2550.0,2024-04-02
2024040203009059,GFCL,34,54,10.0,447.9,4479.0,2024-04-02
2024040203009058,SJLIC,21,57,10.0,486.0,4860.0,2024-04-02
2024040201024961,SNLI,29,13,10.0,594.0,5940.0,2024-04-02
2024040204007915,NHPC,49,38,50.0,146.3,7315.0,2024-04-02
2024040204007914,NHPC,49,38,20.0,147.0,2940.0,2024-04-02
2024040204007913,NHPC,49,38,10.0,147.0,1470.0,2024-04-02
2024040204007912,NHPC,50,38,55.0,147.0,8085.0,2024-04-02
2024040201024960,KBL,4,58,350.0,136.6,47810.0,2024-04-02
2024040201024959,KBL,59,58,87.0,136.6,11884.2,2024-04-02
2024040201024958,KBL,25,58,50.0,136.6,6830.0,2024-04-02
2024040201024957,KBL,35,58,20.0,136.7,2734.0,2024-04-02
2024040201024956,KBL,26,58,80.0,136.8,10944.0,2024-04-02
2024040201024955,KBL,35,58,20.0,136.9,2738.0,2024-04-02
2024040203009057,GMFBS,10,52,10.0,1072.0,10720.0,2024-04-02
2024040204007911,UPPER,32,40,194.0,170.0,32980.0,2024-04-02
2024040204007910,UPPER,10,40,171.0,170.0,29070.0,2024-04-02
2024040204007909,UPPER,42,40,50.0,170.1,8505.0,2024-04-02
2024040204007908,UPPER,7,40,10.0,170.1,1701.0,2024-04-02
2024040204007907,UPPER,35,40,75.0,170.2,12765.0,2024-04-02
2024040201024954,MKHC,33,48,300.0,330.1,99030.0,2024-04-02
2024040203009056,NICLBSL,64,42,20.0,596.1,11922.0,2024-04-02
2024040204007906,UPCL,13,34,105.0,204.7,21493.5,2024-04-02
2024040204007905,DHPL,3,35,10.0,196.0,1960.0,2024-04-02
2024040203009055,GMFIL,36,26,72.0,351.0,25272.0,2024-04-02
2024040203009054,GMFIL,74,26,238.0,351.1,83561.8,2024-04-02
2024040204007904,HDHPC,4,50,360.0,133.3,47988.0,2024-04-02
2024040204007903,HDHPC,8,50,140.0,134.0,18760.0,2024-04-02
2024040203009053,SINDU,21,61,10.0,342.0,3420.0,2024-04-02
2024040203009052,MFIL,66,56,55.0,495.1,27230.5,2024-04-02
2024040203009051,MFIL,14,56,100.0,495.1,49510.0,2024-04-02
2024040203009050,MFIL,53,56,1000.0,495.3,495300.0,2024-04-02
2024040203009049,MFIL,66,56,25.0,495.3,12382.5,2024-04-02
2024040203009048,MFIL,33,56,50.0,495.4,24770.0,2024-04-02
2024040203009047,MFIL,39,56,50.0,495.4,24770.0,2024-04-02
2024040203009046,MFIL,17,56,100.0,496.0,49600.0,2024-04-02
2024040203009045,MFIL,34,56,20.0,496.0,9920.0,2024-04-02
2024040203009044,MFIL,55,56,100.0,496.0,49600.0,2024-04-02
2024040205003736,NTC,45,59,59.0,839.0,49501.0,2024-04-02
2024040204007902,AKJCL,58,1,720.0,215.2,154944.0,2024-04-02
2024040204007901,AKJCL,21,1,100.0,215.2,21520.0,2024-04-02
2024040204007900,AKJCL,17,1,50.0,215.2,10760.0,2024-04-02
2024040204007899,AKJCL,49,1,55.0,215.3,11841.5,2024-04-02
2024040205003735,HRL,42,58,10.0,595.2,5952.0,2024-04-02
2024040205003734,HRL,65,42,18.0,595.2,10713.6,2024-04-02
2024040203009043,CBBL,57,18,32.0,827.0,26464.0,2024-04-02
2024040203009042,CBBL,58,18,25.0,827.0,20675.0,2024-04-02
2024040203009041,CBBL,51,18,50.0,827.0,41350.0,2024-04-02
2024040201024953,SONA,43,58,50.0,469.9,23495.0,2024-04-02
2024040201024952,MBJC,51,26,80.0,310.0,24800.0,2024-04-02
2024040201024951,MBJC,51,34,20.0,310.0,6200.0,2024-04-02
2024040201024950,MKHC,33,41,328.0,330.1,108272.8,2024-04-02
2024040201024949,MKHC,64,41,72.0,330.4,23788.8,2024-04-02
2024040201024948,SMHL,14,19,10.0,442.0,4420.0,2024-04-02
2024040201024947,MKHL,58,14,2200.0,437.0,961400.0,2024-04-02
2024040201024946,GBIME,35,16,211.0,181.2,38233.2,2024-04-02
2024040201024945,GBIME,14,16,50.0,181.2,9060.0,2024-04-02
2024040203009040,USLB,62,29,50.0,1584.8,79240.0,2024-04-02
2024040203009039,USLB,62,35,200.0,1584.0,316800.0,2024-04-02
2024040205003733,HRL,36,32,50.0,595.3,29765.0,2024-04-02
2024040204007898,HURJA,37,45,10.0,299.1,2991.0,2024-04-02
2024040204007897,UMRH,1,50,10.0,355.0,3550.0,2024-04-02
2024040201024944,SAHAS,53,42,10.0,514.0,5140.0,2024-04-02
2024040204007896,NICL,34,42,10.0,822.0,8220.0,2024-04-02
2024040204007895,NGPL,51,26,100.0,297.0,29700.0,2024-04-02
2024040204007894,NGPL,51,34,900.0,297.0,267300.0,2024-04-02
2024040201024943,HHL,42,39,10.0,362.0,3620.0,2024-04-02
2024040201024942,SARBTM,39,53,20.0,925.0,18500.0,2024-04-02
2024040201024941,VLUCL,14,56,20.0,505.0,10100.0,2024-04-02
2024040201024940,VLUCL,63,56,30.0,506.0,15180.0,2024-04-02
2024040203009038,ICFC,55,38,10.0,494.0,4940.0,2024-04-02
2024040203009037,SFCL,57,3,10.0,310.0,3100.0,2024-04-02
2024040204007893,HEI,38,45,500.0,569.1,284550.0,2024-04-02
2024040201024939,PPL,33,58,10.0,528.7,5287.0,2024-04-02
2024040201024938,SMJC,17,35,10.0,388.0,3880.0,2024-04-02
2024040204007892,RIDI,58,41,111.0,177.0,19647.0,2024-04-02
2024040204007891,RIDI,28,41,30.0,177.0,5310.0,2024-04-02
2024040204007890,RIDI,38,41,1000.0,177.0,177000.0,2024-04-02
2024040204007889,RIDI,48,41,54.0,177.0,9558.0,2024-04-02
2024040204007888,RIDI,19,41,55.0,177.0,9735.0,2024-04-02
2024040201024937,PRVU,22,34,10.0,139.3,1393.0,2024-04-02
2024040201024936,NABIL,22,50,30.0,436.0,13080.0,2024-04-02
2024040201024935,NABIL,35,50,100.0,436.0,43600.0,2024-04-02
2024040201024934,NABIL,54,50,10.0,436.1,4361.0,2024-04-02
2024040205003732,NRIC,56,50,530.0,712.1,377413.0,2024-04-02
2024040205003731,NRIC,28,50,10.0,712.1,7121.0,2024-04-02
2024040205003730,NRIC,4,50,50.0,712.5,35625.0,2024-04-02
2024040205003729,NRIC,50,50,100.0,713.0,71300.0,2024-04-02
2024040205003728,NRIC,58,50,20.0,713.0,14260.0,2024-04-02
2024040205003727,NRIC,32,50,90.0,713.0,64170.0,2024-04-02
2024040204007887,HDHPC,8,36,10.0,133.4,1334.0,2024-04-02
2024040203009036,GUFL,41,45,30.0,874.9,26247.0,2024-04-02
2024040204007886,UAIL,34,84,200.0,525.5,105100.0,2024-04-02
2024040201024933,RHGCL,70,36,10.0,319.0,3190.0,2024-04-02
2024040201024932,TSHL,17,25,40.0,508.0,20320.0,2024-04-02
2024040201024931,TSHL,48,25,50.0,508.0,25400.0,2024-04-02
2024040201024930,TSHL,16,25,80.0,508.0,40640.0,2024-04-02
2024040201024929,MBL,42,82,10.0,174.0,1740.0,2024-04-02
2024040203009035,GBLBS,32,34,60.0,634.3,38058.0,2024-04-02
2024040205003726,HIDCL,45,43,100.0,167.0,16700.0,2024-04-02
2024040205003725,HIDCL,16,43,500.0,167.0,83500.0,2024-04-02
2024040205003724,HIDCL,46,43,30.0,167.0,5010.0,2024-04-02
2024040205003723,HIDCL,41,43,800.0,167.0,133600.0,2024-04-02
2024040205003722,HIDCL,57,43,240.0,167.0,40080.0,2024-04-02
2024040205003721,HIDCL,45,43,30.0,167.0,5010.0,2024-04-02
2024040205003720,HIDCL,44,43,11.0,167.0,1837.0,2024-04-02
2024040201024928,AVYAN,50,74,42.0,668.0,28056.0,2024-04-02
2024040201024927,AVYAN,50,42,208.0,668.0,138944.0,2024-04-02
2024040205003719,HRL,65,72,100.0,595.2,59520.0,2024-04-02
2024040201024926,RFPL,19,51,10.0,408.0,4080.0,2024-04-02
2024040204007885,SICL,50,29,50.0,693.0,34650.0,2024-04-02
2024040201024925,RAWA,62,18,500.0,482.0,241000.0,2024-04-02
2024040203009034,KRBL,50,57,65.0,399.0,25935.0,2024-04-02
2024040204007884,HURJA,37,14,300.0,299.9,89970.0,2024-04-02
2024040201024924,NWCL,38,58,10.0,725.0,7250.0,2024-04-02
2024040203009033,GUFL,41,44,200.0,874.9,174980.0,2024-04-02
2024040204007883,NHDL,36,48,19.0,416.3,7909.7,2024-04-02
2024040204007882,NHDL,11,48,18.0,416.4,7495.2,2024-04-02
2024040204007881,AKPL,22,32,500.0,174.0,87000.0,2024-04-02
2024040201024923,SARBTM,62,6,144.0,923.5,132984.0,2024-04-02
2024040201024922,SARBTM,39,6,50.0,923.6,46180.0,2024-04-02
2024040201024921,SARBTM,50,6,450.0,923.6,415620.0,2024-04-02
2024040201024920,SARBTM,65,6,100.0,923.7,92370.0,2024-04-02
2024040201024919,SARBTM,37,6,20.0,923.9,18478.0,2024-04-02
2024040201024918,SARBTM,19,6,40.0,924.0,36960.0,2024-04-02
2024040201024917,SARBTM,16,6,100.0,925.0,92500.0,2024-04-02
2024040201024916,SARBTM,86,6,91.0,925.0,84175.0,2024-04-02
2024040201024915,MKHC,64,6,28.0,330.4,9251.2,2024-04-02
2024040201024914,MKHC,64,6,202.0,330.5,66761.0,2024-04-02
2024040201024913,BNHC,49,14,20.0,464.0,9280.0,2024-04-02
2024040205003718,NRN,34,72,500.0,516.0,258000.0,2024-04-02
2024040201024912,RNLI,58,13,10.0,435.2,4352.0,2024-04-02
2024040201024911,SRLI,38,81,10.0,439.9,4399.0,2024-04-02
2024040201024910,SARBTM,86,57,50.0,925.0,46250.0,2024-04-02
2024040203009032,CORBL,38,4,140.0,435.0,60900.0,2024-04-02
2024040203009031,CORBL,38,34,50.0,434.9,21745.0,2024-04-02
2024040201024909,LSL,32,33,25.0,156.8,3920.0,2024-04-02
2024040203009030,PROFL,47,58,15.0,311.0,4665.0,2024-04-02
2024040204007880,RURU,36,48,110.0,670.0,73700.0,2024-04-02
2024040205003717,HRL,35,32,100.0,595.3,59530.0,2024-04-02
2024040201024908,MKHL,40,42,100.0,438.0,43800.0,2024-04-02
2024040201024907,MEL,34,33,10.0,224.9,2249.0,2024-04-02
2024040201024906,DORDI,22,55,85.0,428.3,36405.5,2024-04-02
2024040205003716,SMATA,38,14,61.0,700.0,42700.0,2024-04-02
2024040205003715,HRL,65,39,10.0,595.2,5952.0,2024-04-02
2024040201024905,PPL,21,49,10.0,529.0,5290.0,2024-04-02
2024040201024904,NBL,57,6,300.0,215.1,64530.0,2024-04-02
2024040204007879,JOSHI,18,49,272.0,333.0,90576.0,2024-04-02
2024040204007878,CHL,56,57,490.0,299.0,146510.0,2024-04-02
2024040201024903,MKHL,40,48,200.0,438.0,87600.0,2024-04-02
2024040203009029,GBBL,1,42,21.0,362.0,7602.0,2024-04-02
2024040203009028,GBBL,49,42,10.0,362.0,3620.0,2024-04-02
2024040203009027,GBBL,13,42,420.0,362.0,152040.0,2024-04-02
2024040203009026,SABSL,16,34,60.0,710.0,42600.0,2024-04-02
2024040204007877,SPIL,41,47,20.0,730.5,14610.0,2024-04-02
2024040204007876,SPIL,58,47,50.0,730.5,36525.0,2024-04-02
2024040204007875,SPIL,58,47,50.0,730.6,36530.0,2024-04-02
2024040203009025,VLBS,70,34,240.0,701.0,168240.0,2024-04-02
2024040201024902,ILI,21,68,30.0,519.7,15591.0,2024-04-02
2024040201024901,IHL,7,19,100.0,381.3,38130.0,2024-04-02
2024040201024900,IHL,58,19,100.0,381.4,38140.0,2024-04-02
2024040203009024,NMFBS,62,81,21.0,1116.0,23436.0,2024-04-02
2024040201024899,ILI,21,49,10.0,519.7,5197.0,2024-04-02
2024040205003714,NRIC,28,49,100.0,713.1,71310.0,2024-04-02
2024040204007874,SPDL,13,32,14.0,238.6,3340.4,2024-04-02
2024040204007873,SPDL,13,45,75.0,238.0,17850.0,2024-04-02
2024040204007872,SPDL,13,45,16.0,236.5,3784.0,2024-04-02
2024040201024898,HDL,57,8,35.0,1493.0,52255.0,2024-04-02
2024040201024897,HDL,42,8,15.0,1493.0,22395.0,2024-04-02
2024040204007871,HURJA,38,14,10.0,299.9,2999.0,2024-04-02
2024040203009023,GILB,48,38,14.0,981.9,13746.6,2024-04-02
2024040203009022,NICLBSL,34,57,160.0,600.0,96000.0,2024-04-02
2024040203009021,GUFL,41,58,100.0,874.9,87490.0,2024-04-02
2024040204007870,BPCL,58,6,11.0,300.0,3300.0,2024-04-02
2024040201024896,UNLB,88,45,20.0,1620.0,32400.0,2024-04-02
2024040201024895,UNLB,88,58,10.0,1618.0,16180.0,2024-04-02
2024040201024894,UNLB,88,81,10.0,1616.0,16160.0,2024-04-02
2024040201024893,UNLB,88,58,10.0,1615.0,16150.0,2024-04-02
2024040201024892,UNLB,88,32,50.0,1610.0,80500.0,2024-04-02
2024040204007869,RIDI,40,22,50.0,177.1,8855.0,2024-04-02
2024040204007868,NIL,59,18,10.0,811.1,8111.0,2024-04-02
2024040201024891,NIMB,42,43,68.0,156.9,10669.2,2024-04-02
2024040203009020,WNLB,42,58,10.0,1274.0,12740.0,2024-04-02
2024040204007867,MEN,42,58,10.0,500.0,5000.0,2024-04-02
2024040201024890,HIDCLP,28,34,200.0,100.0,20000.0,2024-04-02
2024040203009019,GUFL,41,39,100.0,874.9,87490.0,2024-04-02
2024040203009018,KRBL,50,16,35.0,399.0,13965.0,2024-04-02
2024040203009017,KRBL,16,16,65.0,399.0,25935.0,2024-04-02
2024040203009016,SJLIC,26,57,100.0,486.0,48600.0,2024-04-02
2024040203009015,SLBBL,62,10,60.0,655.0,39300.0,2024-04-02
2024040203009014,SLBBL,62,7,40.0,655.0,26200.0,2024-04-02
2024040203009013,PFL,62,44,46.0,395.0,18170.0,2024-04-02
2024040203009012,PFL,62,55,80.0,394.0,31520.0,2024-04-02
2024040203009011,PFL,62,38,90.0,393.5,35415.0,2024-04-02
2024040204007866,BPCL,68,6,10.0,300.0,3000.0,2024-04-02
2024040201024889,PPL,66,49,38.0,529.0,20102.0,2024-04-02
2024040201024888,SCB,22,49,100.0,513.6,51360.0,2024-04-02
2024040201024887,SARBTM,86,57,50.0,925.0,46250.0,2024-04-02
2024040203009010,SLBBL,45,7,10.0,655.0,6550.0,2024-04-02
2024040201024886,PPL,18,45,20.0,529.1,10582.0,2024-04-02
2024040204007865,KKHC,42,59,20.0,235.8,4716.0,2024-04-02
2024040201024885,TVCL,22,39,50.0,481.0,24050.0,2024-04-02
2024040205003713,HRL,90,32,100.0,595.3,59530.0,2024-04-02
2024040201024884,ILI,21,49,10.0,519.7,5197.0,2024-04-02
2024040203009009,GUFL,41,38,500.0,874.9,437450.0,2024-04-02
2024040203009008,NLIC,57,33,200.0,595.1,119020.0,2024-04-02
2024040201024883,MKHL,45,49,10.0,439.0,4390.0,2024-04-02
2024040203009007,MPFL,58,66,47.0,364.0,17108.0,2024-04-02
2024040201024882,VLUCL,58,44,30.0,507.0,15210.0,2024-04-02
2024040201024881,SIKLES,35,25,50.0,522.0,26100.0,2024-04-02
2024040201024880,HIDCLP,28,35,50.0,100.0,5000.0,2024-04-02
2024040201024879,HIDCLP,26,35,50.0,100.1,5005.0,2024-04-02
2024040201024878,TSHL,13,7,50.0,508.1,25405.0,2024-04-02
2024040204007864,UPPER,42,29,20.0,170.4,3408.0,2024-04-02
2024040203009006,ACLBSL,22,34,40.0,739.0,29560.0,2024-04-02
2024040203009005,ACLBSL,22,33,50.0,739.0,36950.0,2024-04-02
2024040203009004,ACLBSL,22,58,40.0,739.0,29560.0,2024-04-02
2024040203009003,ACLBSL,22,45,90.0,738.0,66420.0,2024-04-02
2024040201024877,NICA,58,34,24.0,405.5,9732.0,2024-04-02
2024040201024876,MEL,42,34,10.0,224.0,2240.0,2024-04-02
2024040201024875,SARBTM,86,26,50.0,925.0,46250.0,2024-04-02
2024040203009002,SINDU,21,61,10.0,342.0,3420.0,2024-04-02
2024040201024874,MKCL,8,45,100.0,955.0,95500.0,2024-04-02
2024040203009001,GMFBS,28,52,90.0,1072.0,96480.0,2024-04-02
2024040203009000,GMFBS,28,52,50.0,1072.0,53600.0,2024-04-02
2024040203008999,GMFBS,28,21,10.0,1072.0,10720.0,2024-04-02
2024040201024873,HDL,34,38,10.0,1493.0,14930.0,2024-04-02
2024040205003712,SMATA,38,46,10.0,700.0,7000.0,2024-04-02
2024040205003711,SMATA,38,44,200.0,700.0,140000.0,2024-04-02
2024040205003710,SMATA,38,6,29.0,700.0,20300.0,2024-04-02
2024040204007863,GHL,57,59,10.0,150.9,1509.0,2024-04-02
2024040201024872,ILI,17,58,540.0,520.0,280800.0,2024-04-02
2024040201024871,ILI,17,36,10.0,519.9,5199.0,2024-04-02
2024040201024870,ILI,17,45,10.0,519.9,5199.0,2024-04-02
2024040201024869,ILI,17,57,10.0,519.7,5197.0,2024-04-02
2024040201024868,ILI,17,56,10.0,519.6,5196.0,2024-04-02
2024040201024867,ILI,17,35,10.0,519.5,5195.0,2024-04-02
2024040203008998,CBBL,52,10,200.0,828.0,165600.0,2024-04-02
2024040201024866,SONA,41,48,10.0,469.3,4693.0,2024-04-02
2024040204007862,MEN,25,58,100.0,500.0,50000.0,2024-04-02
2024040203008997,USLB,55,62,29.0,1584.0,45936.0,2024-04-02
2024040201024865,JALPA,16,11,10.0,1196.0,11960.0,2024-04-02
2024040204007861,DHPL,3,35,10.0,196.0,1960.0,2024-04-02
2024040201024864,IHL,42,65,200.0,383.1,76620.0,2024-04-02
2024040201024863,IHL,42,70,80.0,383.1,30648.0,2024-04-02
2024040201024862,SIKLES,35,47,50.0,520.0,26000.0,2024-04-02
2024040201024861,SIKLES,40,47,50.0,521.0,26050.0,2024-04-02
2024040203008996,KLBSL,22,42,22.0,893.0,19646.0,2024-04-02
2024040201024860,PPL,26,29,10.0,530.0,5300.0,2024-04-02
2024040204007860,UPPER,59,29,50.0,170.4,8520.0,2024-04-02
2024040205003709,HRL,65,49,20.0,595.2,11904.0,2024-04-02
2024040203008995,NFS,57,60,228.0,370.0,84360.0,2024-04-02
2024040201024859,SARBTM,86,45,50.0,925.0,46250.0,2024-04-02
2024040204007859,SPDL,52,45,10.0,236.5,2365.0,2024-04-02
2024040203008994,SADBL,25,85,100.0,294.0,29400.0,2024-04-02
2024040201024858,MHCL,35,29,200.0,419.0,83800.0,2024-04-02
2024040203008993,NLIC,57,22,550.0,595.1,327305.0,2024-04-02
2024040201024857,UHEWA,32,52,10.0,369.0,3690.0,2024-04-02
2024040201024856,UHEWA,32,54,30.0,368.0,11040.0,2024-04-02
2024040201024855,SNLI,21,11,10.0,594.9,5949.0,2024-04-02
2024040201024854,MKCL,17,36,10.0,953.0,9530.0,2024-04-02
2024040201024853,MKCL,17,36,10.0,954.0,9540.0,2024-04-02
2024040205003708,NTC,6,59,40.0,839.0,33560.0,2024-04-02
2024040205003707,NTC,38,59,88.0,839.0,73832.0,2024-04-02
2024040205003706,NTC,65,59,193.0,839.0,161927.0,2024-04-02
2024040205003705,NTC,42,59,30.0,839.2,25176.0,2024-04-02
2024040205003704,NTC,59,59,10.0,840.0,8400.0,2024-04-02
2024040205003703,NTC,4,59,50.0,840.0,42000.0,2024-04-02
2024040205003702,NTC,52,59,30.0,840.0,25200.0,2024-04-02
2024040203008992,SJLIC,26,8,285.0,485.3,138310.5,2024-04-02
2024040203008991,SJLIC,58,8,15.0,485.5,7282.5,2024-04-02
2024040203008990,SJLIC,72,8,700.0,485.6,339920.0,2024-04-02
2024040201024852,SBL,56,16,500.0,218.0,109000.0,2024-04-02
2024040201024851,MHL,45,38,735.0,419.0,307965.0,2024-04-02
2024040201024850,MHL,59,38,100.0,419.1,41910.0,2024-04-02
2024040201024849,MHL,32,38,100.0,420.0,42000.0,2024-04-02
2024040201024848,MHL,48,38,20.0,422.0,8440.0,2024-04-02
2024040201024847,MHL,41,38,30.0,422.0,12660.0,2024-04-02
2024040201024846,MHL,42,38,20.0,422.1,8442.0,2024-04-02
2024040201024845,MHL,42,38,10.0,422.2,4222.0,2024-04-02
2024040201024844,MHL,41,38,50.0,423.0,21150.0,2024-04-02
2024040201024843,RFPL,58,33,393.0,400.0,157200.0,2024-04-02
2024040201024842,RFPL,63,33,50.0,400.0,20000.0,2024-04-02
2024040201024841,RFPL,42,33,150.0,400.0,60000.0,2024-04-02
2024040201024840,RFPL,44,33,287.0,400.0,114800.0,2024-04-02
2024040204007858,HURJA,64,14,50.0,299.9,14995.0,2024-04-02
2024040204007857,MEN,45,58,50.0,500.0,25000.0,2024-04-02
2024040205003701,SMATA,45,51,30.0,700.0,21000.0,2024-04-02
2024040205003700,SMATA,45,46,40.0,700.0,28000.0,2024-04-02
2024040201024839,VLUCL,47,44,10.0,507.0,5070.0,2024-04-02
2024040201024838,PCBL,44,44,10.0,189.9,1899.0,2024-04-02
2024040204007856,HDHPC,59,54,306.0,133.0,40698.0,2024-04-02
2024040204007855,HDHPC,6,54,200.0,133.0,26600.0,2024-04-02
2024040204007854,HDHPC,39,54,142.0,133.0,18886.0,2024-04-02
2024040204007853,HDHPC,57,54,50.0,133.1,6655.0,2024-04-02
2024040204007852,HDHPC,43,54,100.0,133.1,13310.0,2024-04-02
2024040204007851,HDHPC,56,54,200.0,133.1,26620.0,2024-04-02
2024040204007850,HDHPC,21,54,100.0,133.3,13330.0,2024-04-02
2024040204007849,HDHPC,7,54,945.0,133.3,125968.5,2024-04-02
2024040204007848,HDHPC,7,54,1947.0,133.4,259729.8,2024-04-02
2024040204007847,HDHPC,49,54,10.0,133.5,1335.0,2024-04-02
2024040201024837,PRVU,6,25,235.0,139.0,32665.0,2024-04-02
2024040201024836,PRVU,22,25,465.0,139.0,64635.0,2024-04-02
2024040203008989,VLBS,70,58,260.0,701.0,182260.0,2024-04-02
2024040203008988,VLBS,50,58,40.0,701.2,28048.0,2024-04-02
2024040203008987,SHINE,26,40,70.0,369.1,25837.0,2024-04-02
2024040201024835,BHL,94,58,500.0,338.1,169050.0,2024-04-02
2024040203008986,PROFL,47,14,140.0,311.0,43540.0,2024-04-02
2024040203008985,SKBBL,34,6,321.0,816.0,261936.0,2024-04-02
2024040201024834,LSL,32,66,475.0,156.8,74480.0,2024-04-02
2024040203008984,PROFL,26,14,100.0,311.0,31100.0,2024-04-02
2024040204007846,TRH,50,49,300.0,809.0,242700.0,2024-04-02
2024040205003699,HIDCL,35,38,80.0,167.1,13368.0,2024-04-02
2024040205003698,HIDCL,38,38,150.0,167.2,25080.0,2024-04-02
2024040203008983,VLBS,38,51,300.0,705.0,211500.0,2024-04-02
2024040203008982,NABBC,64,40,10.0,420.0,4200.0,2024-04-02
2024040201024833,MEL,42,34,10.0,224.0,2240.0,2024-04-02
2024040201024832,MEL,42,54,20.0,224.0,4480.0,2024-04-02
2024040204007845,RIDI,19,42,135.0,177.0,23895.0,2024-04-02
2024040201024831,MHCL,42,29,10.0,419.0,4190.0,2024-04-02
2024040201024830,SHIVM,42,7,150.0,527.0,79050.0,2024-04-02
2024040203008981,MNBBL,41,16,200.0,340.0,68000.0,2024-04-02
2024040203008980,MNBBL,41,35,75.0,340.0,25500.0,2024-04-02
2024040203008979,CBBL,34,10,10.0,828.0,8280.0,2024-04-02
2024040201024829,KBL,22,58,95.0,137.0,13015.0,2024-04-02
2024040201024828,KBSH,21,46,10.0,1019.0,10190.0,2024-04-02
2024040201024827,MBJC,45,21,10.0,309.1,3091.0,2024-04-02
2024040201024826,SHIVM,69,7,10.0,527.0,5270.0,2024-04-02
2024040203008978,GBLBS,1,6,80.0,634.4,50752.0,2024-04-02
2024040201024825,NABIL,35,29,100.0,436.0,43600.0,2024-04-02
2024040201024824,SHIVM,28,7,10.0,527.0,5270.0,2024-04-02
2024040201024823,JALPA,49,21,26.0,1197.0,31122.0,2024-04-02
2024040201024822,CLI,53,37,10.0,450.0,4500.0,2024-04-02
2024040204007844,GHL,38,35,113.0,150.0,16950.0,2024-04-02
2024040204007843,GHL,14,35,200.0,150.0,30000.0,2024-04-02
2024040204007842,GHL,53,35,300.0,150.0,45000.0,2024-04-02
2024040204007841,GHL,46,35,50.0,150.0,7500.0,2024-04-02
2024040204007840,GHL,57,35,100.0,150.0,15000.0,2024-04-02
2024040204007839,GHL,16,35,10.0,150.0,1500.0,2024-04-02
2024040204007838,GHL,42,35,100.0,150.1,15010.0,2024-04-02
2024040204007837,GHL,61,35,827.0,150.1,124132.7,2024-04-02
2024040204007836,GHL,59,35,200.0,150.4,30080.0,2024-04-02
2024040204007835,GHL,38,35,100.0,150.4,15040.0,2024-04-02
2024040204007834,GHL,42,35,100.0,150.5,15050.0,2024-04-02
2024040204007833,GHL,42,35,2200.0,150.5,331100.0,2024-04-02
2024040204007832,GHL,38,35,2300.0,150.5,346150.0,2024-04-02
2024040204007831,GHL,42,35,200.0,150.6,30120.0,2024-04-02
2024040204007830,GHL,36,35,200.0,150.7,30140.0,2024-04-02
2024040203008977,GUFL,41,3,100.0,874.9,87490.0,2024-04-02
2024040201024821,RNLI,47,58,10.0,435.1,4351.0,2024-04-02
2024040204007829,TRH,58,49,35.0,809.0,28315.0,2024-04-02
2024040204007828,TRH,58,48,100.0,800.0,80000.0,2024-04-02
2024040204007827,TRH,58,51,15.0,785.0,11775.0,2024-04-02
2024040204007826,TRH,58,29,100.0,785.0,78500.0,2024-04-02
2024040204007825,SHPC,5,45,10.0,337.9,3379.0,2024-04-02
2024040203008976,GUFL,14,43,10.0,875.0,8750.0,2024-04-02
2024040204007824,NIL,59,62,13.0,811.1,10544.3,2024-04-02
2024040201024820,RHGCL,13,13,10.0,316.2,3162.0,2024-04-02
2024040203008975,NMBMF,34,53,323.0,577.0,186371.0,2024-04-02
2024040203008974,NMBMF,48,53,77.0,579.2,44598.4,2024-04-02
2024040203008973,NMBMF,51,53,50.0,579.5,28975.0,2024-04-02
2024040203008972,NMBMF,17,53,50.0,580.0,29000.0,2024-04-02
2024040203008971,MLBSL,57,14,28.0,1685.0,47180.0,2024-04-02
2024040204007823,HURJA,37,38,50.0,299.1,14955.0,2024-04-02
2024040204007822,HURJA,33,38,50.0,299.1,14955.0,2024-04-02
2024040201024819,KBL,37,58,10.0,137.0,1370.0,2024-04-02
2024040204007821,API,45,45,32.0,175.0,5600.0,2024-04-02
2024040204007820,API,7,45,68.0,175.0,11900.0,2024-04-02
2024040204007819,HEI,38,45,37.0,569.1,21056.7,2024-04-02
2024040204007818,HEI,14,45,20.0,569.2,11384.0,2024-04-02
2024040204007817,HEI,32,45,943.0,569.2,536755.6,2024-04-02
2024040201024818,GVL,42,10,10.0,422.6,4226.0,2024-04-02
2024040201024817,SNLI,41,58,10.0,593.2,5932.0,2024-04-02
2024040205003697,CIT,18,41,10.0,2098.0,20980.0,2024-04-02
2024040201024816,NRM,21,34,10.0,371.0,3710.0,2024-04-02
2024040201024815,SMJC,7,22,150.0,386.0,57900.0,2024-04-02
2024040201024814,LSL,22,66,80.0,156.8,12544.0,2024-04-02
2024040204007816,BPCL,68,28,90.0,300.0,27000.0,2024-04-02
2024040201024813,PHCL,49,36,173.0,317.0,54841.0,2024-04-02
2024040203008970,SJLIC,16,8,45.0,486.0,21870.0,2024-04-02
2024040203008969,SJLIC,42,8,955.0,486.0,464130.0,2024-04-02
2024040204007815,HDHPC,49,35,190.0,133.5,25365.0,2024-04-02
2024040204007814,SGIC,29,57,225.0,533.0,119925.0,2024-04-02
2024040204007813,SGIC,56,57,10.0,533.0,5330.0,2024-04-02
2024040204007812,SGIC,58,57,10.0,533.1,5331.0,2024-04-02
2024040201024812,CYCL,45,33,10.0,1312.0,13120.0,2024-04-02
2024040201024811,SARBTM,86,36,50.0,925.0,46250.0,2024-04-02
2024040201024810,SARBTM,86,58,30.0,925.0,27750.0,2024-04-02
2024040201024809,SARBTM,86,58,50.0,925.0,46250.0,2024-04-02
2024040201024808,SARBTM,86,42,39.0,924.0,36036.0,2024-04-02
2024040201024807,MANDU,84,38,10.0,675.0,6750.0,2024-04-02
2024040201024806,MANDU,84,58,10.0,672.0,6720.0,2024-04-02
2024040204007811,NGPL,49,45,15.0,296.1,4441.5,2024-04-02
2024040204007810,NGPL,53,45,50.0,296.1,14805.0,2024-04-02
2024040204007809,NGPL,17,45,10.0,296.2,2962.0,2024-04-02
2024040204007808,NGPL,17,45,10.0,296.3,2963.0,2024-04-02
2024040201024805,SARBTM,37,45,50.0,923.9,46195.0,2024-04-02
2024040201024804,LSL,55,66,50.0,156.8,7840.0,2024-04-02
2024040203008968,ICFC,55,25,140.0,494.0,69160.0,2024-04-02
2024040203008967,PROFL,40,14,500.0,311.0,155500.0,2024-04-02
2024040201024803,MEHL,37,41,30.0,312.0,9360.0,2024-04-02
2024040201024802,SONA,32,58,100.0,469.9,46990.0,2024-04-02
2024040201024801,BNT,50,44,10.0,13300.0,133000.0,2024-04-02
2024040205003696,HRL,65,50,40.0,595.2,23808.0,2024-04-02
2024040205003695,HRL,17,50,10.0,595.3,5953.0,2024-04-02
2024040203008966,NLIC,22,22,166.0,595.4,98836.4,2024-04-02
2024040201024800,HDL,1,59,20.0,1494.0,29880.0,2024-04-02
2024040203008965,FMDBL,3,28,30.0,607.0,18210.0,2024-04-02
2024040203008964,GFCL,53,57,32.0,445.3,14249.6,2024-04-02
2024040203008963,GFCL,74,57,12.0,445.3,5343.6,2024-04-02
2024040203008962,GFCL,41,57,350.0,446.0,156100.0,2024-04-02
2024040203008961,GFCL,52,57,10.0,446.0,4460.0,2024-04-02
2024040201024799,CLI,53,45,10.0,450.0,4500.0,2024-04-02
2024040205003694,HRL,17,25,10.0,595.3,5953.0,2024-04-02
2024040205003693,HRL,17,52,80.0,595.3,47624.0,2024-04-02
2024040201024798,NABIL,54,50,50.0,437.0,21850.0,2024-04-02
2024040201024797,SHIVM,49,7,100.0,527.0,52700.0,2024-04-02
2024040201024796,SHIVM,58,7,50.0,527.0,26350.0,2024-04-02
2024040201024795,SHIVM,34,7,200.0,527.0,105400.0,2024-04-02
2024040201024794,SHIVM,82,7,500.0,527.0,263500.0,2024-04-02
2024040201024793,SHIVM,43,7,256.0,527.0,134912.0,2024-04-02
2024040201024792,SHIVM,32,7,50.0,527.0,26350.0,2024-04-02
2024040201024791,SHIVM,17,7,100.0,527.0,52700.0,2024-04-02
2024040201024790,SHIVM,35,7,400.0,527.0,210800.0,2024-04-02
2024040201024789,SHIVM,35,7,147.0,527.0,77469.0,2024-04-02
2024040201024788,SHIVM,25,7,1000.0,527.1,527100.0,2024-04-02
2024040201024787,SHIVM,67,7,47.0,527.1,24773.7,2024-04-02
2024040201024786,KBL,42,58,20.0,137.0,2740.0,2024-04-02
2024040201024785,MEL,39,54,10.0,224.0,2240.0,2024-04-02
2024040204007807,UPCL,13,58,28.0,205.0,5740.0,2024-04-02
2024040203008960,MFIL,52,34,45.0,496.0,22320.0,2024-04-02
2024040201024784,GBIME,41,16,10.0,181.4,1814.0,2024-04-02
2024040201024783,GBIME,58,16,218.0,181.4,39545.2,2024-04-02
2024040201024782,CYCL,62,59,20.0,1341.0,26820.0,2024-04-02
2024040201024781,CYCL,62,5,30.0,1336.0,40080.0,2024-04-02
2024040204007806,AHPC,62,13,100.0,171.5,17150.0,2024-04-02
2024040201024780,PPL,18,36,10.0,529.1,5291.0,2024-04-02
2024040201024779,CLI,53,8,10.0,450.0,4500.0,2024-04-02
2024040204007805,UAIL,34,84,250.0,525.5,131375.0,2024-04-02
2024040201024778,HATHY,26,45,50.0,899.0,44950.0,2024-04-02
2024040204007804,GHL,41,45,370.0,150.7,55759.0,2024-04-02
2024040201024777,MMKJL,29,11,10.0,416.1,4161.0,2024-04-02
2024040204007803,UNHPL,4,51,10.0,232.0,2320.0,2024-04-02
2024040205003692,NIFRA,82,7,50.0,203.0,10150.0,2024-04-02
2024040204007802,JOSHI,42,28,100.0,335.0,33500.0,2024-04-02
2024040201024776,TAMOR,39,34,10.0,377.0,3770.0,2024-04-02
2024040201024775,TAMOR,39,58,10.0,375.1,3751.0,2024-04-02
2024040201024774,TAMOR,39,51,10.0,375.0,3750.0,2024-04-02
2024040204007801,UAIL,34,41,14.0,525.5,7357.0,2024-04-02
2024040204007800,HDHPC,7,41,53.0,133.4,7070.2,2024-04-02
2024040201024773,MKLB,41,38,10.0,815.0,8150.0,2024-04-02
2024040201024772,MKLB,41,53,170.0,812.0,138040.0,2024-04-02
2024040201024771,MKLB,41,26,10.0,811.0,8110.0,2024-04-02
2024040201024770,BEDC,66,48,90.0,375.0,33750.0,2024-04-02
2024040201024769,GCIL,44,16,50.0,506.1,25305.0,2024-04-02
2024040201024768,GCIL,42,16,50.0,506.2,25310.0,2024-04-02
2024040201024767,DLBS,26,62,15.0,1271.0,19065.0,2024-04-02
2024040201024766,LSL,28,41,70.0,156.5,10955.0,2024-04-02
2024040203008959,NLIC,57,38,80.0,595.2,47616.0,2024-04-02
2024040203008958,SMFBS,84,57,100.0,1142.4,114240.0,2024-04-02
2024040203008957,SMFBS,84,26,31.0,1142.0,35402.0,2024-04-02
2024040203008956,SMFBS,84,42,10.0,1138.0,11380.0,2024-04-02
2024040203008955,SMFBS,84,7,20.0,1138.0,22760.0,2024-04-02
2024040203008954,SMFBS,84,38,10.0,1138.0,11380.0,2024-04-02
2024040203008953,SMFBS,84,17,20.0,1138.0,22760.0,2024-04-02
2024040203008952,SMFBS,84,58,50.0,1138.0,56900.0,2024-04-02
2024040203008951,SMFBS,84,25,10.0,1138.0,11380.0,2024-04-02
2024040203008950,SMFBS,84,17,30.0,1137.0,34110.0,2024-04-02
2024040203008949,SMFBS,84,45,10.0,1135.1,11351.0,2024-04-02
2024040203008948,SMFBS,84,56,23.0,1135.0,26105.0,2024-04-02
2024040203008947,SMFBS,84,58,49.0,1135.0,55615.0,2024-04-02
2024040203008946,SMFBS,84,32,10.0,1130.0,11300.0,2024-04-02
2024040203008945,SMFBS,84,51,10.0,1120.0,11200.0,2024-04-02
2024040203008944,SMFBS,84,22,14.0,1120.0,15680.0,2024-04-02
2024040203008943,SMFBS,84,42,84.0,1120.0,94080.0,2024-04-02
2024040201024765,BEDC,17,42,10.0,374.0,3740.0,2024-04-02
2024040201024764,BEDC,17,58,10.0,373.5,3735.0,2024-04-02
2024040201024763,BEDC,17,45,30.0,373.0,11190.0,2024-04-02
2024040201024762,BEDC,17,41,10.0,372.0,3720.0,2024-04-02
2024040201024761,BEDC,17,45,10.0,372.0,3720.0,2024-04-02
2024040204007799,RURU,34,48,100.0,672.0,67200.0,2024-04-02
2024040204007798,RURU,16,48,30.0,672.5,20175.0,2024-04-02
2024040204007797,RURU,14,48,11.0,673.0,7403.0,2024-04-02
2024040204007796,RURU,40,48,100.0,673.0,67300.0,2024-04-02
2024040204007795,RURU,32,48,13.0,673.0,8749.0,2024-04-02
2024040203008942,SHINE,48,5,30.0,370.0,11100.0,2024-04-02
2024040204007794,CGH,25,58,10.0,811.0,8110.0,2024-04-02
2024040201024760,SARBTM,40,42,11.0,924.0,10164.0,2024-04-02
2024040201024759,SARBTM,40,42,39.0,924.0,36036.0,2024-04-02
2024040204007793,CGH,60,35,60.0,809.0,48540.0,2024-04-02
2024040204007792,CGH,17,35,100.0,809.1,80910.0,2024-04-02
2024040204007791,CGH,25,35,20.0,809.1,16182.0,2024-04-02
2024040204007790,CGH,17,35,20.0,809.3,16186.0,2024-04-02
2024040204007789,CGH,34,35,50.0,810.0,40500.0,2024-04-02
2024040204007788,CGH,58,35,240.0,810.0,194400.0,2024-04-02
2024040204007787,CGH,25,35,10.0,810.1,8101.0,2024-04-02
2024040204007786,PPCL,34,41,250.0,252.0,63000.0,2024-04-02
2024040204007785,PPCL,52,41,50.0,252.1,12605.0,2024-04-02
2024040201024758,RFPL,65,11,10.0,407.9,4079.0,2024-04-02
2024040204007784,NHPC,50,57,445.0,147.0,65415.0,2024-04-02
2024040201024757,CZBIL,1,4,64.0,158.2,10124.8,2024-04-02
2024040201024756,HHL,42,62,10.0,361.8,3618.0,2024-04-02
2024040205003691,HRL,65,42,150.0,595.2,89280.0,2024-04-02
2024040204007783,AHPC,43,68,49.0,171.2,8388.8,2024-04-02
2024040204007782,AHPC,48,68,55.0,171.3,9421.5,2024-04-02
2024040201024755,AVYAN,26,29,100.0,668.0,66800.0,2024-04-02
2024040201024754,USHEC,22,48,460.0,370.0,170200.0,2024-04-02
2024040201024753,USHEC,22,6,10.0,370.0,3700.0,2024-04-02
2024040201024752,USHEC,22,21,10.0,370.0,3700.0,2024-04-02
2024040201024751,USHEC,22,58,10.0,370.0,3700.0,2024-04-02
2024040201024750,USHEC,22,38,10.0,369.0,3690.0,2024-04-02
2024040203008941,NFS,45,60,100.0,370.0,37000.0,2024-04-02
2024040203008940,PROFL,6,42,75.0,310.9,23317.5,2024-04-02
2024040203008939,PROFL,44,42,25.0,310.9,7772.5,2024-04-02
2024040205003690,ENL,41,32,10.0,765.0,7650.0,2024-04-02
2024040201024749,ILI,49,66,20.0,519.4,10388.0,2024-04-02
2024040204007781,GLH,58,34,355.0,215.0,76325.0,2024-04-02
2024040204007780,GLH,34,34,200.0,215.1,43020.0,2024-04-02
2024040204007779,GLH,51,34,50.0,215.5,10775.0,2024-04-02
2024040204007778,GLH,42,34,50.0,215.5,10775.0,2024-04-02
2024040203008938,DDBL,34,22,10.0,706.0,7060.0,2024-04-02
2024040201024748,KBL,29,58,115.0,137.0,15755.0,2024-04-02
2024040201024747,KBL,37,58,117.0,137.0,16029.0,2024-04-02
2024040201024746,PRVU,22,50,35.0,139.0,4865.0,2024-04-02
2024040201024745,PRVU,32,50,250.0,139.0,34750.0,2024-04-02
2024040201024744,PRVU,42,50,715.0,139.0,99385.0,2024-04-02
2024040201024743,PHCL,13,72,75.0,316.0,23700.0,2024-04-02
2024040201024742,SHIVM,13,32,900.0,528.0,475200.0,2024-04-02
2024040204007777,AKPL,29,19,193.0,174.0,33582.0,2024-04-02
2024040204007776,AKPL,45,19,200.0,174.0,34800.0,2024-04-02
2024040204007775,AKPL,8,19,93.0,174.0,16182.0,2024-04-02
2024040204007774,AKPL,58,19,14.0,174.1,2437.4,2024-04-02
2024040203008937,NFS,44,60,783.0,370.0,289710.0,2024-04-02
2024040205003689,HRL,44,52,15.0,595.3,8929.5,2024-04-02
2024040203008936,MLBL,45,6,70.0,319.0,22330.0,2024-04-02
2024040205003688,NRN,55,26,100.0,518.0,51800.0,2024-04-02
2024040204007773,PPCL,51,41,10.0,255.0,2550.0,2024-04-02
2024040201024741,BHL,94,66,880.0,338.1,297528.0,2024-04-02
2024040201024740,BHL,22,66,30.0,338.1,10143.0,2024-04-02
2024040201024739,BHL,21,66,90.0,338.2,30438.0,2024-04-02
2024040201024738,PPL,18,34,10.0,529.1,5291.0,2024-04-02
2024040201024737,CLI,53,58,110.0,450.0,49500.0,2024-04-02
2024040203008935,KSBBL,17,26,460.0,347.0,159620.0,2024-04-02
2024040203008934,KSBBL,38,26,40.0,347.0,13880.0,2024-04-02
2024040201024736,SHIVM,69,32,10.0,528.0,5280.0,2024-04-02
2024040205003687,HRL,22,52,50.0,595.3,29765.0,2024-04-02
2024040201024735,NWCL,6,47,10.0,730.0,7300.0,2024-04-02
2024040204007772,HDHPC,59,35,25.0,133.5,3337.5,2024-04-02
2024040205003686,HRL,65,57,20.0,595.2,11904.0,2024-04-02
2024040204007771,BARUN,10,58,10.0,242.5,2425.0,2024-04-02
2024040205003685,NRN,34,38,100.0,516.0,51600.0,2024-04-02
2024040203008933,RSDC,55,17,38.0,588.0,22344.0,2024-04-02
2024040203008932,RSDC,55,57,12.0,588.0,7056.0,2024-04-02
2024040203008931,USLB,55,62,10.0,1584.0,15840.0,2024-04-02
2024040205003684,NRN,58,40,100.0,516.1,51610.0,2024-04-02
2024040203008930,SAPDBL,40,35,500.0,288.0,144000.0,2024-04-02
2024040203008929,GUFL,41,5,40.0,874.9,34996.0,2024-04-02
2024040201024734,MLBS,42,58,10.0,909.0,9090.0,2024-04-02
2024040201024733,MLBS,42,32,10.0,908.0,9080.0,2024-04-02
2024040201024732,MLBS,42,21,10.0,907.0,9070.0,2024-04-02
2024040204007770,RIDI,52,41,200.0,177.1,35420.0,2024-04-02
2024040205003683,HRL,41,52,15.0,595.3,8929.5,2024-04-02
2024040204007769,HDHPC,34,35,85.0,133.5,11347.5,2024-04-02
2024040204007768,HDHPC,34,45,15.0,133.4,2001.0,2024-04-02
2024040203008928,NFS,44,20,217.0,370.0,80290.0,2024-04-02
2024040203008927,NFS,58,20,100.0,370.0,37000.0,2024-04-02
2024040203008926,NFS,32,20,50.0,370.0,18500.0,2024-04-02
2024040203008925,NFS,66,20,500.0,370.0,185000.0,2024-04-02
2024040203008924,NFS,43,20,150.0,370.0,55500.0,2024-04-02
2024040203008923,NFS,42,20,20.0,370.0,7400.0,2024-04-02
2024040203008922,NFS,70,20,263.0,370.0,97310.0,2024-04-02
2024040201024731,SHIVM,28,32,10.0,528.0,5280.0,2024-04-02
2024040203008921,GUFL,41,8,100.0,874.9,87490.0,2024-04-02
2024040201024730,MKHL,58,63,75.0,437.0,32775.0,2024-04-02
2024040201024729,NYADI,44,25,10.0,306.0,3060.0,2024-04-02
2024040204007767,MEN,45,58,80.0,500.0,40000.0,2024-04-02
2024040204007766,RADHI,16,11,400.0,236.1,94440.0,2024-04-02
2024040201024728,MKHC,64,35,10.0,330.5,3305.0,2024-04-02
2024040203008920,NFS,70,47,20.0,370.0,7400.0,2024-04-02
2024040201024727,UNLB,32,34,10.0,1600.0,16000.0,2024-04-02
2024040201024726,GBIME,58,34,110.0,181.4,19954.0,2024-04-02
2024040201024725,MKHL,58,26,1000.0,437.0,437000.0,2024-04-02
2024040201024724,GCIL,41,22,100.0,506.2,50620.0,2024-04-02
2024040203008919,NLICL,62,40,50.0,559.0,27950.0,2024-04-02
2024040201024723,MHCL,39,29,200.0,419.0,83800.0,2024-04-02
2024040201024722,MHCL,47,29,50.0,419.0,20950.0,2024-04-02
2024040201024721,MHCL,55,29,110.0,419.0,46090.0,2024-04-02
2024040201024720,MHCL,32,29,500.0,419.1,209550.0,2024-04-02
2024040201024719,MHCL,39,29,100.0,420.0,42000.0,2024-04-02
2024040201024718,MHCL,64,29,200.0,420.0,84000.0,2024-04-02
2024040201024717,MHCL,45,29,80.0,420.0,33600.0,2024-04-02
2024040205003682,HRL,65,49,20.0,595.2,11904.0,2024-04-02
2024040204007765,UPPER,33,29,100.0,170.4,17040.0,2024-04-02
2024040203008918,HLI,38,58,175.0,397.0,69475.0,2024-04-02
2024040203008917,HLI,38,49,500.0,396.9,198450.0,2024-04-02
2024040203008916,HLI,38,38,200.0,396.9,79380.0,2024-04-02
2024040203008915,HLI,38,34,27.0,396.9,10716.3,2024-04-02
2024040203008914,HLI,38,35,200.0,396.0,79200.0,2024-04-02
2024040203008913,HLI,38,47,10.0,396.0,3960.0,2024-04-02
2024040201024716,MEL,56,54,70.0,224.0,15680.0,2024-04-02
2024040203008912,SAPDBL,25,35,50.0,288.0,14400.0,2024-04-02
2024040203008911,SAPDBL,51,35,20.0,288.0,5760.0,2024-04-02
2024040203008910,SAPDBL,36,35,63.0,288.0,18144.0,2024-04-02
2024040203008909,SAPDBL,6,35,100.0,288.1,28810.0,2024-04-02
2024040203008908,SAPDBL,21,35,30.0,288.5,8655.0,2024-04-02
2024040201024715,CYCL,62,5,30.0,1336.0,40080.0,2024-04-02
2024040201024714,CYCL,62,11,30.0,1335.0,40050.0,2024-04-02
2024040201024713,CYCL,62,34,40.0,1334.9,53396.0,2024-04-02
2024040205003681,SBCF,48,56,335.0,7.61,2549.35,2024-04-02
2024040203008907,JFL,57,11,10.0,386.0,3860.0,2024-04-02
2024040204007764,BARUN,17,58,13.0,242.5,3152.5,2024-04-02
2024040201024712,HDL,52,59,50.0,1494.0,74700.0,2024-04-02
2024040201024711,SANIMA,52,45,10.0,234.5,2345.0,2024-04-02
2024040201024710,UNLB,88,81,60.0,1616.0,96960.0,2024-04-02
2024040201024709,UNLB,88,57,10.0,1615.0,16150.0,2024-04-02
2024040201024708,UNLB,88,1,10.0,1611.0,16110.0,2024-04-02
2024040201024707,UNLB,88,38,10.0,1610.0,16100.0,2024-04-02
2024040201024706,UNLB,88,7,10.0,1609.9,16099.0,2024-04-02
2024040201024705,RNLI,47,48,10.0,435.1,4351.0,2024-04-02
2024040203008906,GUFL,41,45,195.0,874.9,170605.5,2024-04-02
2024040205003680,HRL,65,39,10.0,595.2,5952.0,2024-04-02
2024040201024704,SARBTM,36,42,11.0,925.0,10175.0,2024-04-02
2024040204007763,UMHL,21,57,50.0,238.8,11940.0,2024-04-02
2024040204007762,UMHL,21,48,50.0,238.0,11900.0,2024-04-02
2024040201024703,KBL,22,58,10.0,137.5,1375.0,2024-04-02
2024040201024702,RFPL,44,58,10.0,400.0,4000.0,2024-04-02
2024040201024701,IHL,8,70,20.0,383.1,7662.0,2024-04-02
2024040205003679,HIDCL,38,55,50.0,167.2,8360.0,2024-04-02
2024040203008905,SMFBS,84,17,22.0,1090.7,23995.4,2024-04-02
2024040205003678,NRN,35,26,10.0,518.0,5180.0,2024-04-02
2024040205003677,HRL,65,40,10.0,595.2,5952.0,2024-04-02
2024040203008904,SINDU,21,66,20.0,343.9,6878.0,2024-04-02
2024040201024700,SHIVM,67,86,97.0,527.1,51128.7,2024-04-02
2024040201024699,SHIVM,45,86,803.0,527.2,423341.6,2024-04-02
2024040201024698,SHIVM,58,86,100.0,527.4,52740.0,2024-04-02
2024040201024697,HDL,22,59,20.0,1494.0,29880.0,2024-04-02
2024040203008903,SJLIC,53,35,200.0,486.5,97300.0,2024-04-02
2024040201024696,MEL,49,33,200.0,224.9,44980.0,2024-04-02
2024040205003676,HRL,65,25,10.0,595.2,5952.0,2024-04-02
2024040201024695,SARBTM,37,18,30.0,923.9,27717.0,2024-04-02
2024040201024694,SARBTM,34,18,50.0,924.0,46200.0,2024-04-02
2024040201024693,SARBTM,56,18,420.0,924.0,388080.0,2024-04-02
2024040201024692,HDL,35,59,25.0,1494.0,37350.0,2024-04-02
2024040203008902,KRBL,16,74,35.0,399.0,13965.0,2024-04-02
2024040203008901,KRBL,35,74,100.0,399.0,39900.0,2024-04-02
2024040203008900,KRBL,21,74,50.0,399.0,19950.0,2024-04-02
2024040203008899,KRBL,21,74,15.0,399.1,5986.5,2024-04-02
2024040203008898,NLIC,57,47,120.0,595.2,71424.0,2024-04-02
2024040203008897,NLIC,14,47,10.0,595.2,5952.0,2024-04-02
2024040203008896,NLIC,53,47,88.0,595.2,52377.6,2024-04-02
2024040201024691,GCIL,44,39,11.0,506.1,5567.1,2024-04-02
2024040201024690,MKCL,14,45,50.0,955.0,47750.0,2024-04-02
2024040201024689,MKCL,14,58,10.0,954.9,9549.0,2024-04-02
2024040201024688,SHIVM,69,32,10.0,528.0,5280.0,2024-04-02
2024040201024687,NICA,58,22,24.0,405.9,9741.6,2024-04-02
2024040201024686,GBIME,58,6,22.0,181.4,3990.8,2024-04-02
2024040201024685,NMB,42,49,85.0,178.5,15172.5,2024-04-02
2024040204007761,SHPC,66,11,125.0,337.5,42187.5,2024-04-02
2024040204007760,SHPC,44,11,275.0,337.5,92812.5,2024-04-02
2024040204007759,DHPL,3,35,10.0,196.0,1960.0,2024-04-02
2024040205003675,HRL,65,14,42.0,595.2,24998.4,2024-04-02
2024040201024684,SONA,41,42,30.0,469.3,14079.0,2024-04-02
2024040201024683,SONA,82,42,10.0,470.0,4700.0,2024-04-02
2024040205003674,NIFRA,82,32,30.0,203.0,6090.0,2024-04-02
2024040205003673,NIFRA,82,39,54.0,203.0,10962.0,2024-04-02
2024040205003672,NIFRA,82,33,1390.0,203.0,282170.0,2024-04-02
2024040205003671,NIFRA,82,48,20.0,202.9,4058.0,2024-04-02
2024040201024682,BHDC,77,66,30.0,471.0,14130.0,2024-04-02
2024040201024681,BHDC,77,49,10.0,470.0,4700.0,2024-04-02
2024040201024680,BHDC,77,29,10.0,470.0,4700.0,2024-04-02
2024040201024679,BHDC,77,7,10.0,470.0,4700.0,2024-04-02
2024040204007758,RHPL,22,59,330.0,276.9,91377.0,2024-04-02
2024040201024678,HHL,59,62,290.0,361.8,104922.0,2024-04-02
2024040201024677,PHCL,19,36,100.0,317.0,31700.0,2024-04-02
2024040201024676,TAMOR,17,51,10.0,374.0,3740.0,2024-04-02
2024040201024675,KDL,49,47,500.0,793.4,396700.0,2024-04-02
2024040201024674,DOLTI,60,32,700.0,435.0,304500.0,2024-04-02
2024040201024673,DOLTI,33,32,40.0,435.2,17408.0,2024-04-02
2024040201024672,DOLTI,33,32,40.0,435.4,17416.0,2024-04-02
2024040201024671,DOLTI,43,32,500.0,435.7,217850.0,2024-04-02
2024040201024670,DOLTI,48,32,200.0,436.0,87200.0,2024-04-02
2024040201024669,DOLTI,64,32,2000.0,436.1,872200.0,2024-04-02
2024040201024668,DOLTI,64,32,1000.0,437.0,437000.0,2024-04-02
2024040201024667,DOLTI,53,32,400.0,437.1,174840.0,2024-04-02
2024040201024666,DOLTI,17,32,50.0,437.3,21865.0,2024-04-02
2024040201024665,DOLTI,56,32,20.0,437.4,8748.0,2024-04-02
2024040201024664,DOLTI,5,32,50.0,437.4,21870.0,2024-04-02
2024040201024663,DLBS,62,62,11.0,1271.0,13981.0,2024-04-02
2024040203008895,GILB,62,19,10.0,988.8,9888.0,2024-04-02
2024040203008894,SKBBL,37,6,100.0,816.0,81600.0,2024-04-02
2024040203008893,SKBBL,58,6,79.0,816.0,64464.0,2024-04-02
2024040204007757,UPPER,29,29,200.0,170.4,34080.0,2024-04-02
2024040203008892,GUFL,41,59,230.0,874.9,201227.0,2024-04-02
2024040204007756,UPPER,10,57,217.0,170.0,36890.0,2024-04-02
2024040204007755,UPPER,10,57,500.0,170.0,85000.0,2024-04-02
2024040204007754,UPPER,57,57,83.0,170.0,14110.0,2024-04-02
2024040204007753,UPPER,41,57,200.0,170.1,34020.0,2024-04-02
2024040201024662,RNLI,47,49,10.0,435.1,4351.0,2024-04-02
2024040203008891,PFL,81,81,487.0,390.0,189930.0,2024-04-02
2024040203008890,PFL,22,81,130.0,390.1,50713.0,2024-04-02
2024040203008889,PFL,81,81,383.0,390.1,149408.3,2024-04-02
2024040201024661,SAHAS,45,26,140.0,515.0,72100.0,2024-04-02
2024040201024660,SAHAS,45,49,10.0,515.0,5150.0,2024-04-02
2024040203008888,NFS,40,57,500.0,370.1,185050.0,2024-04-02
2024040204007752,UNHPL,48,51,500.0,232.0,116000.0,2024-04-02
2024040204007751,UNHPL,19,51,448.0,232.0,103936.0,2024-04-02
2024040204007750,UNHPL,11,51,120.0,232.1,27852.0,2024-04-02
2024040204007749,UNHPL,50,51,100.0,232.1,23210.0,2024-04-02
2024040204007748,UNHPL,19,51,150.0,232.2,34830.0,2024-04-02
2024040201024659,SARBTM,56,21,50.0,924.0,46200.0,2024-04-02
2024040201024658,SARBTM,62,6,500.0,924.1,462050.0,2024-04-02
2024040201024657,VLUCL,42,33,10.0,507.1,5071.0,2024-04-02
2024040201024656,SHIVM,57,32,40.0,528.0,21120.0,2024-04-02
2024040201024655,SMJC,29,63,200.0,388.9,77780.0,2024-04-02
2024040203008887,MLBL,44,6,100.0,319.0,31900.0,2024-04-02
2024040201024654,MEL,56,42,10.0,224.0,2240.0,2024-04-02
2024040203008886,SJLIC,42,8,800.0,486.0,388800.0,2024-04-02
2024040204007747,UAIL,84,84,500.0,525.6,262800.0,2024-04-02
2024040204007746,UAIL,84,84,50.0,525.6,26280.0,2024-04-02
2024040201024653,SMHL,88,58,61.0,440.0,26840.0,2024-04-02
2024040203008885,PMLI,52,41,10.0,510.0,5100.0,2024-04-02
2024040204007745,AKPL,55,57,100.0,174.9,17490.0,2024-04-02
2024040201024652,DLBS,45,62,30.0,1271.0,38130.0,2024-04-02
2024040201024651,DLBS,45,35,100.0,1268.8,126880.0,2024-04-02
2024040201024650,DLBS,45,49,200.0,1268.0,253600.0,2024-04-02
2024040201024649,DLBS,45,60,10.0,1268.0,12680.0,2024-04-02
2024040201024648,DLBS,45,34,10.0,1266.0,12660.0,2024-04-02
2024040201024647,DLBS,45,14,10.0,1260.7,12607.0,2024-04-02
2024040201024646,DLBS,45,28,10.0,1260.7,12607.0,2024-04-02
2024040201024645,DLBS,45,5,10.0,1255.0,12550.0,2024-04-02
2024040201024644,DLBS,45,50,20.0,1240.0,24800.0,2024-04-02
2024040204007744,HDHPC,87,45,60.0,133.4,8004.0,2024-04-02
2024040201024643,JBLB,39,49,10.0,1315.0,13150.0,2024-04-02
2024040201024642,SARBTM,34,93,35.0,930.0,32550.0,2024-04-02
2024040201024641,SARBTM,34,17,50.0,928.0,46400.0,2024-04-02
2024040201024640,SARBTM,34,58,50.0,928.0,46400.0,2024-04-02
2024040201024639,SARBTM,34,35,30.0,928.0,27840.0,2024-04-02
2024040201024638,SARBTM,34,58,25.0,928.0,23200.0,2024-04-02
2024040201024637,SARBTM,34,49,20.0,928.0,18560.0,2024-04-02
2024040201024636,SARBTM,34,14,40.0,925.0,37000.0,2024-04-02
2024040201024635,SHIVM,69,32,10.0,528.0,5280.0,2024-04-02
2024040201024634,SHIVM,28,32,10.0,528.0,5280.0,2024-04-02
2024040204007743,UPPER,18,29,10.0,170.4,1704.0,2024-04-02
2024040201024633,SONA,82,36,10.0,470.0,4700.0,2024-04-02
2024040201024632,SONA,82,57,210.0,470.0,98700.0,2024-04-02
2024040201024631,SONA,82,14,770.0,470.0,361900.0,2024-04-02
2024040201024630,PRVU,54,34,22.0,139.1,3060.2,2024-04-02
2024040203008884,NICLBSL,34,5,40.0,600.0,24000.0,2024-04-02
2024040204007742,RADHI,16,58,20.0,236.1,4722.0,2024-04-02
2024040203008883,SLBBL,84,7,20.0,655.0,13100.0,2024-04-02
2024040201024629,SRLI,38,81,10.0,439.8,4398.0,2024-04-02
2024040203008882,KSBBL,25,13,100.0,348.0,34800.0,2024-04-02
2024040204007741,LEC,7,47,500.0,180.4,90200.0,2024-04-02
2024040204007740,LEC,48,47,200.0,180.5,36100.0,2024-04-02
2024040201024628,RFPL,44,42,20.0,400.0,8000.0,2024-04-02
2024040203008881,SLBBL,34,7,10.0,655.0,6550.0,2024-04-02
2024040204007739,UAIL,84,32,250.0,525.6,131400.0,2024-04-02
2024040201024627,PHCL,59,36,200.0,317.0,63400.0,2024-04-02
2024040201024626,PHCL,13,36,27.0,317.0,8559.0,2024-04-02
2024040201024625,NRM,34,58,10.0,370.5,3705.0,2024-04-02
2024040201024624,MKHC,64,57,288.0,330.5,95184.0,2024-04-02
2024040204007738,SHL,49,36,150.0,435.0,65250.0,2024-04-02
2024040201024623,PRVU,38,58,100.0,139.4,13940.0,2024-04-02
2024040201024622,SIKLES,40,57,10.0,521.0,5210.0,2024-04-02
2024040201024621,NICA,57,22,100.0,405.9,40590.0,2024-04-02
2024040201024620,CLI,53,54,10.0,450.0,4500.0,2024-04-02
2024040204007737,UMHL,45,42,300.0,236.3,70890.0,2024-04-02
2024040203008880,SINDU,50,48,50.0,339.3,16965.0,2024-04-02
2024040203008879,SFCL,13,58,110.0,308.5,33935.0,2024-04-02
2024040201024619,MBL,58,82,285.0,174.0,49590.0,2024-04-02
2024040201024618,MBL,58,83,290.0,173.9,50431.0,2024-04-02
2024040203008878,NFS,70,49,717.0,370.0,265290.0,2024-04-02
2024040203008877,NFS,6,49,283.0,370.0,104710.0,2024-04-02
2024040201024617,MKHL,58,63,330.0,437.0,144210.0,2024-04-02
2024040201024616,MKHL,14,63,10.0,437.1,4371.0,2024-04-02
2024040201024615,MKHL,21,63,160.0,437.1,69936.0,2024-04-02
2024040201024614,PHCL,13,44,73.0,317.0,23141.0,2024-04-02
2024040201024613,PHCL,44,44,37.0,317.0,11729.0,2024-04-02
2024040201024612,PHCL,56,44,190.0,317.1,60249.0,2024-04-02
2024040201024611,MEHL,42,48,10.0,313.9,3139.0,2024-04-02
2024040201024610,SHIVM,45,50,197.0,527.2,103858.4,2024-04-02
2024040201024609,SHIVM,21,50,10.0,527.2,5272.0,2024-04-02
2024040201024608,SHIVM,42,50,40.0,527.3,21092.0,2024-04-02
2024040201024607,SHIVM,49,50,123.0,527.3,64857.9,2024-04-02
2024040201024606,SHIVM,45,50,50.0,528.0,26400.0,2024-04-02
2024040201024605,SHIVM,58,50,30.0,528.0,15840.0,2024-04-02
2024040201024604,SHIVM,45,50,50.0,528.0,26400.0,2024-04-02
2024040201024603,DOLTI,28,57,10.0,440.0,4400.0,2024-04-02
2024040201024602,MEL,58,33,100.0,224.9,22490.0,2024-04-02
2024040201024601,BGWT,16,49,10.0,601.0,6010.0,2024-04-02
2024040201024600,NMB,52,49,20.0,178.9,3578.0,2024-04-02
2024040203008876,MNBBL,48,35,400.0,340.0,136000.0,2024-04-02
2024040204007736,JOSHI,35,28,189.0,335.0,63315.0,2024-04-02
2024040204007735,JOSHI,35,35,750.0,335.0,251250.0,2024-04-02
2024040204007734,LEC,45,38,300.0,181.5,54450.0,2024-04-02
2024040204007733,LEC,45,37,207.0,181.5,37570.5,2024-04-02
2024040201024599,JALPA,16,5,45.0,1197.4,53883.0,2024-04-02
2024040201024598,JALPA,16,42,11.0,1197.4,13171.4,2024-04-02
2024040201024597,PRVU,22,58,10.0,139.4,1394.0,2024-04-02
2024040201024596,NRM,34,49,500.0,370.5,185250.0,2024-04-02
2024040204007732,UPPER,48,29,191.0,170.4,32546.4,2024-04-02
2024040204007731,UPPER,48,32,90.0,170.3,15327.0,2024-04-02
2024040201024595,CITY,43,58,100.0,590.0,59000.0,2024-04-02
2024040201024594,CITY,43,56,20.0,589.0,11780.0,2024-04-02
2024040203008875,NFS,6,20,217.0,370.0,80290.0,2024-04-02
2024040203008874,NFS,40,20,50.0,370.0,18500.0,2024-04-02
2024040203008873,NFS,63,20,433.0,370.0,160210.0,2024-04-02
2024040203008872,NLIC,53,38,12.0,595.2,7142.4,2024-04-02
2024040203008871,NLIC,57,38,50.0,595.2,29760.0,2024-04-02
2024040203008870,NABBC,17,66,10.0,426.1,4261.0,2024-04-02
2024040203008869,NABBC,17,50,50.0,426.0,21300.0,2024-04-02
2024040203008868,NABBC,17,64,200.0,426.0,85200.0,2024-04-02
2024040203008867,NABBC,17,44,75.0,423.9,31792.5,2024-04-02
2024040203008866,NABBC,17,64,470.0,423.0,198810.0,2024-04-02
2024040203008865,NABBC,17,13,100.0,421.9,42190.0,2024-04-02
2024040203008864,NABBC,17,45,50.0,421.0,21050.0,2024-04-02
2024040203008863,NABBC,17,64,10.0,420.1,4201.0,2024-04-02
2024040203008862,NABBC,17,59,150.0,418.2,62730.0,2024-04-02
2024040203008861,NABBC,17,38,200.0,418.2,83640.0,2024-04-02
2024040203008860,NABBC,17,47,50.0,417.0,20850.0,2024-04-02
2024040203008859,NABBC,17,45,60.0,415.0,24900.0,2024-04-02
2024040203008858,NABBC,17,77,10.0,414.3,4143.0,2024-04-02
2024040203008857,NABBC,17,35,100.0,414.1,41410.0,2024-04-02
2024040203008856,NABBC,17,39,30.0,412.9,12387.0,2024-04-02
2024040203008855,NABBC,17,4,180.0,411.9,74142.0,2024-04-02
2024040201024593,CYCL,66,11,10.0,1335.0,13350.0,2024-04-02
2024040204007730,HPPL,42,39,10.0,270.8,2708.0,2024-04-02
2024040204007729,NGPL,59,34,100.0,297.0,29700.0,2024-04-02
2024040201024592,SONA,41,59,320.0,469.3,150176.0,2024-04-02
2024040201024591,SONA,45,59,50.0,469.3,23465.0,2024-04-02
2024040201024590,SONA,49,59,130.0,469.3,61009.0,2024-04-02
2024040201024589,HDL,49,59,20.0,1494.0,29880.0,2024-04-02
2024040201024588,ILI,49,38,10.0,519.4,5194.0,2024-04-02
2024040201024587,GCIL,58,33,100.0,507.0,50700.0,2024-04-02
2024040201024586,DORDI,52,55,15.0,428.3,6424.5,2024-04-02
2024040203008854,GBLBS,35,65,50.0,635.0,31750.0,2024-04-02
2024040205003670,HRL,57,52,20.0,595.3,11906.0,2024-04-02
2024040205003669,HRL,10,52,10.0,595.3,5953.0,2024-04-02
2024040205003668,HRL,38,52,55.0,595.3,32741.5,2024-04-02
2024040205003667,HRL,5,52,10.0,595.5,5955.0,2024-04-02
2024040201024585,HBL,14,57,167.0,186.9,31212.3,2024-04-02
2024040201024584,HBL,14,25,22.0,186.9,4111.8,2024-04-02
2024040201024583,HBL,14,41,11.0,186.9,2055.9,2024-04-02
2024040201024582,SONA,41,14,50.0,470.0,23500.0,2024-04-02
2024040205003666,NIFRA,46,21,288.0,202.5,58320.0,2024-04-02
2024040205003665,NIFRA,50,21,52.0,202.9,10550.8,2024-04-02
2024040204007728,HURJA,64,58,50.0,300.0,15000.0,2024-04-02
2024040201024581,PCBL,44,25,50.0,189.0,9450.0,2024-04-02
2024040205003664,HIDCL,39,55,50.0,167.2,8360.0,2024-04-02
2024040201024580,CLI,53,45,10.0,450.0,4500.0,2024-04-02
2024040203008853,GUFL,41,43,10.0,875.0,8750.0,2024-04-02
2024040203008852,KSBBL,41,13,60.0,348.0,20880.0,2024-04-02
2024040203008851,NADEP,34,46,10.0,657.8,6578.0,2024-04-02
2024040203008850,NADEP,34,58,10.0,655.0,6550.0,2024-04-02
2024040203008849,GBBL,13,32,80.0,362.0,28960.0,2024-04-02
2024040203008848,GBBL,32,32,20.0,362.0,7240.0,2024-04-02
2024040201024579,VLUCL,38,44,300.0,507.9,152370.0,2024-04-02
2024040201024578,SARBTM,56,38,50.0,924.0,46200.0,2024-04-02
2024040204007727,PPCL,29,58,290.0,252.5,73225.0,2024-04-02
2024040204007726,TRH,58,58,300.0,775.0,232500.0,2024-04-02
2024040203008847,MPFL,43,66,150.0,364.0,54600.0,2024-04-02
2024040203008846,GBLBS,42,65,240.0,635.0,152400.0,2024-04-02
2024040203008845,GBLBS,42,56,15.0,635.0,9525.0,2024-04-02
2024040203008844,GBLBS,42,6,10.0,634.9,6349.0,2024-04-02
2024040203008843,GBLBS,42,6,10.0,634.8,6348.0,2024-04-02
2024040203008842,GBLBS,42,6,10.0,634.7,6347.0,2024-04-02
2024040203008841,GBLBS,42,6,10.0,634.6,6346.0,2024-04-02
2024040203008840,GBLBS,42,6,10.0,634.5,6345.0,2024-04-02
2024040203008839,GBLBS,42,6,10.0,634.4,6344.0,2024-04-02
2024040205003663,RMF1,22,22,100.0,7.67,767.0,2024-04-02
2024040204007725,CHL,56,57,10.0,299.4,2994.0,2024-04-02
2024040204007724,TRH,8,58,30.0,775.0,23250.0,2024-04-02
2024040204007723,UPPER,57,48,35.0,170.0,5950.0,2024-04-02
2024040204007722,BARUN,34,14,40.0,239.0,9560.0,2024-04-02
2024040204007721,BARUN,52,14,60.0,239.0,14340.0,2024-04-02
2024040201024577,NESDO,51,19,10.0,1755.0,17550.0,2024-04-02
2024040201024576,NESDO,51,25,10.0,1736.0,17360.0,2024-04-02
2024040201024575,SONA,45,14,100.0,470.0,47000.0,2024-04-02
2024040201024574,SONA,49,34,10.0,469.3,4693.0,2024-04-02
2024040204007720,SJCL,22,4,74.0,277.0,20498.0,2024-04-02
2024040204007719,SHL,34,34,300.0,433.2,129960.0,2024-04-02
2024040203008838,GUFL,41,3,300.0,874.9,262470.0,2024-04-02
2024040205003662,HRL,38,36,185.0,595.3,110130.5,2024-04-02
2024040205003661,HRL,1,36,15.0,595.5,8932.5,2024-04-02
2024040205003660,HRL,1,28,20.0,595.5,11910.0,2024-04-02
2024040203008837,MFIL,52,49,200.0,496.0,99200.0,2024-04-02
2024040201024573,SAHAS,53,71,50.0,514.0,25700.0,2024-04-02
2024040201024572,SARBTM,39,14,10.0,925.1,9251.0,2024-04-02
2024040201024571,NMB,42,51,50.0,178.5,8925.0,2024-04-02
2024040201024570,ADBL,50,17,10.0,228.0,2280.0,2024-04-02
2024040201024569,DLBS,62,35,100.0,1250.0,125000.0,2024-04-02
2024040201024568,MEL,56,28,10.0,224.0,2240.0,2024-04-02
2024040203008836,SJLIC,42,8,245.0,486.0,119070.0,2024-04-02
2024040203008835,SJLIC,72,8,500.0,486.1,243050.0,2024-04-02
2024040203008834,SJLIC,72,8,255.0,486.1,123955.5,2024-04-02
2024040201024567,KBL,37,58,10.0,137.1,1371.0,2024-04-02
2024040201024566,MKHL,21,58,40.0,437.1,17484.0,2024-04-02
2024040201024565,MKHL,48,58,40.0,437.1,17484.0,2024-04-02
2024040201024564,MKHL,54,58,20.0,437.2,8744.0,2024-04-02
2024040205003659,ENL,42,25,10.0,763.0,7630.0,2024-04-02
2024040205003658,NIFRA,50,3,54.0,202.9,10956.6,2024-04-02
2024040204007718,SICL,1,29,50.0,693.0,34650.0,2024-04-02
2024040204007717,SICL,1,38,10.0,693.0,6930.0,2024-04-02
2024040205003657,HRL,1,49,10.0,595.5,5955.0,2024-04-02
2024040205003656,HRL,41,49,10.0,595.5,5955.0,2024-04-02
2024040203008833,VLBS,17,7,190.0,701.3,133247.0,2024-04-02
2024040204007716,MEN,45,45,40.0,499.1,19964.0,2024-04-02
2024040201024563,NICA,58,34,36.0,405.5,14598.0,2024-04-02
2024040201024562,NICA,47,34,14.0,405.5,5677.0,2024-04-02
2024040201024561,SBL,13,16,300.0,218.0,65400.0,2024-04-02
2024040201024560,NBL,42,6,50.0,215.0,10750.0,2024-04-02
2024040201024559,NBL,25,6,1000.0,215.0,215000.0,2024-04-02
2024040201024558,NBL,57,6,14.0,215.0,3010.0,2024-04-02
2024040203008832,RSDC,49,57,158.0,588.0,92904.0,2024-04-02
2024040203008831,RSDC,49,22,30.0,587.9,17637.0,2024-04-02
2024040203008830,RSDC,49,39,16.0,585.0,9360.0,2024-04-02
2024040204007715,SHEL,59,58,28.0,196.0,5488.0,2024-04-02
2024040204007714,UPPER,18,29,10.0,170.4,1704.0,2024-04-02
2024040201024557,PRVU,54,42,126.0,139.1,17526.6,2024-04-02
2024040203008829,GUFL,41,39,100.0,874.0,87400.0,2024-04-02
2024040203008828,GUFL,41,45,80.0,874.0,69920.0,2024-04-02
2024040203008827,GUFL,41,86,200.0,874.0,174800.0,2024-04-02
2024040203008826,GUFL,41,25,500.0,874.0,437000.0,2024-04-02
2024040203008825,GUFL,41,49,280.0,873.0,244440.0,2024-04-02
2024040203008824,GUFL,41,43,258.0,873.0,225234.0,2024-04-02
2024040204007713,NGPL,59,7,915.0,297.0,271755.0,2024-04-02
2024040203008823,ALICL,32,58,10.0,555.0,5550.0,2024-04-02
2024040201024556,HDL,58,59,10.0,1494.0,14940.0,2024-04-02
2024040203008822,ALBSL,44,61,100.0,726.0,72600.0,2024-04-02
2024040201024555,MHCL,45,14,10.0,420.0,4200.0,2024-04-02
2024040201024554,JALPA,16,42,40.0,1195.5,47820.0,2024-04-02
2024040203008821,SADBL,26,86,89.0,293.0,26077.0,2024-04-02
2024040203008820,SADBL,26,86,11.0,293.0,3223.0,2024-04-02
2024040204007712,UPPER,21,29,45.0,170.4,7668.0,2024-04-02
2024040204007711,UPPER,21,14,155.0,170.4,26412.0,2024-04-02
2024040201024553,EBL,22,49,20.0,497.8,9956.0,2024-04-02
2024040203008819,SAPDBL,38,58,30.0,289.0,8670.0,2024-04-02
2024040201024552,SARBTM,56,14,380.0,924.0,351120.0,2024-04-02
2024040201024551,SARBTM,39,14,10.0,924.1,9241.0,2024-04-02
2024040201024550,SARBTM,39,14,10.0,924.2,9242.0,2024-04-02
2024040201024549,SARBTM,39,14,10.0,924.3,9243.0,2024-04-02
2024040201024548,SARBTM,39,14,10.0,924.4,9244.0,2024-04-02
2024040201024547,SARBTM,39,14,10.0,924.5,9245.0,2024-04-02
2024040201024546,SARBTM,1,14,70.0,925.0,64750.0,2024-04-02
2024040201024545,BHDC,77,38,10.0,468.0,4680.0,2024-04-02
2024040201024544,BHDC,77,58,10.0,468.0,4680.0,2024-04-02
2024040201024543,BHDC,77,29,10.0,467.0,4670.0,2024-04-02
2024040201024542,BHDC,77,58,10.0,465.0,4650.0,2024-04-02
2024040205003655,CIT,58,54,10.0,2098.0,20980.0,2024-04-02
2024040201024541,VLUCL,47,38,10.0,507.0,5070.0,2024-04-02
2024040201024540,SMJC,17,58,10.0,389.0,3890.0,2024-04-02
2024040205003654,HRL,41,39,20.0,595.5,11910.0,2024-04-02
2024040204007710,AHPC,48,47,945.0,171.3,161878.5,2024-04-02
2024040201024539,UNLB,32,14,443.0,1600.0,708800.0,2024-04-02
2024040201024538,SHIVM,51,49,130.0,528.9,68757.0,2024-04-02
2024040201024537,LSL,41,34,100.0,156.5,15650.0,2024-04-02
2024040203008818,ICFC,34,25,10.0,494.0,4940.0,2024-04-02
2024040201024536,NABIL,34,50,61.0,437.0,26657.0,2024-04-02
2024040201024535,NABIL,34,14,39.0,437.0,17043.0,2024-04-02
2024040201024534,UHEWA,13,3,10.0,364.1,3641.0,2024-04-02
2024040201024533,SONA,49,16,550.0,469.3,258115.0,2024-04-02
2024040201024532,SONA,35,16,50.0,469.5,23475.0,2024-04-02
2024040204007709,SHPC,5,45,10.0,337.9,3379.0,2024-04-02
2024040201024531,DORDI,52,39,10.0,428.3,4283.0,2024-04-02
2024040201024530,CYCL,66,11,10.0,1335.0,13350.0,2024-04-02
2024040201024529,GBIME,21,16,11.0,181.5,1996.5,2024-04-02
2024040201024528,CKHL,41,26,10.0,567.0,5670.0,2024-04-02
2024040205003653,HRL,34,26,10.0,595.5,5955.0,2024-04-02
2024040203008817,SINDU,35,72,477.0,339.2,161798.4,2024-04-02
2024040203008816,SINDU,54,72,10.0,339.3,3393.0,2024-04-02
2024040203008815,SINDU,32,72,13.0,339.3,4410.9,2024-04-02
2024040201024527,NBL,57,34,51.0,215.0,10965.0,2024-04-02
2024040203008814,MSLB,36,74,370.0,1043.0,385910.0,2024-04-02
2024040201024526,MCHL,56,34,10.0,363.0,3630.0,2024-04-02
2024040201024525,MCHL,56,41,190.0,363.0,68970.0,2024-04-02
2024040201024524,KDL,49,4,10.0,793.4,7934.0,2024-04-02
2024040201024523,KDL,49,49,10.0,793.3,7933.0,2024-04-02
2024040201024522,SMJC,17,58,10.0,389.0,3890.0,2024-04-02
2024040201024521,NESDO,42,7,10.0,1736.0,17360.0,2024-04-02
2024040201024520,NESDO,42,66,10.0,1736.0,17360.0,2024-04-02
2024040201024519,NESDO,42,7,10.0,1734.0,17340.0,2024-04-02
2024040201024518,NESDO,42,43,50.0,1734.0,86700.0,2024-04-02
2024040201024517,NESDO,42,17,18.0,1730.0,31140.0,2024-04-02
2024040201024516,ILI,49,6,10.0,519.4,5194.0,2024-04-02
2024040201024515,CLI,53,57,10.0,450.0,4500.0,2024-04-02
2024040201024514,SHIVM,69,49,20.0,528.9,10578.0,2024-04-02
2024040204007708,UMHL,44,50,50.0,236.2,11810.0,2024-04-02
2024040203008813,NFS,63,22,67.0,370.0,24790.0,2024-04-02
2024040203008812,NFS,11,22,50.0,370.0,18500.0,2024-04-02
2024040203008811,NFS,42,22,160.0,370.0,59200.0,2024-04-02
2024040203008810,NFS,48,22,20.0,370.0,7400.0,2024-04-02
2024040203008809,NFS,70,22,373.0,370.0,138010.0,2024-04-02
2024040203008808,NFS,62,22,100.0,370.1,37010.0,2024-04-02
2024040203008807,GUFL,8,43,10.0,873.0,8730.0,2024-04-02
2024040201024513,MSHL,35,56,10.0,610.0,6100.0,2024-04-02
2024040205003652,HRL,34,38,10.0,595.5,5955.0,2024-04-02
2024040204007707,HPPL,58,39,50.0,270.8,13540.0,2024-04-02
2024040204007706,HPPL,58,13,50.0,270.6,13530.0,2024-04-02
2024040203008806,ACLBSL,51,45,10.0,738.0,7380.0,2024-04-02
2024040201024512,SHIVM,69,49,10.0,528.9,5289.0,2024-04-02
2024040204007705,HDHPC,21,45,100.0,133.5,13350.0,2024-04-02
2024040204007704,HDHPC,32,45,100.0,133.5,13350.0,2024-04-02
2024040201024511,USHEC,22,25,100.0,368.0,36800.0,2024-04-02
2024040201024510,SPL,42,54,10.0,663.3,6633.0,2024-04-02
2024040204007703,RIDI,19,10,10.0,177.0,1770.0,2024-04-02
2024040204007702,RIDI,45,10,50.0,177.0,8850.0,2024-04-02
2024040204007701,RIDI,57,10,200.0,177.0,35400.0,2024-04-02
2024040204007700,RIDI,72,10,140.0,177.0,24780.0,2024-04-02
2024040203008805,NABBC,64,4,70.0,411.9,28833.0,2024-04-02
2024040203008804,NABBC,64,64,200.0,409.0,81800.0,2024-04-02
2024040203008803,NABBC,64,17,30.0,408.9,12267.0,2024-04-02
2024040203008802,NABBC,64,11,200.0,408.0,81600.0,2024-04-02
2024040205003651,NIFRA,46,56,50.0,202.5,10125.0,2024-04-02
2024040201024509,SIKLES,19,25,10.0,522.0,5220.0,2024-04-02
2024040201024508,TVCL,57,39,50.0,481.0,24050.0,2024-04-02
2024040201024507,TVCL,41,39,50.0,481.0,24050.0,2024-04-02
2024040201024506,SHIVM,49,58,377.0,527.3,198792.1,2024-04-02
2024040201024505,SHIVM,51,58,75.0,527.9,39592.5,2024-04-02
2024040201024504,SHIVM,82,58,48.0,528.0,25344.0,2024-04-02
2024040204007699,UPPER,57,62,100.0,170.0,17000.0,2024-04-02
2024040204007698,TRH,45,58,200.0,775.0,155000.0,2024-04-02
2024040204007697,DHPL,3,13,100.0,195.9,19590.0,2024-04-02
2024040201024503,SAHAS,53,3,10.0,514.0,5140.0,2024-04-02
2024040203008801,GUFL,41,56,250.0,870.0,217500.0,2024-04-02
2024040205003650,HRL,34,39,10.0,595.5,5955.0,2024-04-02
2024040201024502,NRM,34,35,204.0,370.5,75582.0,2024-04-02
2024040201024501,NRM,38,35,65.0,370.5,24082.5,2024-04-02
2024040201024500,NRM,52,35,70.0,370.6,25942.0,2024-04-02
2024040201024499,NRM,35,35,100.0,370.7,37070.0,2024-04-02
2024040201024498,NRM,1,35,50.0,370.8,18540.0,2024-04-02
2024040201024497,NRM,44,35,35.0,370.8,12978.0,2024-04-02
2024040201024496,NRM,62,35,490.0,370.8,181692.0,2024-04-02
2024040201024495,NRM,57,35,200.0,370.9,74180.0,2024-04-02
2024040201024494,NRM,21,35,136.0,371.0,50456.0,2024-04-02
2024040205003649,HRL,34,21,30.0,595.5,17865.0,2024-04-02
2024040204007696,GHL,42,41,300.0,150.6,45180.0,2024-04-02
2024040201024493,MEHL,42,48,40.0,313.9,12556.0,2024-04-02
2024040201024492,MEHL,42,41,10.0,313.0,3130.0,2024-04-02
2024040201024491,SARBTM,1,62,30.0,925.0,27750.0,2024-04-02
2024040201024490,SARBTM,42,62,20.0,925.0,18500.0,2024-04-02
2024040204007695,MEN,45,53,290.0,499.1,144739.0,2024-04-02
2024040203008800,SJLIC,55,8,1200.0,486.5,583800.0,2024-04-02
2024040201024489,SARBTM,57,49,30.0,928.0,27840.0,2024-04-02
2024040203008799,CBBL,49,25,10.0,827.0,8270.0,2024-04-02
2024040204007694,BARUN,17,58,14.0,242.5,3395.0,2024-04-02
2024040201024488,CLI,53,58,10.0,450.0,4500.0,2024-04-02
2024040201024487,ADBL,42,25,11.0,228.0,2508.0,2024-04-02
2024040203008798,KSBBL,39,13,57.0,348.0,19836.0,2024-04-02
2024040201024486,NICA,47,48,36.0,405.5,14598.0,2024-04-02
2024040205003648,CIT,58,13,15.0,2098.5,31477.5,2024-04-02
2024040203008797,SINDU,32,85,37.0,339.3,12554.1,2024-04-02
2024040201024485,SARBTM,57,3,50.0,928.0,46400.0,2024-04-02
2024040204007693,CGH,39,37,40.0,811.5,32460.0,2024-04-02
2024040203008796,NUBL,39,6,32.0,645.0,20640.0,2024-04-02
2024040203008795,NUBL,39,57,35.0,642.0,22470.0,2024-04-02
2024040201024484,TAMOR,33,58,10.0,373.0,3730.0,2024-04-02
2024040205003647,NIFRA,58,33,110.0,203.0,22330.0,2024-04-02
2024040205003646,NIFRA,58,34,56.0,202.9,11362.4,2024-04-02
2024040205003645,NIFRA,58,29,54.0,202.6,10940.4,2024-04-02
2024040205003644,HRL,34,35,20.0,595.5,11910.0,2024-04-02
2024040203008794,FMDBL,47,50,113.0,607.1,68602.3,2024-04-02
2024040204007692,JOSHI,35,6,30.0,334.0,10020.0,2024-04-02
2024040201024483,SHIVM,28,49,10.0,528.8,5288.0,2024-04-02
2024040201024482,MBJC,33,34,280.0,310.0,86800.0,2024-04-02
2024040201024481,MBJC,33,4,10.0,309.7,3097.0,2024-04-02
2024040201024480,MBJC,33,58,10.0,309.1,3091.0,2024-04-02
2024040203008793,SKBBL,58,54,21.0,816.0,17136.0,2024-04-02
2024040203008792,SKBBL,57,54,10.0,816.0,8160.0,2024-04-02
2024040204007691,AKJCL,49,41,945.0,215.3,203458.5,2024-04-02
2024040203008791,SJLIC,38,45,795.0,486.5,386767.5,2024-04-02
2024040201024479,JALPA,49,38,15.0,1195.0,17925.0,2024-04-02
2024040205003643,ENL,42,57,10.0,763.0,7630.0,2024-04-02
2024040201024478,NICA,35,25,50.0,405.3,20265.0,2024-04-02
2024040204007690,KKHC,57,25,40.0,235.2,9408.0,2024-04-02
2024040201024477,NIMB,53,43,932.0,156.9,146230.8,2024-04-02
2024040201024476,MKCL,14,58,10.0,954.9,9549.0,2024-04-02
2024040201024475,MKCL,14,57,10.0,954.0,9540.0,2024-04-02
2024040201024474,MKCL,14,68,10.0,954.0,9540.0,2024-04-02
2024040201024473,MKCL,14,68,10.0,953.0,9530.0,2024-04-02
2024040203008790,CFCL,4,35,396.0,340.3,134758.8,2024-04-02
2024040203008789,CFCL,43,35,100.0,340.4,34040.0,2024-04-02
2024040203008788,CFCL,34,35,20.0,340.4,6808.0,2024-04-02
2024040201024472,SHIVM,69,49,10.0,528.8,5288.0,2024-04-02
2024040203008787,NMFBS,34,38,10.0,1115.0,11150.0,2024-04-02
2024040201024471,NWCL,6,28,10.0,725.0,7250.0,2024-04-02
2024040204007689,UPCL,34,6,37.0,206.0,7622.0,2024-04-02
2024040201024470,MKHC,64,51,210.0,331.0,69510.0,2024-04-02
2024040203008786,LBBL,14,38,500.0,372.0,186000.0,2024-04-02
2024040204007688,CHL,14,39,50.0,298.0,14900.0,2024-04-02
2024040204007687,NHPC,36,42,100.0,146.3,14630.0,2024-04-02
2024040203008785,MLBBL,60,39,10.0,941.0,9410.0,2024-04-02
2024040201024469,HHL,5,35,10.0,365.0,3650.0,2024-04-02
2024040205003642,HRL,34,3,10.0,595.5,5955.0,2024-04-02
2024040204007686,RADHI,49,58,100.0,236.2,23620.0,2024-04-02
2024040204007685,HPPL,58,13,100.0,270.6,27060.0,2024-04-02
2024040203008784,ALBSL,25,58,10.0,730.0,7300.0,2024-04-02
2024040201024468,PHCL,56,58,10.0,317.1,3171.0,2024-04-02
2024040201024467,SONA,58,14,80.0,470.0,37600.0,2024-04-02
2024040201024466,SONA,58,34,820.0,470.0,385400.0,2024-04-02
2024040201024465,SONA,58,33,100.0,469.9,46990.0,2024-04-02
2024040203008783,MSLB,36,4,63.0,1040.0,65520.0,2024-04-02
2024040204007684,API,7,29,154.0,175.0,26950.0,2024-04-02
2024040204007683,API,7,10,100.0,175.0,17500.0,2024-04-02
2024040204007682,API,7,41,100.0,175.0,17500.0,2024-04-02
2024040204007681,API,7,58,78.0,175.0,13650.0,2024-04-02
2024040201024464,MEL,56,4,200.0,224.0,44800.0,2024-04-02
2024040201024463,MEL,56,57,10.0,224.0,2240.0,2024-04-02
2024040201024462,MEL,56,58,10.0,224.0,2240.0,2024-04-02
2024040201024461,MEL,56,62,10.0,223.5,2235.0,2024-04-02
2024040201024460,KDL,58,47,98.0,792.1,77625.8,2024-04-02
2024040201024459,KDL,39,47,50.0,792.2,39610.0,2024-04-02
2024040201024458,KDL,47,47,52.0,793.3,41251.6,2024-04-02
2024040201024457,CYCL,66,5,10.0,1336.0,13360.0,2024-04-02
2024040201024456,VLUCL,47,10,200.0,507.0,101400.0,2024-04-02
2024040201024455,VLUCL,47,38,30.0,506.9,15207.0,2024-04-02
2024040201024454,MBL,22,83,10.0,173.9,1739.0,2024-04-02
2024040201024453,MBL,22,49,20.0,173.5,3470.0,2024-04-02
2024040203008782,NUBL,42,62,150.0,641.0,96150.0,2024-04-02
2024040205003641,HRL,34,32,401.0,595.5,238795.5,2024-04-02
2024040201024452,GCIL,67,34,11.0,506.0,5566.0,2024-04-02
2024040201024451,MMKJL,29,8,10.0,416.1,4161.0,2024-04-02
2024040203008781,SMB,58,53,11.0,1235.0,13585.0,2024-04-02
2024040203008780,SMB,58,1,10.0,1234.0,12340.0,2024-04-02
2024040203008779,SMB,58,26,11.0,1229.0,13519.0,2024-04-02
2024040203008778,SMB,58,58,10.0,1229.0,12290.0,2024-04-02
2024040203008777,SMB,58,1,38.0,1225.0,46550.0,2024-04-02
2024040201024450,SNLI,21,58,10.0,593.0,5930.0,2024-04-02
2024040203008776,GBLBS,32,6,10.0,634.3,6343.0,2024-04-02
2024040201024449,SIKLES,40,33,100.0,521.0,52100.0,2024-04-02
2024040203008775,GMFIL,57,62,10.0,357.5,3575.0,2024-04-02
2024040201024448,BEDC,48,49,10.0,369.1,3691.0,2024-04-02
2024040201024447,CLI,53,4,10.0,450.0,4500.0,2024-04-02
2024040201024446,SHIVM,82,17,200.0,528.0,105600.0,2024-04-02
2024040201024445,SHIVM,82,22,190.0,528.0,100320.0,2024-04-02
2024040201024444,SHIVM,82,4,234.0,528.0,123552.0,2024-04-02
2024040201024443,SHIVM,82,35,328.0,528.0,173184.0,2024-04-02
2024040201024442,NESDO,51,17,12.0,1730.0,20760.0,2024-04-02
2024040201024441,NESDO,51,4,18.0,1730.0,31140.0,2024-04-02
2024040201024440,NESDO,51,57,20.0,1729.9,34598.0,2024-04-02
2024040201024439,NESDO,51,58,10.0,1724.0,17240.0,2024-04-02
2024040201024438,NESDO,51,52,10.0,1722.0,17220.0,2024-04-02
2024040201024437,NESDO,51,57,10.0,1720.0,17200.0,2024-04-02
2024040201024436,NESDO,51,34,10.0,1720.0,17200.0,2024-04-02
2024040201024435,NESDO,51,45,10.0,1715.0,17150.0,2024-04-02
2024040201024434,SMHL,14,58,10.0,440.0,4400.0,2024-04-02
2024040201024433,RHGCL,29,58,94.0,317.0,29798.0,2024-04-02
2024040201024432,RHGCL,29,58,56.0,317.0,17752.0,2024-04-02
2024040201024431,RHGCL,32,58,50.0,318.0,15900.0,2024-04-02
2024040204007680,SALICO,6,34,34.0,655.0,22270.0,2024-04-02
2024040204007679,KKHC,35,57,125.0,235.0,29375.0,2024-04-02
2024040201024430,SHIVM,4,35,100.0,528.0,52800.0,2024-04-02
2024040203008774,GUFL,41,43,10.0,873.0,8730.0,2024-04-02
2024040203008773,GUFL,41,25,80.0,872.0,69760.0,2024-04-02
2024040203008772,GUFL,41,35,100.0,871.0,87100.0,2024-04-02
2024040201024429,SAHAS,3,29,350.0,513.0,179550.0,2024-04-02
2024040201024428,SAHAS,46,29,10.0,514.0,5140.0,2024-04-02
2024040201024427,SAHAS,26,29,100.0,514.0,51400.0,2024-04-02
2024040201024426,SAHAS,5,29,10.0,514.0,5140.0,2024-04-02
2024040201024425,SAHAS,33,29,530.0,514.0,272420.0,2024-04-02
2024040201024424,VLUCL,63,62,10.0,506.0,5060.0,2024-04-02
2024040203008771,GUFL,41,52,2500.0,870.0,2175000.0,2024-04-02
