transaction,symbol,buyer,seller,quantity,rate,amount,date
2024022804007258,NICL,17,38,52.0,820.1,42645.2,2024-02-28
2024022804007257,NICL,19,38,25.0,820.1,20502.5,2024-02-28
2024022804007256,NICL,59,38,50.0,820.2,41010.0,2024-02-28
2024022803005239,ALICL,62,34,10.0,569.0,5690.0,2024-02-28
2024022805005031,HRL,69,62,15.0,615.0,9225.0,2024-02-28
2024022805005030,HRL,45,62,25.0,615.1,15377.5,2024-02-28
2024022805005029,HRL,4,62,50.0,615.1,30755.0,2024-02-28
2024022805005028,HRL,81,62,20.0,615.1,12302.0,2024-02-28
2024022801024151,TVCL,42,91,10.0,535.0,5350.0,2024-02-28
2024022801024150,UNLB,58,34,10.0,1222.3,12223.0,2024-02-28
2024022801024149,NRM,34,54,100.0,360.0,36000.0,2024-02-28
2024022803005238,MPFL,34,44,10.0,356.0,3560.0,2024-02-28
2024022804007255,SJCL,57,51,340.0,280.0,95200.0,2024-02-28
2024022801024148,AVYAN,35,42,10.0,595.0,5950.0,2024-02-28
2024022801024147,HATHY,72,35,10.0,857.0,8570.0,2024-02-28
2024022801024146,HHL,5,36,10.0,344.8,3448.0,2024-02-28
2024022801024145,MKHL,21,42,10.0,372.0,3720.0,2024-02-28
2024022801024144,MKHL,21,58,10.0,371.0,3710.0,2024-02-28
2024022801024143,MKHL,21,36,10.0,370.0,3700.0,2024-02-28
2024022803005237,JFL,43,17,120.0,363.0,43560.0,2024-02-28
2024022803005236,SAPDBL,55,16,500.0,251.9,125950.0,2024-02-28
2024022803005235,KSBBL,45,44,575.0,342.0,196650.0,2024-02-28
2024022801024142,LSL,22,35,10.0,159.0,1590.0,2024-02-28
2024022804007254,UPCL,22,81,10.0,212.8,2128.0,2024-02-28
2024022801024141,MHCL,88,11,20.0,549.0,10980.0,2024-02-28
2024022801024140,SRLI,59,57,10.0,427.0,4270.0,2024-02-28
2024022801024139,MHCL,69,11,55.0,549.0,30195.0,2024-02-28
2024022801024138,SONA,16,45,100.0,458.5,45850.0,2024-02-28
2024022801024137,MAKAR,50,58,10.0,395.0,3950.0,2024-02-28
2024022801024136,MAKAR,50,58,10.0,394.0,3940.0,2024-02-28
2024022801024135,MAKAR,50,45,10.0,394.0,3940.0,2024-02-28
2024022801024134,MAKAR,50,34,10.0,393.5,3935.0,2024-02-28
2024022801024133,MAKAR,50,35,10.0,390.0,3900.0,2024-02-28
2024022805005027,CIT,50,19,100.0,2100.0,210000.0,2024-02-28
2024022801024132,SBL,50,5,10.0,219.0,2190.0,2024-02-28
2024022801024131,RFPL,71,21,10.0,327.5,3275.0,2024-02-28
2024022801024130,DOLTI,71,71,230.0,387.0,89010.0,2024-02-28
2024022801024129,DOLTI,71,22,110.0,387.0,42570.0,2024-02-28
2024022801024128,DOLTI,71,5,150.0,386.0,57900.0,2024-02-28
2024022801024127,DOLTI,71,57,400.0,386.0,154400.0,2024-02-28
2024022801024126,DOLTI,71,52,100.0,385.0,38500.0,2024-02-28
2024022801024125,DOLTI,71,17,10.0,385.0,3850.0,2024-02-28
2024022801024124,MHCL,71,11,30.0,549.0,16470.0,2024-02-28
2024022801024123,HHL,71,36,10.0,344.8,3448.0,2024-02-28
2024022801024122,PPL,71,38,10.0,329.9,3299.0,2024-02-28
2024022801024121,MHCL,58,11,11.0,549.0,6039.0,2024-02-28
2024022801024120,MHCL,58,32,89.0,543.0,48327.0,2024-02-28
2024022801024119,MHCL,8,32,100.0,543.0,54300.0,2024-02-28
2024022801024118,SGHC,56,19,10.0,315.0,3150.0,2024-02-28
2024022801024117,MHCL,26,56,10.0,531.0,5310.0,2024-02-28
2024022801024116,CLI,6,57,10.0,434.0,4340.0,2024-02-28
2024022801024115,MKCL,36,42,10.0,959.0,9590.0,2024-02-28
2024022801024114,SNLI,4,48,10.0,586.0,5860.0,2024-02-28
2024022801024113,SNLI,4,58,10.0,586.0,5860.0,2024-02-28
2024022801024112,DORDI,77,68,500.0,461.2,230600.0,2024-02-28
2024022804007253,RURU,34,59,10.0,719.0,7190.0,2024-02-28
2024022801024111,CLI,6,34,10.0,434.0,4340.0,2024-02-28
2024022804007252,JOSHI,62,65,140.0,389.9,54586.0,2024-02-28
2024022804007251,JOSHI,62,48,360.0,389.9,140364.0,2024-02-28
2024022803005234,MFIL,62,55,15.0,510.0,7650.0,2024-02-28
2024022803005233,MFIL,62,6,15.0,509.9,7648.5,2024-02-28
2024022803005232,SJLIC,55,42,30.0,465.0,13950.0,2024-02-28
2024022803005231,SJLIC,34,42,147.0,465.0,68355.0,2024-02-28
2024022803005230,SJLIC,33,42,82.0,465.1,38138.2,2024-02-28
2024022804007250,UMHL,17,17,50.0,258.1,12905.0,2024-02-28
2024022804007249,UMHL,7,17,555.0,258.1,143245.5,2024-02-28
2024022803005229,PROFL,34,38,110.0,309.9,34089.0,2024-02-28
2024022801024110,AHL,84,57,20.0,430.0,8600.0,2024-02-28
2024022801024109,SPHL,64,84,340.0,473.0,160820.0,2024-02-28
2024022801024108,SPHL,64,38,10.0,473.0,4730.0,2024-02-28
2024022801024107,SPHL,64,74,200.0,472.0,94400.0,2024-02-28
2024022801024106,SPHL,64,58,10.0,472.0,4720.0,2024-02-28
2024022801024105,SPHL,64,41,250.0,471.0,117750.0,2024-02-28
2024022801024104,SPHL,64,88,190.0,471.0,89490.0,2024-02-28
2024022801024103,ANLB,64,45,10.0,1954.0,19540.0,2024-02-28
2024022801024102,ANLB,64,39,10.0,1950.0,19500.0,2024-02-28
2024022801024101,ANLB,64,38,50.0,1949.9,97495.0,2024-02-28
2024022801024100,TSHL,35,33,10.0,500.0,5000.0,2024-02-28
2024022801024099,MHCL,35,32,11.0,543.0,5973.0,2024-02-28
2024022801024098,CLI,1,38,10.0,437.2,4372.0,2024-02-28
2024022801024097,CLI,1,34,10.0,437.0,4370.0,2024-02-28
2024022801024096,CLI,1,62,10.0,437.0,4370.0,2024-02-28
2024022801024095,CLI,1,42,10.0,437.0,4370.0,2024-02-28
2024022801024094,CLI,1,28,10.0,435.2,4352.0,2024-02-28
2024022804007248,JOSHI,72,48,10.0,389.9,3899.0,2024-02-28
2024022801024093,UNLB,21,21,10.0,1240.0,12400.0,2024-02-28
2024022801024092,BHL,44,48,10.0,347.0,3470.0,2024-02-28
2024022801024091,TAMOR,77,62,10.0,395.0,3950.0,2024-02-28
2024022803005228,MNBBL,22,46,100.0,351.0,35100.0,2024-02-28
2024022803005227,NFS,69,38,110.0,353.0,38830.0,2024-02-28
2024022803005226,NFS,69,42,90.0,351.0,31590.0,2024-02-28
2024022803005225,RLFL,45,29,69.0,360.0,24840.0,2024-02-28
2024022803005224,RLFL,45,10,11.0,360.0,3960.0,2024-02-28
2024022803005223,RLFL,45,38,20.0,360.0,7200.0,2024-02-28
2024022803005222,RLFL,45,48,100.0,355.0,35500.0,2024-02-28
2024022804007247,SHPC,50,11,203.0,337.0,68411.0,2024-02-28
2024022804007246,SHPC,58,11,100.0,337.0,33700.0,2024-02-28
2024022804007245,SHPC,58,11,54.0,337.0,18198.0,2024-02-28
2024022804007244,SHPC,14,11,50.0,337.0,16850.0,2024-02-28
2024022804007243,SHPC,83,11,1000.0,337.0,337000.0,2024-02-28
2024022804007242,SHPC,74,11,353.0,337.1,118996.3,2024-02-28
2024022804007241,SHPC,38,11,50.0,337.5,16875.0,2024-02-28
2024022804007240,SHPC,74,11,670.0,337.5,226125.0,2024-02-28
2024022804007239,CHCL,50,29,10.0,462.0,4620.0,2024-02-28
2024022804007238,NGPL,13,37,300.0,300.0,90000.0,2024-02-28
2024022804007237,NGPL,34,37,130.0,300.0,39000.0,2024-02-28
2024022805005026,CHDC,71,72,10.0,974.9,9749.0,2024-02-28
2024022805005025,HRL,19,86,20.0,617.0,12340.0,2024-02-28
2024022805005024,HRL,19,58,50.0,617.0,30850.0,2024-02-28
2024022805005023,HRL,19,41,10.0,617.0,6170.0,2024-02-28
2024022805005022,HRL,19,57,10.0,617.0,6170.0,2024-02-28
2024022805005021,HRL,19,58,10.0,617.0,6170.0,2024-02-28
2024022801024090,KBL,48,48,150.0,142.0,21300.0,2024-02-28
2024022801024089,KBL,48,54,850.0,141.7,120445.0,2024-02-28
2024022801024088,SONA,48,52,200.0,460.0,92000.0,2024-02-28
2024022801024087,SAMAJ,58,48,10.0,1656.1,16561.0,2024-02-28
2024022801024086,MHCL,58,32,100.0,543.0,54300.0,2024-02-28
2024022801024085,SONA,41,52,10.0,460.0,4600.0,2024-02-28
2024022801024084,NRM,53,14,100.0,359.9,35990.0,2024-02-28
2024022801024083,HATHY,28,26,50.0,854.0,42700.0,2024-02-28
2024022803005221,MPFL,56,26,70.0,354.0,24780.0,2024-02-28
2024022801024082,CKHL,38,11,100.0,661.0,66100.0,2024-02-28
2024022801024081,RHGCL,6,42,10.0,297.0,2970.0,2024-02-28
2024022801024080,MHCL,25,32,100.0,543.0,54300.0,2024-02-28
2024022805005020,NBF3,25,34,200.0,7.39,1478.0,2024-02-28
2024022805005019,HIDCL,32,54,10.0,170.0,1700.0,2024-02-28
2024022801024079,RHGCL,57,42,50.0,297.0,14850.0,2024-02-28
2024022801024078,RHGCL,33,42,10.0,297.0,2970.0,2024-02-28
2024022801024077,MKJC,34,41,10.0,501.0,5010.0,2024-02-28
2024022801024076,TSHL,34,33,10.0,500.0,5000.0,2024-02-28
2024022801024075,TSHL,34,19,10.0,500.0,5000.0,2024-02-28
2024022803005220,MERO,34,57,10.0,525.0,5250.0,2024-02-28
2024022801024074,EHPL,84,38,20.0,447.9,8958.0,2024-02-28
2024022801024073,EHPL,84,1,10.0,447.8,4478.0,2024-02-28
2024022803005219,MPFL,35,44,35.0,356.0,12460.0,2024-02-28
2024022803005218,MPFL,35,37,215.0,355.0,76325.0,2024-02-28
2024022803005217,MPFL,35,22,50.0,355.0,17750.0,2024-02-28
2024022805005018,HIDCL,53,54,10.0,170.0,1700.0,2024-02-28
2024022805005017,NIFRA,48,5,34.0,206.7,7027.8,2024-02-28
2024022805005016,NIFRA,58,5,20.0,206.8,4136.0,2024-02-28
2024022803005216,LLBS,33,16,30.0,750.0,22500.0,2024-02-28
2024022803005215,LLBS,38,16,20.0,751.0,15020.0,2024-02-28
2024022801024072,SPHL,49,88,10.0,471.0,4710.0,2024-02-28
2024022805005015,NIFRA,44,41,10.0,207.2,2072.0,2024-02-28
2024022803005214,GRDBL,69,16,10.0,356.9,3569.0,2024-02-28
2024022803005213,GRDBL,69,4,100.0,353.0,35300.0,2024-02-28
2024022804007236,JOSHI,41,67,5300.0,389.8,2065940.0,2024-02-28
2024022801024071,DOLTI,71,5,1000.0,385.0,385000.0,2024-02-28
2024022803005212,GUFL,71,57,10.0,614.0,6140.0,2024-02-28
2024022804007235,BARUN,48,6,10.0,253.9,2539.0,2024-02-28
2024022804007234,BARUN,48,58,10.0,253.0,2530.0,2024-02-28
2024022801024070,MHCL,58,32,100.0,543.0,54300.0,2024-02-28
2024022801024069,NIMB,58,35,15.0,164.0,2460.0,2024-02-28
2024022801024068,SPL,58,19,50.0,658.0,32900.0,2024-02-28
2024022801024067,SPL,58,42,20.0,658.0,13160.0,2024-02-28
2024022801024066,RFPL,58,36,10.0,327.0,3270.0,2024-02-28
2024022801024065,RFPL,58,70,340.0,327.0,111180.0,2024-02-28
2024022801024064,RFPL,58,59,10.0,327.0,3270.0,2024-02-28
2024022801024063,RFPL,58,58,500.0,326.4,163200.0,2024-02-28
2024022801024062,RFPL,58,62,50.0,326.1,16305.0,2024-02-28
2024022801024061,RFPL,58,36,50.0,326.0,16300.0,2024-02-28
2024022801024060,RFPL,58,14,10.0,326.0,3260.0,2024-02-28
2024022801024059,RFPL,58,41,10.0,326.0,3260.0,2024-02-28
2024022801024058,RFPL,58,6,10.0,326.0,3260.0,2024-02-28
2024022801024057,RFPL,58,36,50.0,325.8,16290.0,2024-02-28
2024022801024056,RFPL,58,42,10.0,325.2,3252.0,2024-02-28
2024022804007233,HURJA,41,57,270.0,297.0,80190.0,2024-02-28
2024022804007232,HURJA,41,86,240.0,296.6,71184.0,2024-02-28
2024022804007231,HURJA,41,7,500.0,296.5,148250.0,2024-02-28
2024022804007230,HURJA,41,49,200.0,294.0,58800.0,2024-02-28
2024022804007229,HURJA,41,57,50.0,292.9,14645.0,2024-02-28
2024022804007228,JOSHI,41,51,1000.0,387.6,387600.0,2024-02-28
2024022804007227,JOSHI,41,58,500.0,387.6,193800.0,2024-02-28
2024022804007226,JOSHI,41,45,100.0,387.0,38700.0,2024-02-28
2024022804007225,JOSHI,41,19,10.0,386.0,3860.0,2024-02-28
2024022804007224,JOSHI,41,50,30.0,386.0,11580.0,2024-02-28
2024022804007223,JOSHI,41,5,200.0,386.0,77200.0,2024-02-28
2024022804007222,JOSHI,41,56,740.0,386.0,285640.0,2024-02-28
2024022804007221,JOSHI,41,38,100.0,385.0,38500.0,2024-02-28
2024022804007220,JOSHI,41,39,150.0,385.0,57750.0,2024-02-28
2024022804007219,JOSHI,41,34,50.0,385.0,19250.0,2024-02-28
2024022805005014,NTC,57,50,10.0,843.0,8430.0,2024-02-28
2024022804007218,UMHL,7,4,20.0,258.1,5162.0,2024-02-28
2024022801024055,HDL,32,55,22.0,1520.0,33440.0,2024-02-28
2024022801024054,HDL,32,6,10.0,1520.0,15200.0,2024-02-28
2024022801024053,HDL,32,51,18.0,1520.0,27360.0,2024-02-28
2024022801024052,SMJC,6,62,190.0,380.4,72276.0,2024-02-28
2024022801024051,SHLB,34,39,100.0,865.0,86500.0,2024-02-28
2024022804007217,NGPL,34,64,500.0,300.0,150000.0,2024-02-28
2024022804007216,NGPL,34,72,370.0,300.0,111000.0,2024-02-28
2024022803005211,JBBL,34,42,10.0,290.0,2900.0,2024-02-28
2024022803005210,NLBBL,34,56,10.0,519.0,5190.0,2024-02-28
2024022804007215,CGH,34,33,10.0,818.0,8180.0,2024-02-28
2024022801024050,MCHL,52,22,10.0,338.0,3380.0,2024-02-28
2024022804007214,SGIC,84,42,78.0,507.0,39546.0,2024-02-28
2024022804007213,SGIC,84,43,100.0,506.8,50680.0,2024-02-28
2024022804007212,SGIC,84,42,10.0,505.5,5055.0,2024-02-28
2024022804007211,SGIC,84,42,110.0,505.0,55550.0,2024-02-28
2024022804007210,SGIC,84,49,10.0,505.0,5050.0,2024-02-28
2024022804007209,SGIC,84,18,10.0,505.0,5050.0,2024-02-28
2024022804007208,SGIC,84,38,10.0,504.0,5040.0,2024-02-28
2024022804007207,SGIC,84,59,172.0,504.0,86688.0,2024-02-28
2024022801024049,SMHL,64,65,130.0,471.0,61230.0,2024-02-28
2024022801024048,SMHL,64,72,300.0,471.0,141300.0,2024-02-28
2024022801024047,SMHL,64,49,10.0,465.0,4650.0,2024-02-28
2024022801024046,SMHL,64,38,490.0,465.0,227850.0,2024-02-28
2024022801024045,SMHL,64,35,10.0,464.0,4640.0,2024-02-28
2024022801024044,SMHL,64,34,440.0,464.0,204160.0,2024-02-28
2024022801024043,SMHL,64,57,20.0,463.9,9278.0,2024-02-28
2024022801024042,SMHL,64,25,100.0,463.0,46300.0,2024-02-28
2024022801024041,HATHY,28,45,25.0,854.0,21350.0,2024-02-28
2024022801024040,ULBSL,49,7,10.0,1101.0,11010.0,2024-02-28
2024022801024039,RNLI,50,47,10.0,427.0,4270.0,2024-02-28
2024022801024038,TPC,88,42,10.0,551.0,5510.0,2024-02-28
2024022801024037,BHPL,69,14,90.0,499.9,44991.0,2024-02-28
2024022801024036,BHPL,69,58,10.0,499.0,4990.0,2024-02-28
2024022803005209,PMLI,71,49,10.0,495.0,4950.0,2024-02-28
2024022801024035,MBL,46,19,34.0,177.1,6021.4,2024-02-28
2024022801024034,SGHC,45,86,140.0,309.1,43274.0,2024-02-28
2024022801024033,SGHC,34,86,100.0,309.2,30920.0,2024-02-28
2024022801024032,SGHC,41,86,60.0,309.2,18552.0,2024-02-28
2024022801024031,SGHC,49,86,200.0,309.3,61860.0,2024-02-28
2024022801024030,MEL,42,14,10.0,217.0,2170.0,2024-02-28
2024022804007206,JOSHI,39,34,50.0,385.0,19250.0,2024-02-28
2024022801024029,AHL,34,57,10.0,430.0,4300.0,2024-02-28
2024022801024028,MCHL,32,35,30.0,339.9,10197.0,2024-02-28
2024022801024027,MCHL,32,32,10.0,338.6,3386.0,2024-02-28
2024022801024026,MCHL,32,17,10.0,338.0,3380.0,2024-02-28
2024022801024025,SAMAJ,58,49,10.0,1656.1,16561.0,2024-02-28
2024022801024024,MHCL,28,11,180.0,549.0,98820.0,2024-02-28
2024022801024023,MHCL,28,60,1000.0,548.7,548700.0,2024-02-28
2024022801024022,MHCL,28,5,100.0,548.7,54870.0,2024-02-28
2024022801024021,MHCL,28,8,10.0,548.2,5482.0,2024-02-28
2024022801024020,MHCL,28,62,500.0,548.2,274100.0,2024-02-28
2024022801024019,MHCL,28,56,10.0,548.2,5482.0,2024-02-28
2024022801024018,MHCL,28,18,200.0,548.0,109600.0,2024-02-28
2024022801024017,MHCL,28,58,70.0,547.7,38339.0,2024-02-28
2024022801024016,MHCL,28,46,100.0,547.7,54770.0,2024-02-28
2024022801024015,MHCL,28,45,250.0,547.7,136925.0,2024-02-28
2024022801024014,MHCL,28,43,20.0,547.7,10954.0,2024-02-28
2024022801024013,MHCL,28,58,10.0,547.7,5477.0,2024-02-28
2024022801024012,MHCL,28,4,10.0,547.0,5470.0,2024-02-28
2024022801024011,MHCL,28,60,1000.0,546.7,546700.0,2024-02-28
2024022801024010,MHCL,28,22,10.0,546.7,5467.0,2024-02-28
2024022801024009,MHCL,28,8,100.0,546.0,54600.0,2024-02-28
2024022801024008,MHCL,28,22,10.0,545.7,5457.0,2024-02-28
2024022801024007,MHCL,28,35,10.0,545.0,5450.0,2024-02-28
2024022801024006,MHCL,28,35,10.0,543.6,5436.0,2024-02-28
2024022801024005,MHCL,28,60,3000.0,543.6,1630800.0,2024-02-28
2024022801024004,MHCL,28,42,400.0,543.0,217200.0,2024-02-28
2024022801024003,MHCL,28,45,3000.0,543.0,1629000.0,2024-02-28
2024022801024002,MHCL,28,19,1000.0,543.0,543000.0,2024-02-28
2024022801024001,MHCL,28,69,200.0,543.0,108600.0,2024-02-28
2024022801024000,MHCL,28,56,500.0,542.5,271250.0,2024-02-28
2024022801023999,MHCL,28,56,500.0,542.0,271000.0,2024-02-28
2024022801023998,MHCL,28,69,100.0,541.6,54160.0,2024-02-28
2024022801023997,MHCL,28,16,10.0,541.0,5410.0,2024-02-28
2024022801023996,MHCL,28,13,200.0,540.6,108120.0,2024-02-28
2024022801023995,MHCL,28,52,50.0,540.6,27030.0,2024-02-28
2024022801023994,MHCL,28,21,260.0,540.0,140400.0,2024-02-28
2024022801023993,MHCL,28,58,10.0,540.0,5400.0,2024-02-28
2024022801023992,MHCL,28,4,10.0,540.0,5400.0,2024-02-28
2024022801023991,MHCL,28,45,170.0,540.0,91800.0,2024-02-28
2024022801023990,MHCL,28,42,500.0,540.0,270000.0,2024-02-28
2024022801023989,MHCL,28,52,100.0,540.0,54000.0,2024-02-28
2024022801023988,MHCL,28,39,1000.0,540.0,540000.0,2024-02-28
2024022801023987,MHCL,28,42,10.0,540.0,5400.0,2024-02-28
2024022801023986,MHCL,28,77,10.0,540.0,5400.0,2024-02-28
2024022801023985,MHCL,28,58,10.0,540.0,5400.0,2024-02-28
2024022801023984,MHCL,28,58,10.0,540.0,5400.0,2024-02-28
2024022801023983,MHCL,28,7,10.0,540.0,5400.0,2024-02-28
2024022801023982,MHCL,28,11,20.0,540.0,10800.0,2024-02-28
2024022801023981,MHCL,28,58,500.0,540.0,270000.0,2024-02-28
2024022801023980,MHCL,28,58,10.0,540.0,5400.0,2024-02-28
2024022801023979,MHCL,28,69,200.0,539.5,107900.0,2024-02-28
2024022801023978,MHCL,28,69,110.0,539.0,59290.0,2024-02-28
2024022801023977,MHCL,28,69,100.0,538.0,53800.0,2024-02-28
2024022801023976,MHCL,28,7,30.0,537.0,16110.0,2024-02-28
2024022801023975,MHCL,28,69,100.0,537.0,53700.0,2024-02-28
2024022801023974,MHCL,28,69,50.0,536.0,26800.0,2024-02-28
2024022801023973,MHCL,28,48,10.0,536.0,5360.0,2024-02-28
2024022801023972,MHCL,28,49,500.0,535.5,267750.0,2024-02-28
2024022801023971,MHCL,28,52,50.0,535.0,26750.0,2024-02-28
2024022801023970,MHCL,28,25,100.0,535.0,53500.0,2024-02-28
2024022801023969,MHCL,28,58,10.0,535.0,5350.0,2024-02-28
2024022801023968,MHCL,28,47,50.0,534.9,26745.0,2024-02-28
2024022801023967,MHCL,28,56,500.0,534.0,267000.0,2024-02-28
2024022803005208,ALICL,33,44,1180.0,550.0,649000.0,2024-02-28
2024022803005207,ALICL,43,44,30.0,550.1,16503.0,2024-02-28
2024022803005206,ALICL,56,44,500.0,551.0,275500.0,2024-02-28
2024022803005205,ALICL,34,44,20.0,551.0,11020.0,2024-02-28
2024022803005204,ALICL,42,44,100.0,551.2,55120.0,2024-02-28
2024022803005203,ALICL,14,44,100.0,552.0,55200.0,2024-02-28
2024022801023966,ILI,44,42,20.0,524.0,10480.0,2024-02-28
2024022801023965,ILI,44,17,10.0,524.0,5240.0,2024-02-28
2024022801023964,ILI,44,45,10.0,524.0,5240.0,2024-02-28
2024022801023963,ILI,44,62,10.0,524.0,5240.0,2024-02-28
2024022804007205,NHDL,49,47,10.0,432.5,4325.0,2024-02-28
2024022801023962,HATHY,86,49,500.0,851.0,425500.0,2024-02-28
2024022801023961,HATHY,33,49,227.0,851.0,193177.0,2024-02-28
2024022801023960,HATHY,51,49,50.0,852.0,42600.0,2024-02-28
2024022801023959,CKHL,26,11,10.0,661.0,6610.0,2024-02-28
2024022803005202,MERO,50,57,20.0,525.0,10500.0,2024-02-28
2024022803005201,MERO,50,57,100.0,525.0,52500.0,2024-02-28
2024022803005200,MERO,6,57,18.0,525.0,9450.0,2024-02-28
2024022804007204,SPIL,36,5,10.0,724.0,7240.0,2024-02-28
2024022804007203,SPIL,36,7,90.0,723.0,65070.0,2024-02-28
2024022804007202,AKPL,1,62,495.0,179.0,88605.0,2024-02-28
2024022804007201,SHPC,34,62,70.0,339.0,23730.0,2024-02-28
2024022803005199,SAPDBL,55,55,337.0,251.9,84890.3,2024-02-28
2024022803005198,SAPDBL,49,55,100.0,251.9,25190.0,2024-02-28
2024022803005197,SAPDBL,58,55,63.0,252.0,15876.0,2024-02-28
2024022801023958,BNHC,26,51,10.0,457.2,4572.0,2024-02-28
2024022803005196,NFS,32,42,10.0,351.0,3510.0,2024-02-28
2024022801023957,GCIL,25,32,32.0,493.0,15776.0,2024-02-28
2024022801023956,SONA,33,5,10.0,458.2,4582.0,2024-02-28
2024022803005195,MERO,6,43,20.0,525.0,10500.0,2024-02-28
2024022801023955,PHCL,47,66,300.0,315.0,94500.0,2024-02-28
2024022801023954,PHCL,45,66,200.0,315.0,63000.0,2024-02-28
2024022801023953,PHCL,45,66,30.0,315.0,9450.0,2024-02-28
2024022801023952,PHCL,86,66,500.0,315.0,157500.0,2024-02-28
2024022801023951,PHCL,7,66,20.0,315.2,6304.0,2024-02-28
2024022801023950,PHCL,62,66,500.0,315.5,157750.0,2024-02-28
2024022801023949,SHIVM,49,59,100.0,483.1,48310.0,2024-02-28
2024022804007200,DHPL,50,58,100.0,193.0,19300.0,2024-02-28
2024022801023948,SMHL,28,50,10.0,462.0,4620.0,2024-02-28
2024022805005013,HRL,13,37,20.0,616.0,12320.0,2024-02-28
2024022801023947,SONA,67,52,73.0,460.0,33580.0,2024-02-28
2024022801023946,SONA,67,58,10.0,460.0,4600.0,2024-02-28
2024022801023945,SONA,67,57,10.0,460.0,4600.0,2024-02-28
2024022801023944,SONA,67,7,107.0,460.0,49220.0,2024-02-28
2024022801023943,SONA,67,5,800.0,459.9,367920.0,2024-02-28
2024022801023942,MKJC,53,3,500.0,496.9,248450.0,2024-02-28
2024022801023941,SNLI,41,71,10.0,586.0,5860.0,2024-02-28
2024022803005194,SIFC,56,34,10.0,359.8,3598.0,2024-02-28
2024022801023940,HATHY,58,45,75.0,854.0,64050.0,2024-02-28
2024022804007199,RADHI,52,6,10.0,249.0,2490.0,2024-02-28
2024022804007198,RADHI,51,6,22.0,249.0,5478.0,2024-02-28
2024022801023939,SNLI,77,54,10.0,585.4,5854.0,2024-02-28
2024022804007197,CHCL,17,29,100.0,462.0,46200.0,2024-02-28
2024022803005193,GBLBS,8,42,15.0,535.0,8025.0,2024-02-28
2024022801023938,VLUCL,14,42,21.0,542.0,11382.0,2024-02-28
2024022801023937,NICA,42,62,100.0,415.0,41500.0,2024-02-28
2024022801023936,ANLB,64,49,10.0,1920.0,19200.0,2024-02-28
2024022801023935,ANLB,64,32,10.0,1919.0,19190.0,2024-02-28
2024022804007196,API,25,51,200.0,179.1,35820.0,2024-02-28
2024022804007195,SSHL,51,55,10.0,166.2,1662.0,2024-02-28
2024022801023934,MHCL,35,39,200.0,533.0,106600.0,2024-02-28
2024022803005192,SFCL,52,53,25.0,305.5,7637.5,2024-02-28
2024022803005191,SFCL,49,53,75.0,305.5,22912.5,2024-02-28
2024022803005190,SFCL,58,53,10.0,305.5,3055.0,2024-02-28
2024022803005189,SFCL,4,53,100.0,305.5,30550.0,2024-02-28
2024022803005188,SFCL,32,53,70.0,305.5,21385.0,2024-02-28
2024022801023933,VLUCL,14,43,100.0,542.0,54200.0,2024-02-28
2024022801023932,SRLI,33,7,95.0,427.0,40565.0,2024-02-28
2024022801023931,SRLI,33,42,10.0,427.0,4270.0,2024-02-28
2024022801023930,SRLI,33,5,290.0,426.0,123540.0,2024-02-28
2024022801023929,MSHL,64,45,100.0,616.0,61600.0,2024-02-28
2024022801023928,NABIL,21,8,40.0,435.0,17400.0,2024-02-28
2024022801023927,NABIL,45,8,10.0,435.1,4351.0,2024-02-28
2024022804007194,IGI,4,39,20.0,538.0,10760.0,2024-02-28
2024022801023926,MBJC,38,25,100.0,310.0,31000.0,2024-02-28
2024022801023925,MBJC,8,25,90.0,310.1,27909.0,2024-02-28
2024022801023924,MBJC,1,25,100.0,310.2,31020.0,2024-02-28
2024022801023923,MBJC,53,25,230.0,310.3,71369.0,2024-02-28
2024022801023922,GCIL,25,35,10.0,495.0,4950.0,2024-02-28
2024022801023921,GCIL,25,35,490.0,495.0,242550.0,2024-02-28
2024022803005187,GBBL,17,34,161.0,359.1,57815.1,2024-02-28
2024022803005186,GBBL,42,34,326.0,359.1,117066.6,2024-02-28
2024022804007193,NICL,16,7,10.0,820.3,8203.0,2024-02-28
2024022801023920,SPC,49,28,15.0,617.0,9255.0,2024-02-28
2024022801023919,SHIVM,44,38,197.0,484.0,95348.0,2024-02-28
2024022801023918,SHIVM,44,25,40.0,484.0,19360.0,2024-02-28
2024022801023917,SHIVM,44,70,114.0,484.0,55176.0,2024-02-28
2024022801023916,SHIVM,44,67,124.0,484.0,60016.0,2024-02-28
2024022801023915,SHIVM,44,22,250.0,484.0,121000.0,2024-02-28
2024022804007192,CGH,41,59,50.0,811.2,40560.0,2024-02-28
2024022804007191,CGH,13,59,10.0,811.2,8112.0,2024-02-28
2024022804007190,CGH,13,59,10.0,811.3,8113.0,2024-02-28
2024022804007189,CGH,13,59,10.0,811.4,8114.0,2024-02-28
2024022804007188,CGH,13,59,10.0,811.5,8115.0,2024-02-28
2024022804007187,CGH,45,59,50.0,812.0,40600.0,2024-02-28
2024022804007186,CGH,13,59,100.0,812.0,81200.0,2024-02-28
2024022805005012,HRL,13,56,20.0,616.0,12320.0,2024-02-28
2024022801023914,NWCL,7,48,10.0,775.0,7750.0,2024-02-28
2024022801023913,NWCL,32,48,53.0,775.0,41075.0,2024-02-28
2024022804007185,NGPL,65,72,300.0,300.0,90000.0,2024-02-28
2024022804007184,SGIC,26,59,100.0,504.0,50400.0,2024-02-28
2024022801023912,RAWA,58,1,50.0,462.0,23100.0,2024-02-28
2024022801023911,CKHL,54,58,60.0,660.1,39606.0,2024-02-28
2024022801023910,CKHL,54,58,100.0,660.1,66010.0,2024-02-28
2024022801023909,CKHL,5,58,500.0,660.2,330100.0,2024-02-28
2024022801023908,CKHL,42,58,10.0,660.2,6602.0,2024-02-28
2024022801023907,CKHL,19,58,40.0,660.2,26408.0,2024-02-28
2024022801023906,CKHL,21,58,20.0,661.0,13220.0,2024-02-28
2024022801023905,CKHL,8,58,90.0,661.0,59490.0,2024-02-28
2024022801023904,CKHL,16,58,380.0,661.0,251180.0,2024-02-28
2024022801023903,NRM,38,54,39.0,360.0,14040.0,2024-02-28
2024022801023902,NRM,38,34,36.0,359.9,12956.4,2024-02-28
2024022801023901,NRM,38,7,10.0,359.0,3590.0,2024-02-28
2024022801023900,NRM,38,53,15.0,359.0,5385.0,2024-02-28
2024022804007183,SHL,38,35,100.0,440.0,44000.0,2024-02-28
2024022801023899,USHEC,84,58,310.0,366.2,113522.0,2024-02-28
2024022801023898,KDL,42,57,15.0,793.0,11895.0,2024-02-28
2024022801023897,NESDO,51,51,10.0,1635.0,16350.0,2024-02-28
2024022801023896,VLUCL,34,39,10.0,542.5,5425.0,2024-02-28
2024022801023895,MEL,39,32,10.0,215.0,2150.0,2024-02-28
2024022803005185,PROFL,49,33,72.0,307.3,22125.6,2024-02-28
2024022801023894,JALPA,49,42,85.0,1020.0,86700.0,2024-02-28
2024022801023893,CYCL,41,32,400.0,1180.0,472000.0,2024-02-28
2024022801023892,VLUCL,14,6,160.0,542.0,86720.0,2024-02-28
2024022803005184,SFCL,57,42,100.0,306.9,30690.0,2024-02-28
2024022801023891,HDL,56,51,10.0,1520.0,15200.0,2024-02-28
2024022805005011,NRIC,29,65,10.0,748.0,7480.0,2024-02-28
2024022803005183,MLBSL,42,38,13.0,1570.0,20410.0,2024-02-28
2024022803005182,HLI,25,56,20.0,380.0,7600.0,2024-02-28
2024022803005181,KMCDB,62,29,10.0,637.0,6370.0,2024-02-28
2024022804007182,HURJA,33,55,265.0,291.0,77115.0,2024-02-28
2024022804007181,HURJA,51,55,450.0,291.0,130950.0,2024-02-28
2024022801023890,GCIL,34,35,10.0,495.0,4950.0,2024-02-28
2024022803005180,SINDU,34,36,10.0,318.1,3181.0,2024-02-28
2024022805005010,NRN,49,10,10.0,540.0,5400.0,2024-02-28
2024022801023889,TPC,88,42,10.0,551.0,5510.0,2024-02-28
2024022801023888,CYCL,77,32,220.0,1180.0,259600.0,2024-02-28
2024022801023887,CYCL,77,45,30.0,1177.0,35310.0,2024-02-28
2024022804007180,HPPL,45,40,10.0,284.0,2840.0,2024-02-28
2024022805005009,CIT,22,19,10.0,2100.0,21000.0,2024-02-28
2024022805005008,CIT,45,19,100.0,2100.0,210000.0,2024-02-28
2024022805005007,CIT,36,19,12.0,2100.0,25200.0,2024-02-28
2024022801023886,SPC,14,22,10.0,620.0,6200.0,2024-02-28
2024022801023885,SNLI,41,71,20.0,586.0,11720.0,2024-02-28
2024022801023884,AHL,35,57,94.0,428.0,40232.0,2024-02-28
2024022801023883,AHL,18,57,120.0,428.0,51360.0,2024-02-28
2024022801023882,AHL,64,57,100.0,428.1,42810.0,2024-02-28
2024022805005006,HRL,13,57,20.0,616.0,12320.0,2024-02-28
2024022801023881,NWCL,32,57,47.0,775.0,36425.0,2024-02-28
2024022801023880,NWCL,38,57,53.0,775.0,41075.0,2024-02-28
2024022804007179,SPIL,36,7,10.0,723.0,7230.0,2024-02-28
2024022804007178,SPIL,36,36,20.0,722.9,14458.0,2024-02-28
2024022804007177,SPIL,36,57,90.0,721.0,64890.0,2024-02-28
2024022804007176,SPIL,36,14,100.0,720.0,72000.0,2024-02-28
2024022801023879,SAMAJ,58,38,10.0,1656.1,16561.0,2024-02-28
2024022803005179,GMFIL,36,25,100.0,352.0,35200.0,2024-02-28
2024022803005178,NMFBS,54,17,150.0,1062.0,159300.0,2024-02-28
2024022803005177,ICFC,54,64,20.0,485.0,9700.0,2024-02-28
2024022803005176,ICFC,62,64,50.0,485.0,24250.0,2024-02-28
2024022803005175,ICFC,41,64,50.0,485.0,24250.0,2024-02-28
2024022803005174,ICFC,58,64,163.0,485.0,79055.0,2024-02-28
2024022801023878,PRVU,32,13,31.0,144.0,4464.0,2024-02-28
2024022804007175,SGIC,33,59,10.0,504.0,5040.0,2024-02-28
2024022804007174,CHCL,49,29,200.0,462.0,92400.0,2024-02-28
2024022801023877,RNLI,50,47,10.0,427.0,4270.0,2024-02-28
2024022804007173,PMHPL,49,38,10.0,252.0,2520.0,2024-02-28
2024022801023876,EBL,65,44,168.0,502.4,84403.2,2024-02-28
2024022801023875,EBL,58,44,32.0,502.4,16076.8,2024-02-28
2024022803005173,HLI,44,56,70.0,380.0,26600.0,2024-02-28
2024022804007172,AKPL,1,44,620.0,179.0,110980.0,2024-02-28
2024022801023874,BHPL,69,43,45.0,499.0,22455.0,2024-02-28
2024022801023873,BHPL,69,4,10.0,498.0,4980.0,2024-02-28
2024022801023872,BHPL,69,58,10.0,498.0,4980.0,2024-02-28
2024022801023871,BHPL,69,6,100.0,498.0,49800.0,2024-02-28
2024022801023870,BHPL,69,43,50.0,497.0,24850.0,2024-02-28
2024022801023869,BHPL,69,16,85.0,496.7,42219.5,2024-02-28
2024022801023868,SMJC,45,62,30.0,382.0,11460.0,2024-02-28
2024022801023867,SMJC,45,34,70.0,381.0,26670.0,2024-02-28
2024022803005172,USLB,55,8,100.0,1090.0,109000.0,2024-02-28
2024022803005171,EDBL,41,36,31.0,348.0,10788.0,2024-02-28
2024022803005170,EDBL,41,19,19.0,346.0,6574.0,2024-02-28
2024022803005169,EDBL,41,16,250.0,345.0,86250.0,2024-02-28
2024022801023866,MBJC,53,26,10.0,310.3,3103.0,2024-02-28
2024022803005168,SHINE,33,36,68.0,370.8,25214.4,2024-02-28
2024022801023865,RFPL,62,36,50.0,325.0,16250.0,2024-02-28
2024022801023864,TVCL,38,91,10.0,535.0,5350.0,2024-02-28
2024022801023863,TVCL,38,45,10.0,534.0,5340.0,2024-02-28
2024022803005167,NLIC,40,52,20.0,597.0,11940.0,2024-02-28
2024022801023862,NABIL,42,54,34.0,435.5,14807.0,2024-02-28
2024022801023861,NABIL,42,11,16.0,435.5,6968.0,2024-02-28
2024022804007171,NICL,44,7,200.0,820.3,164060.0,2024-02-28
2024022801023860,NBL,32,6,200.0,217.0,43400.0,2024-02-28
2024022801023859,ULHC,34,1,10.0,321.0,3210.0,2024-02-28
2024022801023858,SMJC,43,34,200.0,381.3,76260.0,2024-02-28
2024022801023857,SMJC,19,34,30.0,381.3,11439.0,2024-02-28
2024022801023856,SMJC,17,34,200.0,381.6,76320.0,2024-02-28
2024022804007170,GLH,43,35,10.0,211.8,2118.0,2024-02-28
2024022804007169,GLH,43,17,20.0,211.0,4220.0,2024-02-28
2024022804007168,HURJA,51,37,75.0,291.0,21825.0,2024-02-28
2024022804007167,HURJA,41,37,200.0,291.1,58220.0,2024-02-28
2024022803005166,HLI,48,56,200.0,380.0,76000.0,2024-02-28
2024022801023855,MKCL,57,48,190.0,956.5,181735.0,2024-02-28
2024022801023854,MKCL,66,48,80.0,957.1,76568.0,2024-02-28
2024022801023853,MKCL,38,48,80.0,957.2,76576.0,2024-02-28
2024022801023852,CITY,26,37,50.0,587.0,29350.0,2024-02-28
2024022801023851,CITY,26,32,10.0,585.0,5850.0,2024-02-28
2024022801023850,CITY,26,6,10.0,585.0,5850.0,2024-02-28
2024022803005165,GUFL,35,57,10.0,614.0,6140.0,2024-02-28
2024022803005164,GUFL,94,57,500.0,614.0,307000.0,2024-02-28
2024022803005163,HLI,18,56,50.0,380.0,19000.0,2024-02-28
2024022803005162,HLI,41,56,239.0,380.0,90820.0,2024-02-28
2024022803005161,NABBC,38,43,10.0,414.0,4140.0,2024-02-28
2024022805005005,STC,54,25,10.0,5300.0,53000.0,2024-02-28
2024022805005004,STC,54,52,20.0,5250.0,105000.0,2024-02-28
2024022801023849,SONA,42,7,300.0,460.0,138000.0,2024-02-28
2024022804007166,HPPL,42,3,10.0,286.9,2869.0,2024-02-28
2024022804007165,HPPL,42,57,400.0,285.0,114000.0,2024-02-28
2024022804007164,HPPL,42,3,130.0,285.0,37050.0,2024-02-28
2024022801023848,MEHL,52,14,10.0,297.1,2971.0,2024-02-28
2024022801023847,MKJC,53,51,210.0,496.9,104349.0,2024-02-28
2024022805005003,HRL,13,35,10.0,616.0,6160.0,2024-02-28
2024022805005002,HRL,82,35,490.0,616.0,301840.0,2024-02-28
2024022803005160,JBBL,34,42,10.0,290.0,2900.0,2024-02-28
2024022804007163,GHL,28,22,110.0,149.0,16390.0,2024-02-28
2024022801023846,KDL,47,57,35.0,793.0,27755.0,2024-02-28
2024022801023845,KDL,47,22,25.0,792.0,19800.0,2024-02-28
2024022801023844,KDL,47,45,10.0,792.0,7920.0,2024-02-28
2024022801023843,KDL,47,41,25.0,791.0,19775.0,2024-02-28
2024022801023842,KDL,47,34,10.0,791.0,7910.0,2024-02-28
2024022801023841,KDL,47,43,20.0,790.0,15800.0,2024-02-28
2024022801023840,KDL,47,55,50.0,790.0,39500.0,2024-02-28
2024022801023839,KDL,47,6,50.0,790.0,39500.0,2024-02-28
2024022801023838,KDL,47,8,10.0,790.0,7900.0,2024-02-28
2024022801023837,KDL,47,34,65.0,789.0,51285.0,2024-02-28
2024022804007162,RIDI,26,59,65.0,189.5,12317.5,2024-02-28
2024022804007161,RIDI,38,59,190.0,189.5,36005.0,2024-02-28
2024022803005159,ICFC,58,45,150.0,485.0,72750.0,2024-02-28
2024022803005158,ICFC,48,45,50.0,485.1,24255.0,2024-02-28
2024022803005157,MFIL,57,55,11.0,510.0,5610.0,2024-02-28
2024022804007160,CGH,13,38,100.0,812.0,81200.0,2024-02-28
2024022804007159,CGH,87,38,40.0,812.0,32480.0,2024-02-28
2024022804007158,KKHC,58,43,200.0,245.9,49180.0,2024-02-28
2024022804007157,KKHC,58,42,250.0,245.8,61450.0,2024-02-28
2024022801023836,NICA,62,62,10.0,415.0,4150.0,2024-02-28
2024022803005156,NLIC,32,1,253.0,596.0,150788.0,2024-02-28
2024022803005155,NLIC,32,1,75.0,598.0,44850.0,2024-02-28
2024022801023835,ULHC,5,1,10.0,321.0,3210.0,2024-02-28
2024022801023834,RNLI,46,45,20.0,427.9,8558.0,2024-02-28
2024022803005154,GUFL,59,1,50.0,614.2,30710.0,2024-02-28
2024022804007156,UPPER,33,46,200.0,200.0,40000.0,2024-02-28
2024022801023833,PHCL,55,11,20.0,316.0,6320.0,2024-02-28
2024022801023832,PHCL,59,11,20.0,316.0,6320.0,2024-02-28
2024022801023831,PHCL,52,11,300.0,316.0,94800.0,2024-02-28
2024022801023830,PHCL,34,11,920.0,316.1,290812.0,2024-02-28
2024022804007155,SGIC,74,59,10.0,504.0,5040.0,2024-02-28
2024022804007154,SGIC,74,35,10.0,503.9,5039.0,2024-02-28
2024022804007153,SGIC,74,36,30.0,503.9,15117.0,2024-02-28
2024022804007152,UMRH,44,33,10000.0,364.0,3640000.0,2024-02-28
2024022804007151,UMRH,44,4,300.0,364.0,109200.0,2024-02-28
2024022804007150,UMRH,44,57,100.0,364.0,36400.0,2024-02-28
2024022804007149,UMRH,44,13,735.0,364.0,267540.0,2024-02-28
2024022804007148,UMRH,44,42,68.0,362.0,24616.0,2024-02-28
2024022804007147,UMRH,44,43,500.0,362.0,181000.0,2024-02-28
2024022803005153,MERO,6,45,165.0,525.0,86625.0,2024-02-28
2024022805005001,HRL,82,45,10.0,616.0,6160.0,2024-02-28
2024022801023829,HDL,21,45,80.0,1515.0,121200.0,2024-02-28
2024022801023828,HDL,51,45,10.0,1516.0,15160.0,2024-02-28
2024022801023827,HDL,34,45,10.0,1516.0,15160.0,2024-02-28
2024022801023826,MANDU,65,86,15.0,687.0,10305.0,2024-02-28
2024022801023825,MANDU,65,48,50.0,687.0,34350.0,2024-02-28
2024022801023824,MANDU,65,48,10.0,686.0,6860.0,2024-02-28
2024022801023823,MANDU,65,38,10.0,686.0,6860.0,2024-02-28
2024022801023822,MANDU,65,5,145.0,685.0,99325.0,2024-02-28
2024022801023821,MANDU,65,52,590.0,685.0,404150.0,2024-02-28
2024022801023820,MANDU,65,59,10.0,685.0,6850.0,2024-02-28
2024022801023819,MANDU,65,21,10.0,685.0,6850.0,2024-02-28
2024022801023818,MANDU,65,58,10.0,685.0,6850.0,2024-02-28
2024022801023817,MANDU,65,54,100.0,684.4,68440.0,2024-02-28
2024022801023816,MANDU,65,35,10.0,684.4,6844.0,2024-02-28
2024022801023815,MANDU,65,45,40.0,683.4,27336.0,2024-02-28
2024022801023814,MCHL,14,17,30.0,338.0,10140.0,2024-02-28
2024022801023813,MCHL,14,57,10.0,338.0,3380.0,2024-02-28
2024022801023812,MCHL,14,52,10.0,338.0,3380.0,2024-02-28
2024022801023811,MCHL,14,4,10.0,337.8,3378.0,2024-02-28
2024022801023810,MCHL,14,26,10.0,337.0,3370.0,2024-02-28
2024022801023809,MCHL,14,39,10.0,336.7,3367.0,2024-02-28
2024022801023808,MEL,26,14,10.0,217.0,2170.0,2024-02-28
2024022804007146,SHEL,56,29,10.0,212.7,2127.0,2024-02-28
2024022804007145,NGPL,18,58,835.0,299.4,249999.0,2024-02-28
2024022804007144,NGPL,33,58,20.0,299.5,5990.0,2024-02-28
2024022801023807,SONA,33,58,10.0,458.2,4582.0,2024-02-28
2024022801023806,VLUCL,1,6,10.0,542.0,5420.0,2024-02-28
2024022804007143,SPDL,17,34,11.0,252.9,2781.9,2024-02-28
2024022801023805,CLI,6,42,10.0,434.0,4340.0,2024-02-28
2024022803005152,NMFBS,54,42,20.0,1062.0,21240.0,2024-02-28
2024022803005151,NMFBS,22,42,20.0,1065.0,21300.0,2024-02-28
2024022803005150,USLB,55,26,20.0,1096.0,21920.0,2024-02-28
2024022804007142,CHL,33,45,10.0,302.9,3029.0,2024-02-28
2024022801023804,ULHC,29,33,10.0,317.0,3170.0,2024-02-28
2024022801023803,GBIME,46,77,50.0,185.0,9250.0,2024-02-28
2024022801023802,LSL,33,44,105.0,158.1,16600.5,2024-02-28
2024022803005149,ALICL,41,44,20.0,561.0,11220.0,2024-02-28
2024022803005148,ALICL,36,44,50.0,561.1,28055.0,2024-02-28
2024022805005000,HRL,48,45,10.0,615.6,6156.0,2024-02-28
2024022804007141,UNHPL,75,3,20.0,252.0,5040.0,2024-02-28
2024022803005147,GUFL,65,1,20.0,614.2,12284.0,2024-02-28
2024022804007140,SPDL,13,38,189.0,252.0,47628.0,2024-02-28
2024022801023801,HDL,13,51,11.0,1520.0,16720.0,2024-02-28
2024022804007139,UMHL,45,17,868.0,258.2,224117.6,2024-02-28
2024022805004999,NTC,4,1,100.0,842.0,84200.0,2024-02-28
2024022803005146,NFS,67,34,157.0,350.0,54950.0,2024-02-28
2024022804007138,API,25,34,95.0,179.1,17014.5,2024-02-28
2024022803005145,MNBBL,43,58,20.0,351.2,7024.0,2024-02-28
2024022804007137,RADHI,51,44,78.0,249.0,19422.0,2024-02-28
2024022804007136,RADHI,6,44,477.0,249.0,118773.0,2024-02-28
2024022804007135,RADHI,16,44,500.0,249.1,124550.0,2024-02-28
2024022804007134,RADHI,16,44,85.0,249.1,21173.5,2024-02-28
2024022804007133,RADHI,16,44,60.0,249.3,14958.0,2024-02-28
2024022804007132,RADHI,16,44,200.0,249.4,49880.0,2024-02-28
2024022804007131,RADHI,16,44,100.0,249.5,24950.0,2024-02-28
2024022803005144,SAPDBL,61,54,10.0,254.0,2540.0,2024-02-28
2024022805004998,HRL,81,14,20.0,615.1,12302.0,2024-02-28
2024022804007130,NGPL,14,72,50.0,300.0,15000.0,2024-02-28
2024022801023800,SONA,26,7,420.0,460.0,193200.0,2024-02-28
2024022801023799,SONA,26,19,50.0,459.9,22995.0,2024-02-28
2024022801023798,SONA,26,58,20.0,459.7,9194.0,2024-02-28
2024022801023797,SONA,26,58,10.0,459.0,4590.0,2024-02-28
2024022803005143,SJLIC,33,6,18.0,465.1,8371.8,2024-02-28
2024022805004997,HRL,81,58,50.0,615.1,30755.0,2024-02-28
2024022805004996,HRL,26,58,50.0,615.2,30760.0,2024-02-28
2024022803005142,GILB,25,58,10.0,778.1,7781.0,2024-02-28
2024022801023796,GCIL,25,58,10.0,493.0,4930.0,2024-02-28
2024022801023795,GCIL,25,58,10.0,493.0,4930.0,2024-02-28
2024022801023794,GCIL,25,14,1200.0,493.0,591600.0,2024-02-28
2024022801023793,GCIL,25,21,10.0,492.2,4922.0,2024-02-28
2024022801023792,NWCL,38,39,10.0,775.0,7750.0,2024-02-28
2024022803005141,DDBL,44,1,144.0,736.0,105984.0,2024-02-28
2024022803005140,DDBL,22,1,10.0,737.0,7370.0,2024-02-28
2024022803005139,DDBL,50,1,50.0,737.0,36850.0,2024-02-28
2024022803005138,DDBL,29,1,100.0,738.0,73800.0,2024-02-28
2024022803005137,DDBL,57,1,10.0,738.0,7380.0,2024-02-28
2024022803005136,SLBBL,1,49,100.0,569.0,56900.0,2024-02-28
2024022801023791,RNLI,50,49,10.0,427.0,4270.0,2024-02-28
2024022801023790,KBL,46,54,650.0,141.7,92105.0,2024-02-28
2024022801023789,SRLI,22,5,10.0,426.0,4260.0,2024-02-28
2024022801023788,VLUCL,1,59,20.0,542.0,10840.0,2024-02-28
2024022801023787,RHGCL,33,22,90.0,297.0,26730.0,2024-02-28
2024022803005135,NFS,67,57,200.0,350.0,70000.0,2024-02-28
2024022803005134,NFS,67,38,100.0,350.0,35000.0,2024-02-28
2024022803005133,NFS,67,17,83.0,349.9,29041.7,2024-02-28
2024022801023786,MSHL,64,45,170.0,616.0,104720.0,2024-02-28
2024022801023785,MSHL,56,45,100.0,616.0,61600.0,2024-02-28
2024022801023784,MSHL,57,45,20.0,616.0,12320.0,2024-02-28
2024022801023783,MSHL,19,45,50.0,616.0,30800.0,2024-02-28
2024022801023782,MSHL,29,45,50.0,620.0,31000.0,2024-02-28
2024022801023781,MSHL,57,45,10.0,620.0,6200.0,2024-02-28
2024022804007129,DHPL,58,14,150.0,192.4,28860.0,2024-02-28
2024022801023780,NYADI,29,70,10.0,289.0,2890.0,2024-02-28
2024022801023779,NYADI,29,49,10.0,286.0,2860.0,2024-02-28
2024022801023778,NYADI,29,45,32.0,285.0,9120.0,2024-02-28
2024022801023777,PRVU,34,13,100.0,144.0,14400.0,2024-02-28
2024022801023776,PRVU,21,13,10.0,144.0,1440.0,2024-02-28
2024022801023775,PRVU,21,13,10.0,144.0,1440.0,2024-02-28
2024022801023774,PRVU,42,13,12.0,144.0,1728.0,2024-02-28
2024022801023773,PRVU,58,13,100.0,144.0,14400.0,2024-02-28
2024022801023772,PRVU,42,13,33.0,144.0,4752.0,2024-02-28
2024022801023771,PRVU,57,13,70.0,144.0,10080.0,2024-02-28
2024022801023770,PRVU,28,13,100.0,144.0,14400.0,2024-02-28
2024022801023769,PRVU,29,13,500.0,144.0,72000.0,2024-02-28
2024022801023768,PRVU,38,13,180.0,144.0,25920.0,2024-02-28
2024022801023767,PRVU,1,13,30.0,144.0,4320.0,2024-02-28
2024022801023766,PRVU,32,13,33.0,144.0,4752.0,2024-02-28
2024022801023765,PRVU,4,13,200.0,144.0,28800.0,2024-02-28
2024022801023764,PRVU,35,13,150.0,144.0,21600.0,2024-02-28
2024022801023763,PRVU,49,13,381.0,144.0,54864.0,2024-02-28
2024022804007128,PRIN,58,38,440.0,765.0,336600.0,2024-02-28
2024022804007127,PRIN,41,38,50.0,765.1,38255.0,2024-02-28
2024022803005132,NLIC,38,13,60.0,598.9,35934.0,2024-02-28
2024022803005131,MFIL,62,55,10.0,510.0,5100.0,2024-02-28
2024022803005130,MFIL,62,47,10.0,510.0,5100.0,2024-02-28
2024022803005129,MFIL,62,43,100.0,509.9,50990.0,2024-02-28
2024022801023762,BEDC,42,77,30.0,348.0,10440.0,2024-02-28
2024022801023761,BEDC,42,57,10.0,344.5,3445.0,2024-02-28
2024022801023760,PHCL,34,55,80.0,316.1,25288.0,2024-02-28
2024022801023759,PHCL,48,55,310.0,316.1,97991.0,2024-02-28
2024022803005128,NFS,32,17,10.0,349.9,3499.0,2024-02-28
2024022805004995,HRL,34,4,10.0,616.0,6160.0,2024-02-28
2024022805004994,HRL,34,22,10.0,616.0,6160.0,2024-02-28
2024022805004993,HRL,34,7,15.0,616.0,9240.0,2024-02-28
2024022805004992,HRL,34,42,60.0,616.0,36960.0,2024-02-28
2024022803005127,SHINE,21,34,83.0,371.0,30793.0,2024-02-28
2024022803005126,SDLBSL,14,50,14.0,583.0,8162.0,2024-02-28
2024022801023758,SNLI,71,71,100.0,586.0,58600.0,2024-02-28
2024022801023757,MKHL,72,19,10.0,368.5,3685.0,2024-02-28
2024022801023756,MKHL,89,19,80.0,369.0,29520.0,2024-02-28
2024022803005125,FMDBL,29,14,261.0,580.0,151380.0,2024-02-28
2024022803005124,FMDBL,28,14,50.0,580.0,29000.0,2024-02-28
2024022803005123,FMDBL,4,14,133.0,580.0,77140.0,2024-02-28
2024022803005122,FMDBL,1,14,250.0,580.1,145025.0,2024-02-28
2024022803005121,FMDBL,44,14,50.0,580.2,29010.0,2024-02-28
2024022803005120,FMDBL,21,14,60.0,580.3,34818.0,2024-02-28
2024022803005119,FMDBL,25,14,10.0,580.3,5803.0,2024-02-28
2024022803005118,FMDBL,58,14,24.0,580.3,13927.2,2024-02-28
2024022803005117,FMDBL,57,14,150.0,585.0,87750.0,2024-02-28
2024022803005116,FMDBL,5,14,12.0,585.0,7020.0,2024-02-28
2024022801023755,ILI,38,8,10.0,524.0,5240.0,2024-02-28
2024022803005115,NLBBL,53,56,10.0,519.0,5190.0,2024-02-28
2024022805004991,HIDCL,56,16,100.0,169.1,16910.0,2024-02-28
2024022801023754,HHL,38,52,10.0,341.0,3410.0,2024-02-28
2024022801023753,MHCL,93,52,46.0,530.0,24380.0,2024-02-28
2024022801023752,RNLI,50,47,10.0,427.0,4270.0,2024-02-28
2024022801023751,CLI,6,44,10.0,434.0,4340.0,2024-02-28
2024022803005114,NFS,64,58,100.0,347.6,34760.0,2024-02-28
2024022803005113,NFS,41,58,1000.0,348.0,348000.0,2024-02-28
2024022803005112,NFS,59,58,400.0,348.0,139200.0,2024-02-28
2024022803005111,CFCL,58,48,10.0,335.0,3350.0,2024-02-28
2024022804007126,KPCL,38,57,10.0,411.1,4111.0,2024-02-28
2024022801023750,MCHL,42,45,10.0,336.6,3366.0,2024-02-28
2024022801023749,MCHL,42,29,10.0,336.0,3360.0,2024-02-28
2024022801023748,MCHL,42,51,50.0,335.8,16790.0,2024-02-28
2024022801023747,PPL,45,55,10.0,329.0,3290.0,2024-02-28
2024022801023746,HDL,32,51,10.0,1520.0,15200.0,2024-02-28
2024022801023745,NRM,5,34,10.0,359.9,3599.0,2024-02-28
2024022801023744,BEDC,21,36,10.0,344.0,3440.0,2024-02-28
2024022801023743,BEDC,21,7,10.0,344.0,3440.0,2024-02-28
2024022803005110,EDBL,57,16,250.0,345.0,86250.0,2024-02-28
2024022801023742,RFPL,62,34,10.0,325.0,3250.0,2024-02-28
2024022801023741,TPC,88,42,10.0,551.0,5510.0,2024-02-28
2024022801023740,PCBL,44,77,10.0,190.0,1900.0,2024-02-28
2024022803005109,SKBBL,40,57,42.0,815.5,34251.0,2024-02-28
2024022803005108,SKBBL,21,57,68.0,816.0,55488.0,2024-02-28
2024022803005107,SKBBL,7,57,10.0,816.2,8162.0,2024-02-28
2024022805004990,HRL,58,42,120.0,616.0,73920.0,2024-02-28
2024022805004989,HRL,58,56,10.0,616.0,6160.0,2024-02-28
2024022805004988,HRL,58,3,20.0,616.0,12320.0,2024-02-28
2024022805004987,HRL,58,22,10.0,616.0,6160.0,2024-02-28
2024022805004986,HRL,58,48,50.0,616.0,30800.0,2024-02-28
2024022805004985,HRL,58,57,200.0,616.0,123200.0,2024-02-28
2024022805004984,HRL,58,32,10.0,616.0,6160.0,2024-02-28
2024022805004983,HRL,58,58,10.0,616.0,6160.0,2024-02-28
2024022805004982,HRL,58,35,100.0,616.0,61600.0,2024-02-28
2024022805004981,HRL,58,48,70.0,616.0,43120.0,2024-02-28
2024022805004980,HRL,58,58,20.0,616.0,12320.0,2024-02-28
2024022805004979,HRL,58,11,10.0,616.0,6160.0,2024-02-28
2024022805004978,HRL,58,58,10.0,616.0,6160.0,2024-02-28
2024022805004977,HRL,58,58,10.0,616.0,6160.0,2024-02-28
2024022805004976,HRL,58,32,30.0,615.9,18477.0,2024-02-28
2024022805004975,HRL,58,29,20.0,615.5,12310.0,2024-02-28
2024022805004974,HRL,58,58,10.0,615.5,6155.0,2024-02-28
2024022805004973,HRL,58,33,10.0,615.2,6152.0,2024-02-28
2024022801023739,SHLB,4,17,14.0,870.0,12180.0,2024-02-28
2024022801023738,NRM,38,34,154.0,359.9,55424.6,2024-02-28
2024022801023737,NRM,38,61,296.0,359.8,106500.8,2024-02-28
2024022804007125,NGPL,55,72,10.0,300.0,3000.0,2024-02-28
2024022801023736,ADBL,32,45,41.0,228.0,9348.0,2024-02-28
2024022801023735,ADBL,32,55,10.0,228.0,2280.0,2024-02-28
2024022801023734,ADBL,32,6,120.0,228.0,27360.0,2024-02-28
2024022801023733,ADBL,32,51,72.0,228.0,16416.0,2024-02-28
2024022801023732,ADBL,32,41,10.0,228.0,2280.0,2024-02-28
2024022801023731,ADBL,32,32,92.0,228.0,20976.0,2024-02-28
2024022801023730,GCIL,45,35,10.0,492.0,4920.0,2024-02-28
2024022801023729,BHDC,50,5,10.0,475.9,4759.0,2024-02-28
2024022803005106,SHINE,21,58,17.0,370.9,6305.3,2024-02-28
2024022804007124,SICL,34,51,10.0,695.0,6950.0,2024-02-28
2024022805004972,GIBF1,34,35,100.0,8.3,830.0,2024-02-28
2024022805004971,GIBF1,34,1,200.0,8.3,1660.0,2024-02-28
2024022805004970,GIBF1,34,48,100.0,8.25,825.0,2024-02-28
2024022805004969,HRL,81,47,10.0,615.1,6151.0,2024-02-28
2024022801023728,NABIL,22,11,50.0,435.5,21775.0,2024-02-28
2024022804007123,AHPC,32,22,46.0,181.0,8326.0,2024-02-28
2024022804007122,AHPC,34,22,500.0,181.0,90500.0,2024-02-28
2024022804007121,AHPC,49,22,20.0,181.0,3620.0,2024-02-28
2024022804007120,AHPC,54,22,100.0,181.0,18100.0,2024-02-28
2024022804007119,AHPC,45,22,110.0,181.0,19910.0,2024-02-28
2024022804007118,AHPC,34,22,500.0,181.0,90500.0,2024-02-28
2024022804007117,AHPC,56,22,600.0,181.0,108600.0,2024-02-28
2024022804007116,AHPC,19,22,50.0,181.0,9050.0,2024-02-28
2024022804007115,AHPC,34,22,50.0,181.0,9050.0,2024-02-28
2024022804007114,AHPC,38,22,400.0,181.0,72400.0,2024-02-28
2024022804007113,AHPC,32,22,10.0,181.0,1810.0,2024-02-28
2024022804007112,AHPC,7,22,100.0,181.0,18100.0,2024-02-28
2024022804007111,AHPC,58,22,500.0,181.1,90550.0,2024-02-28
2024022804007110,AHPC,36,22,14.0,181.1,2535.4,2024-02-28
2024022801023727,HHL,38,44,40.0,341.0,13640.0,2024-02-28
2024022804007109,MHNL,54,45,50.0,247.0,12350.0,2024-02-28
2024022801023726,SONA,34,19,500.0,458.1,229050.0,2024-02-28
2024022804007108,NGPL,25,72,10.0,300.0,3000.0,2024-02-28
2024022801023725,PHCL,19,7,150.0,316.2,47430.0,2024-02-28
2024022804007107,AHPC,36,42,86.0,181.1,15574.6,2024-02-28
2024022804007106,AHPC,6,42,160.0,181.1,28976.0,2024-02-28
2024022803005105,SFCL,32,81,40.0,305.5,12220.0,2024-02-28
2024022801023724,SHIVM,49,32,10.0,483.1,4831.0,2024-02-28
2024022801023723,SHIVM,38,32,50.0,483.1,24155.0,2024-02-28
2024022801023722,SHIVM,64,32,54.0,483.1,26087.4,2024-02-28
2024022801023721,NICA,32,37,15.0,414.1,6211.5,2024-02-28
2024022803005104,SINDU,34,36,10.0,318.1,3181.0,2024-02-28
2024022801023720,TPC,34,42,50.0,551.0,27550.0,2024-02-28
2024022803005103,GUFL,43,28,15.0,614.0,9210.0,2024-02-28
2024022803005102,GUFL,41,28,25.0,614.0,15350.0,2024-02-28
2024022803005101,GUFL,21,28,20.0,614.0,12280.0,2024-02-28
2024022803005100,GUFL,19,28,240.0,614.2,147408.0,2024-02-28
2024022801023719,SONA,34,49,110.0,458.1,50391.0,2024-02-28
2024022801023718,NBL,14,43,191.0,216.9,41427.9,2024-02-28
2024022803005099,MNBBL,6,58,38.0,351.2,13345.6,2024-02-28
2024022803005098,MNBBL,6,57,50.0,351.2,17560.0,2024-02-28
2024022804007105,CGH,87,33,60.0,812.0,48720.0,2024-02-28
2024022805004968,CIT,36,42,46.0,2100.0,96600.0,2024-02-28
2024022804007104,HURJA,45,55,30.0,292.0,8760.0,2024-02-28
2024022804007103,HURJA,21,55,100.0,292.9,29290.0,2024-02-28
2024022801023717,VLUCL,1,38,20.0,542.0,10840.0,2024-02-28
2024022801023716,VLUCL,1,49,150.0,542.0,81300.0,2024-02-28
2024022805004967,HIDCL,4,21,40.0,169.0,6760.0,2024-02-28
2024022805004966,HIDCL,53,21,100.0,169.3,16930.0,2024-02-28
2024022803005097,NICLBSL,58,5,10.0,537.0,5370.0,2024-02-28
2024022804007102,JOSHI,41,14,100.0,384.0,38400.0,2024-02-28
2024022804007101,JOSHI,41,61,90.0,383.0,34470.0,2024-02-28
2024022805004965,HIDCL,53,32,80.0,169.3,13544.0,2024-02-28
2024022801023715,NRM,41,34,10.0,356.1,3561.0,2024-02-28
2024022801023714,RNLI,50,34,10.0,427.0,4270.0,2024-02-28
2024022801023713,KBL,3,54,100.0,141.7,14170.0,2024-02-28
2024022803005096,MPFL,56,44,463.0,354.0,163902.0,2024-02-28
2024022803005095,MPFL,56,44,466.0,354.0,164964.0,2024-02-28
2024022803005094,MPFL,49,44,71.0,354.1,25141.1,2024-02-28
2024022801023712,HBL,28,35,50.0,187.5,9375.0,2024-02-28
2024022801023711,SMHL,8,50,50.0,463.0,23150.0,2024-02-28
2024022801023710,SMHL,28,50,100.0,463.0,46300.0,2024-02-28
2024022801023709,TAMOR,45,59,10.0,395.0,3950.0,2024-02-28
2024022801023708,TAMOR,45,34,10.0,394.5,3945.0,2024-02-28
2024022801023707,TAMOR,45,45,10.0,394.0,3940.0,2024-02-28
2024022801023706,TAMOR,45,35,10.0,393.0,3930.0,2024-02-28
2024022801023705,TAMOR,45,38,10.0,393.0,3930.0,2024-02-28
2024022801023704,TAMOR,45,58,10.0,393.0,3930.0,2024-02-28
2024022801023703,TAMOR,45,62,10.0,393.0,3930.0,2024-02-28
2024022801023702,SAHAS,65,33,320.0,533.0,170560.0,2024-02-28
2024022801023701,SAHAS,65,58,10.0,532.0,5320.0,2024-02-28
2024022801023700,SAHAS,65,6,10.0,532.0,5320.0,2024-02-28
2024022801023699,SAHAS,65,50,10.0,531.0,5310.0,2024-02-28
2024022801023698,SAHAS,65,8,10.0,530.0,5300.0,2024-02-28
2024022801023697,SAHAS,65,36,10.0,530.0,5300.0,2024-02-28
2024022801023696,SAHAS,65,52,10.0,530.0,5300.0,2024-02-28
2024022801023695,SAHAS,65,47,10.0,530.0,5300.0,2024-02-28
2024022801023694,SAHAS,65,22,10.0,530.0,5300.0,2024-02-28
2024022801023693,SAHAS,65,50,10.0,530.0,5300.0,2024-02-28
2024022801023692,SAHAS,65,49,10.0,530.0,5300.0,2024-02-28
2024022801023691,SAHAS,65,38,10.0,530.0,5300.0,2024-02-28
2024022801023690,SAHAS,65,49,10.0,530.0,5300.0,2024-02-28
2024022801023689,SAHAS,65,1,10.0,530.0,5300.0,2024-02-28
2024022801023688,SAHAS,65,4,10.0,529.0,5290.0,2024-02-28
2024022801023687,SAHAS,65,34,10.0,529.0,5290.0,2024-02-28
2024022801023686,SAHAS,65,72,10.0,529.0,5290.0,2024-02-28
2024022801023685,SAHAS,65,53,10.0,529.0,5290.0,2024-02-28
2024022801023684,SAHAS,65,34,10.0,529.0,5290.0,2024-02-28
2024022801023683,SAHAS,65,48,10.0,529.0,5290.0,2024-02-28
2024022801023682,SAHAS,65,52,10.0,529.0,5290.0,2024-02-28
2024022801023681,SAHAS,65,34,10.0,528.8,5288.0,2024-02-28
2024022801023680,SAHAS,65,58,10.0,528.0,5280.0,2024-02-28
2024022801023679,SAHAS,65,39,10.0,528.0,5280.0,2024-02-28
2024022801023678,SAHAS,65,16,350.0,528.0,184800.0,2024-02-28
2024022801023677,SAHAS,65,6,100.0,527.9,52790.0,2024-02-28
2024022803005093,GUFL,19,57,160.0,614.2,98272.0,2024-02-28
2024022803005092,GUFL,14,57,150.0,614.3,92145.0,2024-02-28
2024022803005091,NLBBL,40,25,10.0,512.0,5120.0,2024-02-28
2024022803005090,GBBL,7,44,50.0,360.0,18000.0,2024-02-28
2024022803005089,USLB,55,58,10.0,1095.0,10950.0,2024-02-28
2024022801023676,RAWA,52,1,100.0,462.1,46210.0,2024-02-28
2024022801023675,RAWA,45,1,500.0,462.2,231100.0,2024-02-28
2024022801023674,RAWA,47,1,100.0,462.4,46240.0,2024-02-28
2024022804007100,JOSHI,28,41,100.0,380.0,38000.0,2024-02-28
2024022804007099,SICL,34,55,10.0,691.0,6910.0,2024-02-28
2024022805004964,NRN,49,62,10.0,542.0,5420.0,2024-02-28
2024022801023673,EHPL,65,71,290.0,442.0,128180.0,2024-02-28
2024022801023672,EHPL,60,71,10.0,442.0,4420.0,2024-02-28
2024022801023671,EHPL,65,71,100.0,442.5,44250.0,2024-02-28
2024022801023670,EHPL,34,71,100.0,443.0,44300.0,2024-02-28
2024022801023669,NABIL,21,45,100.0,435.0,43500.0,2024-02-28
2024022801023668,BHL,44,19,148.0,342.3,50660.4,2024-02-28
2024022801023667,BHL,56,19,40.0,342.3,13692.0,2024-02-28
2024022801023666,BHL,25,19,100.0,342.7,34270.0,2024-02-28
2024022801023665,BHL,70,19,190.0,342.8,65132.0,2024-02-28
2024022801023664,BHL,41,19,250.0,343.0,85750.0,2024-02-28
2024022801023663,BHL,65,19,100.0,345.0,34500.0,2024-02-28
2024022801023662,BHL,70,19,90.0,345.0,31050.0,2024-02-28
2024022804007098,NLG,3,41,40.0,754.0,30160.0,2024-02-28
2024022801023661,HDL,54,51,21.0,1520.0,31920.0,2024-02-28
2024022801023660,HDL,54,75,19.0,1520.0,28880.0,2024-02-28
2024022801023659,PHCL,58,53,20.0,316.6,6332.0,2024-02-28
2024022804007097,AKJCL,49,42,90.0,220.1,19809.0,2024-02-28
2024022804007096,AKJCL,54,42,60.0,220.1,13206.0,2024-02-28
2024022801023658,TAMOR,67,51,10.0,392.1,3921.0,2024-02-28
2024022801023657,CYCL,77,58,21.0,1195.0,25095.0,2024-02-28
2024022801023656,CYCL,77,25,100.0,1195.0,119500.0,2024-02-28
2024022801023655,CYCL,77,58,40.0,1194.9,47796.0,2024-02-28
2024022801023654,CYCL,77,58,10.0,1192.3,11923.0,2024-02-28
2024022801023653,CYCL,77,48,50.0,1192.0,59600.0,2024-02-28
2024022801023652,CYCL,77,29,400.0,1192.0,476800.0,2024-02-28
2024022801023651,CYCL,77,45,10.0,1192.0,11920.0,2024-02-28
2024022801023650,CYCL,77,17,150.0,1190.0,178500.0,2024-02-28
2024022801023649,CYCL,77,35,100.0,1190.0,119000.0,2024-02-28
2024022801023648,CYCL,77,67,100.0,1190.0,119000.0,2024-02-28
2024022801023647,CYCL,77,43,20.0,1189.0,23780.0,2024-02-28
2024022801023646,CYCL,77,41,50.0,1186.0,59300.0,2024-02-28
2024022801023645,CYCL,77,55,51.0,1186.0,60486.0,2024-02-28
2024022801023644,CYCL,77,43,50.0,1186.0,59300.0,2024-02-28
2024022801023643,CYCL,77,49,56.0,1185.0,66360.0,2024-02-28
2024022801023642,CYCL,77,54,63.0,1180.0,74340.0,2024-02-28
2024022801023641,CYCL,77,1,10.0,1180.0,11800.0,2024-02-28
2024022801023640,CYCL,77,45,30.0,1180.0,35400.0,2024-02-28
2024022801023639,CYCL,77,39,30.0,1179.9,35397.0,2024-02-28
2024022801023638,CYCL,77,64,53.0,1179.0,62487.0,2024-02-28
2024022801023637,CYCL,77,17,93.0,1177.0,109461.0,2024-02-28
2024022801023636,CYCL,77,34,13.0,1156.5,15034.5,2024-02-28
2024022801023635,RNLI,50,47,10.0,427.0,4270.0,2024-02-28
2024022803005088,ICFC,58,19,187.0,485.0,90695.0,2024-02-28
2024022803005087,ICFC,41,19,200.0,485.0,97000.0,2024-02-28
2024022803005086,ICFC,49,19,200.0,485.0,97000.0,2024-02-28
2024022803005085,ICFC,58,19,1000.0,485.0,485000.0,2024-02-28
2024022803005084,ICFC,14,19,50.0,485.0,24250.0,2024-02-28
2024022803005083,ICFC,34,19,50.0,485.0,24250.0,2024-02-28
2024022803005082,ICFC,51,19,113.0,485.0,54805.0,2024-02-28
2024022801023634,SNLI,52,58,10.0,585.3,5853.0,2024-02-28
2024022805004963,NRN,32,55,100.0,540.0,54000.0,2024-02-28
2024022805004962,NRN,26,55,100.0,540.0,54000.0,2024-02-28
2024022801023633,MCHL,14,51,50.0,335.8,16790.0,2024-02-28
2024022801023632,SHIVM,64,32,142.0,483.1,68600.2,2024-02-28
2024022801023631,SNLI,41,71,35.0,586.0,20510.0,2024-02-28
2024022804007095,JOSHI,28,35,305.0,380.0,115900.0,2024-02-28
2024022804007094,JOSHI,28,13,340.0,380.0,129200.0,2024-02-28
2024022804007093,NHPC,47,22,580.0,153.5,89030.0,2024-02-28
2024022804007092,NHPC,32,22,200.0,153.5,30700.0,2024-02-28
2024022804007091,NHPC,16,22,220.0,153.6,33792.0,2024-02-28
2024022801023630,NABIL,45,11,10.0,435.5,4355.0,2024-02-28
2024022801023629,SHIVM,64,45,304.0,483.1,146862.4,2024-02-28
2024022801023628,SHIVM,22,45,38.0,483.1,18357.8,2024-02-28
2024022801023627,SRLI,45,14,10.0,422.5,4225.0,2024-02-28
2024022805004961,HRL,69,4,80.0,615.0,49200.0,2024-02-28
2024022805004960,HRL,36,4,50.0,615.1,30755.0,2024-02-28
2024022805004959,HRL,56,4,30.0,615.5,18465.0,2024-02-28
2024022801023626,SNLI,13,71,10.0,586.0,5860.0,2024-02-28
2024022804007090,SPDL,17,38,11.0,252.0,2772.0,2024-02-28
2024022803005081,SHINE,57,58,26.0,371.0,9646.0,2024-02-28
2024022803005080,JBBL,49,35,671.0,288.0,193248.0,2024-02-28
2024022805004958,BBC,29,43,50.0,4026.0,201300.0,2024-02-28
2024022801023625,RFPL,62,49,30.0,325.0,9750.0,2024-02-28
2024022801023624,ULHC,19,49,10.0,317.0,3170.0,2024-02-28
2024022804007089,SPIL,39,57,10.0,721.0,7210.0,2024-02-28
2024022803005079,USLB,43,8,100.0,1097.0,109700.0,2024-02-28
2024022801023623,MEHL,47,42,35.0,298.0,10430.0,2024-02-28
2024022801023622,MEHL,47,45,10.0,298.0,2980.0,2024-02-28
2024022801023621,MEHL,47,38,10.0,298.0,2980.0,2024-02-28
2024022801023620,MEHL,47,54,10.0,298.0,2980.0,2024-02-28
2024022801023619,MEHL,47,35,10.0,298.0,2980.0,2024-02-28
2024022801023618,MEHL,47,43,10.0,297.0,2970.0,2024-02-28
2024022801023617,MEHL,47,21,210.0,295.9,62139.0,2024-02-28
2024022801023616,MEHL,47,29,10.0,295.0,2950.0,2024-02-28
2024022801023615,MEHL,47,34,10.0,295.0,2950.0,2024-02-28
2024022801023614,MEHL,47,28,10.0,295.0,2950.0,2024-02-28
2024022801023613,MEHL,47,34,500.0,294.0,147000.0,2024-02-28
2024022801023612,MEHL,47,6,10.0,294.0,2940.0,2024-02-28
2024022801023611,MEHL,47,34,100.0,293.9,29390.0,2024-02-28
2024022801023610,MEHL,47,21,65.0,293.9,19103.5,2024-02-28
2024022801023609,CLI,6,49,10.0,434.0,4340.0,2024-02-28
2024022805004957,NIFRA,7,44,470.0,207.0,97290.0,2024-02-28
2024022803005078,LICN,44,57,28.0,1327.7,37175.6,2024-02-28
2024022803005077,LICN,13,57,20.0,1327.7,26554.0,2024-02-28
2024022804007088,RHPL,14,6,55.0,278.6,15323.0,2024-02-28
2024022804007087,RHPL,32,6,15.0,278.6,4179.0,2024-02-28
2024022801023608,SAHAS,43,40,10.0,525.0,5250.0,2024-02-28
2024022801023607,HHL,57,25,10.0,341.2,3412.0,2024-02-28
2024022801023606,HHL,14,25,81.0,341.2,27637.2,2024-02-28
2024022804007086,UMHL,45,17,132.0,258.2,34082.4,2024-02-28
2024022804007085,AKJCL,42,38,140.0,220.8,30912.0,2024-02-28
2024022804007084,AKJCL,42,7,10.0,220.5,2205.0,2024-02-28
2024022803005076,SINDU,42,21,40.0,314.1,12564.0,2024-02-28
2024022803005075,SINDU,59,21,60.0,314.1,18846.0,2024-02-28
2024022803005074,SINDU,57,21,100.0,315.6,31560.0,2024-02-28
2024022803005073,SINDU,36,21,500.0,316.0,158000.0,2024-02-28
2024022803005072,SINDU,4,21,300.0,316.0,94800.0,2024-02-28
2024022801023605,NESDO,51,51,10.0,1603.0,16030.0,2024-02-28
2024022803005071,MLBL,35,51,172.0,319.0,54868.0,2024-02-28
2024022803005070,MLBL,35,57,228.0,318.9,72709.2,2024-02-28
2024022801023604,ILI,38,51,10.0,524.0,5240.0,2024-02-28
2024022801023603,VLUCL,34,49,10.0,542.0,5420.0,2024-02-28
2024022804007083,UNHPL,22,58,500.0,253.8,126900.0,2024-02-28
2024022801023602,SPC,49,33,200.0,617.0,123400.0,2024-02-28
2024022804007082,LEC,48,4,41.0,189.0,7749.0,2024-02-28
2024022801023601,USHL,18,38,10.0,485.0,4850.0,2024-02-28
2024022801023600,USHL,18,42,50.0,480.0,24000.0,2024-02-28
2024022801023599,USHL,18,38,190.0,480.0,91200.0,2024-02-28
2024022804007081,NHPC,57,35,86.0,154.0,13244.0,2024-02-28
2024022804007080,NHPC,57,6,14.0,154.0,2156.0,2024-02-28
2024022804007079,AKPL,57,1,100.0,179.0,17900.0,2024-02-28
2024022804007078,AKPL,42,1,31.0,179.0,5549.0,2024-02-28
2024022804007077,AKPL,11,1,30.0,179.0,5370.0,2024-02-28
2024022804007076,AKPL,57,1,30.0,179.5,5385.0,2024-02-28
2024022801023598,SONA,21,49,90.0,459.0,41310.0,2024-02-28
2024022801023597,SONA,21,82,210.0,459.0,96390.0,2024-02-28
2024022805004956,HRL,56,21,30.0,615.5,18465.0,2024-02-28
2024022805004955,HRL,56,35,10.0,615.5,6155.0,2024-02-28
2024022803005069,CBBL,6,46,65.0,830.0,53950.0,2024-02-28
2024022803005068,CBBL,45,46,10.0,830.1,8301.0,2024-02-28
2024022805004954,ENL,10,22,198.0,765.1,151489.8,2024-02-28
2024022805004953,ENL,25,22,12.0,766.0,9192.0,2024-02-28
2024022805004952,ENL,1,22,90.0,772.0,69480.0,2024-02-28
2024022804007075,UAIL,33,53,10.0,529.9,5299.0,2024-02-28
2024022805004951,HRL,56,38,30.0,615.5,18465.0,2024-02-28
2024022801023596,PHCL,48,6,580.0,316.1,183338.0,2024-02-28
2024022801023595,PHCL,67,6,200.0,316.2,63240.0,2024-02-28
2024022801023594,PHCL,58,6,20.0,316.2,6324.0,2024-02-28
2024022801023593,PHCL,57,6,200.0,316.3,63260.0,2024-02-28
2024022804007074,AKJCL,54,7,60.0,220.1,13206.0,2024-02-28
2024022801023592,MEL,37,32,20.0,214.6,4292.0,2024-02-28
2024022801023591,SNLI,52,51,25.0,585.3,14632.5,2024-02-28
2024022801023590,UNLB,58,41,60.0,1222.3,73338.0,2024-02-28
2024022801023589,UNLB,18,41,10.0,1222.6,12226.0,2024-02-28
2024022801023588,UNLB,16,41,30.0,1223.0,36690.0,2024-02-28
2024022801023587,TPC,50,38,20.0,545.0,10900.0,2024-02-28
2024022801023586,MKJC,53,51,100.0,500.1,50010.0,2024-02-28
2024022801023585,MKJC,58,51,10.0,501.0,5010.0,2024-02-28
2024022803005067,SJLIC,57,34,300.0,466.0,139800.0,2024-02-28
2024022804007073,API,58,48,240.0,178.7,42888.0,2024-02-28
2024022804007072,API,34,48,500.0,179.0,89500.0,2024-02-28
2024022804007071,API,41,48,100.0,179.0,17900.0,2024-02-28
2024022804007070,API,40,48,160.0,179.0,28640.0,2024-02-28
2024022801023584,NABIL,21,45,136.0,435.0,59160.0,2024-02-28
2024022801023583,NABIL,17,45,180.0,435.0,78300.0,2024-02-28
2024022801023582,NABIL,58,45,17.0,435.0,7395.0,2024-02-28
2024022801023581,NABIL,46,45,50.0,435.0,21750.0,2024-02-28
2024022801023580,NABIL,54,45,10.0,435.0,4350.0,2024-02-28
2024022801023579,NABIL,34,45,100.0,435.0,43500.0,2024-02-28
2024022801023578,NABIL,56,45,30.0,435.0,13050.0,2024-02-28
2024022801023577,NABIL,38,45,160.0,435.0,69600.0,2024-02-28
2024022801023576,NABIL,17,45,17.0,435.0,7395.0,2024-02-28
2024022801023575,DLBS,38,36,180.0,830.0,149400.0,2024-02-28
2024022801023574,DLBS,17,36,10.0,830.1,8301.0,2024-02-28
2024022805004950,CMF1,49,40,500.0,8.6,4300.0,2024-02-28
2024022804007069,UPCL,5,81,10.0,212.8,2128.0,2024-02-28
2024022801023573,SANIMA,41,32,34.0,236.0,8024.0,2024-02-28
2024022801023572,SANIMA,13,32,200.0,236.1,47220.0,2024-02-28
2024022801023571,SANIMA,33,32,47.0,236.1,11096.7,2024-02-28
2024022801023570,ADBL,32,58,125.0,227.9,28487.5,2024-02-28
2024022801023569,ADBL,32,58,98.0,227.9,22334.2,2024-02-28
2024022803005066,HLI,41,11,261.0,380.0,99180.0,2024-02-28
2024022801023568,PHCL,42,53,300.0,316.6,94980.0,2024-02-28
2024022801023567,VLUCL,34,58,10.0,541.9,5419.0,2024-02-28
2024022803005065,SJLIC,34,50,10.0,467.9,4679.0,2024-02-28
2024022801023566,SNLI,49,71,50.0,586.0,29300.0,2024-02-28
2024022804007068,GHL,49,48,1246.0,148.1,184532.6,2024-02-28
2024022804007067,GHL,49,25,500.0,148.0,74000.0,2024-02-28
2024022804007066,GHL,49,39,100.0,148.0,14800.0,2024-02-28
2024022801023565,HATHY,33,57,300.0,851.0,255300.0,2024-02-28
2024022801023564,HATHY,33,32,25.0,850.0,21250.0,2024-02-28
2024022801023563,HATHY,33,52,25.0,850.0,21250.0,2024-02-28
2024022801023562,HATHY,33,57,10.0,850.0,8500.0,2024-02-28
2024022801023561,HATHY,33,22,58.0,850.0,49300.0,2024-02-28
2024022801023560,HATHY,33,21,310.0,849.0,263190.0,2024-02-28
2024022801023559,HATHY,33,57,45.0,848.9,38200.5,2024-02-28
2024022801023558,EBL,65,57,40.0,503.0,20120.0,2024-02-28
2024022804007065,RIDI,38,14,200.0,189.5,37900.0,2024-02-28
2024022801023557,MKCL,84,8,10.0,967.0,9670.0,2024-02-28
2024022801023556,MKCL,84,58,10.0,965.0,9650.0,2024-02-28
2024022801023555,MKCL,84,34,20.0,965.0,19300.0,2024-02-28
2024022801023554,MKCL,84,49,10.0,965.0,9650.0,2024-02-28
2024022801023553,MKCL,84,58,10.0,965.0,9650.0,2024-02-28
2024022801023552,MKCL,84,49,10.0,964.0,9640.0,2024-02-28
2024022801023551,MKCL,84,32,10.0,962.0,9620.0,2024-02-28
2024022801023550,MKCL,84,58,10.0,960.0,9600.0,2024-02-28
2024022801023549,MKCL,84,57,200.0,960.0,192000.0,2024-02-28
2024022801023548,NWCL,7,39,50.0,775.1,38755.0,2024-02-28
2024022801023547,SNLI,52,21,10.0,585.3,5853.0,2024-02-28
2024022803005064,NABBC,51,43,10.0,414.0,4140.0,2024-02-28
2024022804007064,NGPL,58,72,50.0,300.0,15000.0,2024-02-28
2024022804007063,JOSHI,58,13,10.0,380.0,3800.0,2024-02-28
2024022801023546,RNLI,50,47,10.0,427.0,4270.0,2024-02-28
2024022801023545,BHPL,71,16,15.0,496.7,7450.5,2024-02-28
2024022801023544,BHPL,71,45,10.0,493.0,4930.0,2024-02-28
2024022801023543,BHPL,71,59,10.0,491.0,4910.0,2024-02-28
2024022801023542,BHPL,71,77,10.0,491.0,4910.0,2024-02-28
2024022801023541,BHPL,71,58,10.0,491.0,4910.0,2024-02-28
2024022801023540,BHPL,71,16,50.0,490.9,24545.0,2024-02-28
2024022801023539,BHPL,71,45,15.0,490.8,7362.0,2024-02-28
2024022801023538,BHPL,71,43,180.0,490.7,88326.0,2024-02-28
2024022803005063,LBBL,40,8,15.0,376.5,5647.5,2024-02-28
2024022801023537,NABIL,57,11,10.0,435.5,4355.0,2024-02-28
2024022805004949,NRIC,6,45,100.0,745.0,74500.0,2024-02-28
2024022805004948,NRIC,6,44,10.0,745.0,7450.0,2024-02-28
2024022805004947,NRIC,6,81,336.0,744.9,250286.4,2024-02-28
2024022805004946,BBC,29,39,30.0,4026.0,120780.0,2024-02-28
2024022805004945,SLCF,17,41,300.0,7.67,2301.0,2024-02-28
2024022805004944,HIDCL,4,42,23.0,169.0,3887.0,2024-02-28
2024022805004943,HIDCL,6,42,20.0,169.0,3380.0,2024-02-28
2024022805004942,HIDCL,39,42,57.0,169.0,9633.0,2024-02-28
2024022801023536,NBL,39,38,50.0,216.8,10840.0,2024-02-28
2024022804007062,JOSHI,58,13,100.0,380.0,38000.0,2024-02-28
2024022801023535,MKCL,38,58,10.0,957.2,9572.0,2024-02-28
2024022803005062,NUBL,33,44,34.0,609.0,20706.0,2024-02-28
2024022801023534,VLUCL,34,19,300.0,541.9,162570.0,2024-02-28
2024022801023533,HATHY,71,4,100.0,847.4,84740.0,2024-02-28
2024022804007061,AKPL,57,22,70.0,179.5,12565.0,2024-02-28
2024022803005061,ICFC,62,45,10.0,487.9,4879.0,2024-02-28
2024022805004941,HIDCL,39,32,100.0,169.3,16930.0,2024-02-28
2024022805004940,CIT,36,54,162.0,2100.0,340200.0,2024-02-28
2024022801023532,CKHL,16,54,10.0,661.0,6610.0,2024-02-28
2024022801023531,SNLI,41,71,10.0,586.0,5860.0,2024-02-28
2024022803005060,GBBL,43,44,500.0,360.0,180000.0,2024-02-28
2024022801023530,HDL,34,75,18.0,1520.0,27360.0,2024-02-28
2024022804007060,UPPER,33,49,90.0,200.0,18000.0,2024-02-28
2024022805004939,HRL,69,58,10.0,615.0,6150.0,2024-02-28
2024022801023529,SNLI,32,71,200.0,586.0,117200.0,2024-02-28
2024022801023528,NICA,22,37,50.0,414.1,20705.0,2024-02-28
2024022801023527,NICA,53,37,10.0,414.1,4141.0,2024-02-28
2024022801023526,NICA,42,37,418.0,414.1,173093.8,2024-02-28
2024022804007059,JOSHI,48,13,100.0,380.0,38000.0,2024-02-28
2024022805004938,BBC,29,50,10.0,4026.0,40260.0,2024-02-28
2024022805004937,BBC,29,58,50.0,4026.0,201300.0,2024-02-28
2024022801023525,PHCL,42,57,200.0,316.6,63320.0,2024-02-28
2024022801023524,IHL,36,57,25.0,356.0,8900.0,2024-02-28
2024022804007058,NHPC,16,29,280.0,153.6,43008.0,2024-02-28
2024022804007057,NHPC,57,29,10.0,153.9,1539.0,2024-02-28
2024022804007056,NHPC,57,29,10.0,153.9,1539.0,2024-02-28
2024022801023523,SAMAJ,42,39,10.0,1656.2,16562.0,2024-02-28
2024022803005059,PROFL,14,17,400.0,307.2,122880.0,2024-02-28
2024022803005058,PROFL,4,17,100.0,307.3,30730.0,2024-02-28
2024022803005057,KRBL,94,35,960.0,361.0,346560.0,2024-02-28
2024022803005056,KRBL,94,48,40.0,361.0,14440.0,2024-02-28
2024022801023522,HATHY,72,57,10.0,848.9,8489.0,2024-02-28
2024022804007055,SPDL,58,38,400.0,251.9,100760.0,2024-02-28
2024022804007054,SSHL,42,52,1819.0,165.0,300135.0,2024-02-28
2024022804007053,SSHL,42,52,200.0,165.0,33000.0,2024-02-28
2024022804007052,SSHL,42,52,216.0,165.0,35640.0,2024-02-28
2024022804007051,SSHL,44,52,60.0,165.1,9906.0,2024-02-28
2024022804007050,SSHL,29,52,40.0,166.0,6640.0,2024-02-28
2024022801023521,IHL,34,58,10.0,357.0,3570.0,2024-02-28
2024022801023520,MBJC,32,44,90.0,311.5,28035.0,2024-02-28
2024022801023519,MBJC,32,34,10.0,310.5,3105.0,2024-02-28
2024022804007049,AKJCL,54,22,20.0,220.1,4402.0,2024-02-28
2024022801023518,CLI,6,58,10.0,434.0,4340.0,2024-02-28
2024022801023517,MANDU,65,45,160.0,683.4,109344.0,2024-02-28
2024022801023516,MANDU,65,29,500.0,683.0,341500.0,2024-02-28
2024022801023515,MANDU,65,65,300.0,682.0,204600.0,2024-02-28
2024022801023514,MANDU,65,58,10.0,681.0,6810.0,2024-02-28
2024022801023513,MANDU,65,51,10.0,680.0,6800.0,2024-02-28
2024022801023512,MANDU,65,83,10.0,680.0,6800.0,2024-02-28
2024022801023511,MANDU,65,48,10.0,679.0,6790.0,2024-02-28
2024022804007048,HURJA,48,55,50.0,293.0,14650.0,2024-02-28
2024022801023510,MHCL,45,39,300.0,533.0,159900.0,2024-02-28
2024022805004936,BBC,4,58,50.0,4026.0,201300.0,2024-02-28
2024022805004935,BBC,4,34,50.0,4026.0,201300.0,2024-02-28
2024022804007047,PPCL,57,11,10.0,269.0,2690.0,2024-02-28
2024022804007046,NGPL,18,87,1000.0,299.4,299400.0,2024-02-28
2024022803005055,GUFL,25,1,10.0,614.9,6149.0,2024-02-28
2024022803005054,GUFL,38,1,20.0,615.0,12300.0,2024-02-28
2024022803005053,GUFL,3,1,10.0,615.0,6150.0,2024-02-28
2024022803005052,GUFL,38,1,330.0,615.0,202950.0,2024-02-28
2024022803005051,GUFL,52,1,40.0,616.0,24640.0,2024-02-28
2024022804007045,AHPC,26,42,300.0,181.2,54360.0,2024-02-28
2024022803005050,SADBL,33,16,700.0,294.0,205800.0,2024-02-28
2024022801023509,SPC,49,69,100.0,617.0,61700.0,2024-02-28
2024022803005049,HLI,16,11,50.0,380.0,19000.0,2024-02-28
2024022803005048,HLI,26,11,10.0,380.0,3800.0,2024-02-28
2024022803005047,HLI,42,11,60.0,380.0,22800.0,2024-02-28
2024022803005046,HLI,57,11,20.0,380.0,7600.0,2024-02-28
2024022803005045,HLI,42,11,699.0,380.5,265969.5,2024-02-28
2024022801023508,RAWA,47,34,100.0,462.4,46240.0,2024-02-28
2024022801023507,RAWA,18,34,300.0,462.5,138750.0,2024-02-28
2024022801023506,RAWA,34,34,100.0,462.6,46260.0,2024-02-28
2024022801023505,MBL,22,51,10.0,179.0,1790.0,2024-02-28
2024022801023504,NICA,42,58,50.0,414.1,20705.0,2024-02-28
2024022804007044,AKJCL,59,7,50.0,220.5,11025.0,2024-02-28
2024022801023503,JALPA,49,48,10.0,1019.0,10190.0,2024-02-28
2024022801023502,NABIL,17,44,237.0,435.0,103095.0,2024-02-28
2024022804007043,API,40,45,340.0,179.0,60860.0,2024-02-28
2024022804007042,API,58,45,15.0,179.0,2685.0,2024-02-28
2024022804007041,API,41,45,165.0,179.0,29535.0,2024-02-28
2024022801023501,SONA,34,14,10.0,458.0,4580.0,2024-02-28
2024022803005044,SHINE,57,59,42.0,371.0,15582.0,2024-02-28
2024022803005043,SHINE,57,38,35.0,371.0,12985.0,2024-02-28
2024022803005042,CFCL,56,48,10.0,335.0,3350.0,2024-02-28
2024022801023500,SMJC,91,62,250.0,382.0,95500.0,2024-02-28
2024022801023499,SMJC,48,62,100.0,382.0,38200.0,2024-02-28
2024022801023498,SMJC,26,62,100.0,382.0,38200.0,2024-02-28
2024022801023497,SMJC,41,62,60.0,382.1,22926.0,2024-02-28
2024022801023496,SMJC,6,62,302.0,382.3,115454.6,2024-02-28
2024022803005041,SADBL,33,1,189.0,294.0,55566.0,2024-02-28
2024022803005040,SADBL,33,1,11.0,294.1,3235.1,2024-02-28
2024022805004934,HRL,69,42,30.0,615.0,18450.0,2024-02-28
2024022803005039,CBBL,49,45,10.0,831.0,8310.0,2024-02-28
2024022801023495,HDL,58,75,13.0,1520.0,19760.0,2024-02-28
2024022801023494,HDL,58,38,27.0,1520.0,41040.0,2024-02-28
2024022804007040,JOSHI,8,13,50.0,380.0,19000.0,2024-02-28
2024022804007039,JOSHI,8,10,50.0,380.0,19000.0,2024-02-28
2024022805004933,STC,44,45,30.0,5250.0,157500.0,2024-02-28
2024022801023493,HDL,21,26,28.0,1515.0,42420.0,2024-02-28
2024022804007038,HURJA,17,55,20.0,293.0,5860.0,2024-02-28
2024022804007037,HURJA,32,55,100.0,293.0,29300.0,2024-02-28
2024022804007036,HURJA,16,55,50.0,293.0,14650.0,2024-02-28
2024022804007035,HURJA,41,55,365.0,293.1,106981.5,2024-02-28
2024022804007034,HURJA,56,55,100.0,293.3,29330.0,2024-02-28
2024022804007033,HURJA,53,55,200.0,293.5,58700.0,2024-02-28
2024022804007032,HURJA,95,55,270.0,294.0,79380.0,2024-02-28
2024022801023492,UHEWA,53,35,10.0,355.0,3550.0,2024-02-28
2024022803005038,BFC,6,38,19.0,327.0,6213.0,2024-02-28
2024022803005037,BFC,42,38,71.0,327.2,23231.2,2024-02-28
2024022803005036,BFC,54,38,10.0,327.6,3276.0,2024-02-28
2024022801023491,MEL,38,32,10.0,215.0,2150.0,2024-02-28
2024022804007031,JOSHI,50,28,20.0,378.0,7560.0,2024-02-28
2024022804007030,JOSHI,56,28,680.0,378.2,257176.0,2024-02-28
2024022804007029,CGH,7,33,500.0,812.0,406000.0,2024-02-28
2024022804007028,CGH,5,33,120.0,812.0,97440.0,2024-02-28
2024022804007027,CGH,58,33,30.0,812.0,24360.0,2024-02-28
2024022804007026,CGH,54,33,20.0,812.0,16240.0,2024-02-28
2024022804007025,CGH,56,33,200.0,813.0,162600.0,2024-02-28
2024022804007024,CGH,58,33,60.0,813.0,48780.0,2024-02-28
2024022804007023,CGH,13,33,20.0,813.0,16260.0,2024-02-28
2024022804007022,CGH,41,33,20.0,813.0,16260.0,2024-02-28
2024022804007021,CGH,21,33,200.0,813.0,162600.0,2024-02-28
2024022804007020,CGH,34,33,30.0,813.0,24390.0,2024-02-28
2024022804007019,CGH,35,33,70.0,813.0,56910.0,2024-02-28
2024022804007018,CGH,56,33,200.0,815.0,163000.0,2024-02-28
2024022804007017,CGH,34,33,10.0,815.0,8150.0,2024-02-28
2024022804007016,CGH,32,33,50.0,815.0,40750.0,2024-02-28
2024022804007015,CGH,26,33,160.0,815.0,130400.0,2024-02-28
2024022804007014,CGH,42,33,50.0,817.5,40875.0,2024-02-28
2024022801023490,SRLI,45,49,10.0,422.5,4225.0,2024-02-28
2024022801023489,TPC,48,42,10.0,551.0,5510.0,2024-02-28
2024022801023488,ILI,42,45,10.0,523.1,5231.0,2024-02-28
2024022804007013,HDHPC,18,49,500.0,139.0,69500.0,2024-02-28
2024022804007012,PMHPL,71,26,100.0,250.0,25000.0,2024-02-28
2024022801023487,PCBL,74,26,90.0,189.7,17073.0,2024-02-28
2024022804007011,NHPC,13,6,50.0,154.0,7700.0,2024-02-28
2024022801023486,GBIME,17,77,450.0,185.0,83250.0,2024-02-28
2024022804007010,NGPL,41,72,100.0,300.0,30000.0,2024-02-28
2024022804007009,NGPL,50,72,500.0,300.0,150000.0,2024-02-28
2024022804007008,NGPL,58,72,480.0,300.0,144000.0,2024-02-28
2024022804007007,NGPL,8,72,50.0,300.1,15005.0,2024-02-28
2024022804007006,NGPL,1,72,200.0,300.5,60100.0,2024-02-28
2024022804007005,NGPL,33,72,300.0,300.7,90210.0,2024-02-28
2024022804007004,NGPL,55,72,30.0,301.0,9030.0,2024-02-28
2024022804007003,NGPL,19,72,50.0,301.0,15050.0,2024-02-28
2024022801023485,SONA,21,82,290.0,459.0,133110.0,2024-02-28
2024022805004932,NRIC,58,42,26.0,743.0,19318.0,2024-02-28
2024022805004931,NRIC,43,42,31.0,743.0,23033.0,2024-02-28
2024022805004930,NRIC,37,42,50.0,743.0,37150.0,2024-02-28
2024022805004929,NRIC,37,42,18.0,744.0,13392.0,2024-02-28
2024022804007002,SPIL,42,8,100.0,716.5,71650.0,2024-02-28
2024022801023484,HATHY,35,57,20.0,848.9,16978.0,2024-02-28
2024022801023483,GCIL,45,16,10.0,492.0,4920.0,2024-02-28
2024022804007001,BARUN,51,38,298.0,251.7,75006.6,2024-02-28
2024022804007000,BARUN,49,38,100.0,252.0,25200.0,2024-02-28
2024022804006999,BARUN,38,38,20.0,252.0,5040.0,2024-02-28
2024022804006998,BARUN,10,38,50.0,252.2,12610.0,2024-02-28
2024022804006997,BARUN,54,38,200.0,252.2,50440.0,2024-02-28
2024022804006996,BARUN,41,38,322.0,252.2,81208.4,2024-02-28
2024022804006995,NICL,38,4,11.0,822.0,9042.0,2024-02-28
2024022801023482,DOLTI,52,57,130.0,385.0,50050.0,2024-02-28
2024022803005035,NFS,59,22,100.0,348.0,34800.0,2024-02-28
2024022801023481,RNLI,50,34,10.0,426.7,4267.0,2024-02-28
2024022801023480,VLUCL,34,41,10.0,540.2,5402.0,2024-02-28
2024022801023479,VLUCL,34,69,230.0,540.1,124223.0,2024-02-28
2024022803005034,ALICL,49,34,10.0,569.0,5690.0,2024-02-28
2024022804006994,CHL,49,21,70.0,302.0,21140.0,2024-02-28
2024022804006993,CHL,49,29,48.0,300.0,14400.0,2024-02-28
2024022804006992,CHL,49,66,10.0,299.8,2998.0,2024-02-28
2024022804006991,CHL,49,58,19.0,299.8,5696.2,2024-02-28
2024022804006990,CHL,49,14,30.0,298.0,8940.0,2024-02-28
2024022803005033,RLFL,45,45,200.0,360.0,72000.0,2024-02-28
2024022803005032,RLFL,45,43,200.0,358.9,71780.0,2024-02-28
2024022803005031,RLFL,45,48,100.0,358.9,35890.0,2024-02-28
2024022803005030,RLFL,45,35,500.0,358.0,179000.0,2024-02-28
2024022803005029,RLFL,45,26,58.0,358.0,20764.0,2024-02-28
2024022803005028,RLFL,45,21,90.0,358.0,32220.0,2024-02-28
2024022803005027,RLFL,45,21,100.0,358.0,35800.0,2024-02-28
2024022803005026,RLFL,45,36,161.0,358.0,57638.0,2024-02-28
2024022803005025,RLFL,45,49,40.0,357.0,14280.0,2024-02-28
2024022803005024,RLFL,45,48,50.0,357.0,17850.0,2024-02-28
2024022803005023,RLFL,45,50,227.0,355.0,80585.0,2024-02-28
2024022803005022,RLFL,45,42,76.0,355.0,26980.0,2024-02-28
2024022803005021,RLFL,45,62,190.0,354.0,67260.0,2024-02-28
2024022801023478,MCHL,14,49,250.0,335.8,83950.0,2024-02-28
2024022805004928,NIBSF2,25,1,700.0,7.36,5152.0,2024-02-28
2024022803005020,NICLBSL,55,14,10.0,542.0,5420.0,2024-02-28
2024022803005019,NICLBSL,55,35,10.0,542.0,5420.0,2024-02-28
2024022803005018,NICLBSL,55,43,360.0,540.0,194400.0,2024-02-28
2024022803005017,NICLBSL,55,57,10.0,539.0,5390.0,2024-02-28
2024022803005016,NICLBSL,55,62,10.0,539.0,5390.0,2024-02-28
2024022805004927,HRL,58,42,10.0,615.5,6155.0,2024-02-28
2024022805004926,HRL,58,43,20.0,615.5,12310.0,2024-02-28
2024022803005015,SHINE,18,51,1000.0,370.9,370900.0,2024-02-28
2024022801023477,SNLI,34,71,10.0,586.0,5860.0,2024-02-28
2024022803005014,SIFC,56,34,10.0,359.8,3598.0,2024-02-28
2024022804006989,RADHI,72,54,10.0,250.8,2508.0,2024-02-28
2024022801023476,GBIME,42,77,100.0,185.0,18500.0,2024-02-28
2024022801023475,RNLI,57,47,10.0,426.5,4265.0,2024-02-28
2024022804006988,BARUN,41,22,70.0,252.2,17654.0,2024-02-28
2024022801023474,MEHL,42,32,40.0,293.0,11720.0,2024-02-28
2024022804006987,HEI,62,32,400.0,553.4,221360.0,2024-02-28
2024022804006986,NGPL,37,42,1125.0,302.0,339750.0,2024-02-28
2024022804006985,GHL,34,39,1000.0,148.0,148000.0,2024-02-28
2024022803005013,RLFL,32,37,83.0,353.0,29299.0,2024-02-28
2024022801023473,NYADI,58,70,56.0,283.3,15864.8,2024-02-28
2024022801023472,HHL,14,19,40.0,341.2,13648.0,2024-02-28
2024022801023471,HHL,42,19,50.0,344.0,17200.0,2024-02-28
2024022801023470,SMJC,6,4,30.0,382.3,11469.0,2024-02-28
2024022801023469,CZBIL,29,17,10.0,164.0,1640.0,2024-02-28
2024022803005012,MLBL,74,29,200.0,318.3,63660.0,2024-02-28
2024022804006984,AKPL,1,22,30.0,179.5,5385.0,2024-02-28
2024022803005011,LBBL,38,59,55.0,378.9,20839.5,2024-02-28
2024022805004925,CHDC,57,51,50.0,968.2,48410.0,2024-02-28
2024022801023468,BHPL,71,41,150.0,490.0,73500.0,2024-02-28
2024022801023467,BHPL,71,38,543.0,490.0,266070.0,2024-02-28
2024022801023466,TAMOR,67,32,10.0,392.1,3921.0,2024-02-28
2024022801023465,MANDU,49,58,10.0,670.2,6702.0,2024-02-28
2024022801023464,VLUCL,58,45,10.0,540.0,5400.0,2024-02-28
2024022801023463,VLUCL,58,21,27.0,540.0,14580.0,2024-02-28
2024022804006983,AHPC,26,45,200.0,181.2,36240.0,2024-02-28
2024022805004924,HIDCL,86,32,300.0,169.3,50790.0,2024-02-28
2024022803005010,CFCL,56,56,1304.0,331.7,432536.8,2024-02-28
2024022804006982,SPDL,17,34,12.0,252.9,3034.8,2024-02-28
2024022804006981,GHL,7,39,15.0,148.0,2220.0,2024-02-28
2024022803005009,GBBL,54,44,50.0,360.0,18000.0,2024-02-28
2024022801023462,SMH,54,42,100.0,700.0,70000.0,2024-02-28
2024022803005008,BFC,53,39,10.0,327.9,3279.0,2024-02-28
2024022801023461,SHIVM,22,42,24.0,483.1,11594.4,2024-02-28
2024022804006980,MHNL,54,43,50.0,247.0,12350.0,2024-02-28
2024022801023460,SNLI,43,71,500.0,586.0,293000.0,2024-02-28
2024022803005007,DDBL,19,32,10.0,739.0,7390.0,2024-02-28
2024022803005006,MPFL,49,8,29.0,354.1,10268.9,2024-02-28
2024022801023459,SONA,21,59,10.0,459.0,4590.0,2024-02-28
2024022801023458,RNLI,57,58,10.0,426.5,4265.0,2024-02-28
2024022801023457,MSHL,50,45,10.0,622.0,6220.0,2024-02-28
2024022801023456,MSHL,38,45,40.0,622.1,24884.0,2024-02-28
2024022801023455,MSHL,56,45,100.0,625.0,62500.0,2024-02-28
2024022801023454,MSHL,55,45,190.0,625.0,118750.0,2024-02-28
2024022801023453,MSHL,19,45,50.0,625.2,31260.0,2024-02-28
2024022801023452,MSHL,64,45,10.0,626.9,6269.0,2024-02-28
2024022801023451,MKHL,89,14,10.0,369.0,3690.0,2024-02-28
2024022805004923,HRL,58,54,50.0,615.5,30775.0,2024-02-28
2024022805004922,HRL,58,57,20.0,615.5,12310.0,2024-02-28
2024022801023450,USHL,18,38,10.0,480.0,4800.0,2024-02-28
2024022801023449,USHL,18,14,15.0,477.0,7155.0,2024-02-28
2024022801023448,SNLI,26,71,100.0,586.0,58600.0,2024-02-28
2024022801023447,MKCL,39,51,10.0,959.0,9590.0,2024-02-28
2024022801023446,HIDCLP,28,21,761.0,100.7,76632.7,2024-02-28
2024022801023445,HIDCLP,28,21,1000.0,100.7,100700.0,2024-02-28
2024022801023444,HIDCLP,74,21,101.0,100.7,10170.7,2024-02-28
2024022801023443,HIDCLP,43,21,138.0,100.7,13896.6,2024-02-28
2024022804006979,SICL,34,16,32.0,690.1,22083.2,2024-02-28
2024022804006978,SICL,45,16,168.0,690.1,115936.8,2024-02-28
2024022801023442,UNLB,16,42,10.0,1223.0,12230.0,2024-02-28
2024022804006977,OHL,50,57,10.0,763.8,7638.0,2024-02-28
2024022804006976,SJCL,33,62,280.0,280.5,78540.0,2024-02-28
2024022801023441,RNLI,57,49,10.0,426.5,4265.0,2024-02-28
2024022801023440,ILI,49,49,10.0,523.0,5230.0,2024-02-28
2024022801023439,NABIL,17,32,246.0,435.0,107010.0,2024-02-28
2024022801023438,NABIL,21,32,20.0,435.0,8700.0,2024-02-28
2024022801023437,NABIL,35,32,100.0,435.0,43500.0,2024-02-28
2024022801023436,NABIL,40,32,100.0,435.0,43500.0,2024-02-28
2024022801023435,NABIL,32,32,34.0,435.0,14790.0,2024-02-28
2024022804006975,HPPL,40,37,583.0,281.0,163823.0,2024-02-28
2024022804006974,HPPL,39,37,390.0,281.2,109668.0,2024-02-28
2024022804006973,HPPL,56,37,27.0,283.0,7641.0,2024-02-28
2024022801023434,ULHC,34,1,100.0,321.0,32100.0,2024-02-28
2024022803005005,JBBL,49,56,824.0,288.0,237312.0,2024-02-28
2024022803005004,JBBL,34,56,500.0,288.0,144000.0,2024-02-28
2024022803005003,JBBL,34,56,50.0,288.0,14400.0,2024-02-28
2024022803005002,JBBL,14,56,10.0,288.0,2880.0,2024-02-28
2024022803005001,JBBL,34,56,236.0,288.5,68086.0,2024-02-28
2024022803005000,JBBL,32,56,500.0,288.5,144250.0,2024-02-28
2024022803004999,JBBL,32,56,1000.0,288.6,288600.0,2024-02-28
2024022803004998,JBBL,26,56,60.0,288.6,17316.0,2024-02-28
2024022803004997,JBBL,44,56,500.0,288.7,144350.0,2024-02-28
2024022803004996,JBBL,28,56,100.0,288.7,28870.0,2024-02-28
2024022804006972,JOSHI,56,60,110.0,378.2,41602.0,2024-02-28
2024022804006971,JOSHI,45,60,1000.0,378.3,378300.0,2024-02-28
2024022804006970,JOSHI,21,60,50.0,378.4,18920.0,2024-02-28
2024022804006969,JOSHI,25,60,100.0,378.4,37840.0,2024-02-28
2024022804006968,JOSHI,17,60,50.0,378.4,18920.0,2024-02-28
2024022804006967,JOSHI,6,60,50.0,379.0,18950.0,2024-02-28
2024022804006966,JOSHI,57,60,205.0,379.0,77695.0,2024-02-28
2024022804006965,JOSHI,18,60,735.0,380.0,279300.0,2024-02-28
2024022801023433,NICA,7,49,24.0,414.2,9940.8,2024-02-28
2024022801023432,MBJC,53,83,50.0,310.3,15515.0,2024-02-28
2024022805004921,NIFRA,43,41,985.0,207.1,203993.5,2024-02-28
2024022804006964,KKHC,35,25,50.0,242.9,12145.0,2024-02-28
2024022804006963,AKPL,42,22,100.0,179.5,17950.0,2024-02-28
2024022804006962,AKPL,42,48,70.0,179.5,12565.0,2024-02-28
2024022801023431,KBL,47,54,300.0,141.7,42510.0,2024-02-28
2024022801023430,TAMOR,44,33,500.0,392.2,196100.0,2024-02-28
2024022801023429,SHIVM,22,34,28.0,483.1,13526.8,2024-02-28
2024022801023428,MHCL,93,44,44.0,530.0,23320.0,2024-02-28
2024022803004995,KSBBL,45,48,100.0,342.0,34200.0,2024-02-28
2024022803004994,ICFC,26,45,200.0,485.1,97020.0,2024-02-28
2024022804006961,DHPL,58,50,150.0,192.2,28830.0,2024-02-28
2024022801023427,CKHL,16,38,10.0,661.0,6610.0,2024-02-28
2024022801023426,SMH,69,11,10.0,694.0,6940.0,2024-02-28
2024022803004993,NLIC,32,6,25.0,597.0,14925.0,2024-02-28
2024022801023425,NABIL,44,11,10.0,435.5,4355.0,2024-02-28
2024022801023424,MANDU,49,34,10.0,670.2,6702.0,2024-02-28
2024022801023423,SNLI,34,71,100.0,586.0,58600.0,2024-02-28
2024022805004920,HRL,69,45,59.0,615.0,36285.0,2024-02-28
2024022805004919,HRL,52,45,41.0,615.4,25231.4,2024-02-28
2024022801023422,KDL,36,26,10.0,775.1,7751.0,2024-02-28
2024022804006960,SPDL,58,17,100.0,251.1,25110.0,2024-02-28
2024022805004918,HRL,52,58,10.0,615.4,6154.0,2024-02-28
2024022804006959,NICL,50,4,20.0,822.0,16440.0,2024-02-28
2024022804006958,NICL,41,4,73.0,822.0,60006.0,2024-02-28
2024022804006957,RIDI,38,55,10.0,189.5,1895.0,2024-02-28
2024022805004917,HRL,52,1,10.0,615.4,6154.0,2024-02-28
2024022801023421,SNLI,33,71,100.0,586.0,58600.0,2024-02-28
2024022804006956,GLH,58,49,70.0,211.0,14770.0,2024-02-28
2024022804006955,GHL,26,39,200.0,148.0,29600.0,2024-02-28
2024022801023420,BHPL,66,57,100.0,482.1,48210.0,2024-02-28
2024022801023419,NYADI,29,45,30.0,285.0,8550.0,2024-02-28
2024022801023418,HDL,87,38,23.0,1520.0,34960.0,2024-02-28
2024022801023417,HDL,87,1,12.0,1520.0,18240.0,2024-02-28
2024022801023416,HDL,87,34,13.0,1520.0,19760.0,2024-02-28
2024022801023415,HDL,87,45,10.0,1520.0,15200.0,2024-02-28
2024022801023414,HDL,87,26,30.0,1519.0,45570.0,2024-02-28
2024022801023413,HDL,87,57,112.0,1516.0,169792.0,2024-02-28
2024022801023412,RFPL,62,88,1500.0,325.0,487500.0,2024-02-28
2024022801023411,SNLI,42,71,60.0,586.0,35160.0,2024-02-28
2024022804006954,UPPER,36,38,20.0,200.0,4000.0,2024-02-28
2024022804006953,UPPER,56,38,178.0,200.0,35600.0,2024-02-28
2024022803004992,HLI,42,44,10.0,380.5,3805.0,2024-02-28
2024022803004991,HLI,42,59,100.0,380.5,38050.0,2024-02-28
2024022801023410,PPL,45,51,20.0,329.0,6580.0,2024-02-28
2024022803004990,FOWAD,34,6,10.0,1028.8,10288.0,2024-02-28
2024022801023409,RNLI,57,47,10.0,426.5,4265.0,2024-02-28
2024022803004989,HLI,59,49,100.0,380.9,38090.0,2024-02-28
2024022804006952,SPDL,13,39,330.0,251.0,82830.0,2024-02-28
2024022801023408,SIKLES,35,75,1230.0,486.0,597780.0,2024-02-28
2024022801023407,SIKLES,35,75,100.0,486.5,48650.0,2024-02-28
2024022801023406,SIKLES,58,75,30.0,488.0,14640.0,2024-02-28
2024022801023405,VLUCL,35,21,43.0,540.0,23220.0,2024-02-28
2024022801023404,SAMAJ,51,35,10.0,1656.2,16562.0,2024-02-28
2024022801023403,PRVU,49,32,1330.0,144.0,191520.0,2024-02-28
2024022801023402,MKCL,38,49,10.0,957.2,9572.0,2024-02-28
2024022801023401,MMKJL,65,29,10.0,420.0,4200.0,2024-02-28
2024022804006951,SPIL,55,8,400.0,716.5,286600.0,2024-02-28
2024022801023400,MEL,38,14,10.0,215.0,2150.0,2024-02-28
2024022803004988,MFIL,34,21,10.0,508.0,5080.0,2024-02-28
2024022804006950,HURJA,95,17,230.0,294.0,67620.0,2024-02-28
2024022801023399,NRM,38,48,80.0,359.0,28720.0,2024-02-28
2024022801023398,NRM,38,58,10.0,359.0,3590.0,2024-02-28
2024022801023397,NRM,38,49,10.0,358.2,3582.0,2024-02-28
2024022801023396,ILI,38,58,10.0,524.0,5240.0,2024-02-28
2024022801023395,ILI,38,34,10.0,523.5,5235.0,2024-02-28
2024022801023394,PHCL,48,47,110.0,316.1,34771.0,2024-02-28
2024022801023393,PHCL,47,47,160.0,316.1,50576.0,2024-02-28
2024022801023392,PHCL,52,47,170.0,316.2,53754.0,2024-02-28
2024022801023391,PHCL,16,47,110.0,317.0,34870.0,2024-02-28
2024022803004987,MMFDB,49,29,37.0,521.8,19306.6,2024-02-28
2024022801023390,NABIL,32,37,266.0,435.0,115710.0,2024-02-28
2024022801023389,RNLI,57,44,10.0,426.5,4265.0,2024-02-28
2024022804006949,HDHPC,18,4,1390.0,139.0,193210.0,2024-02-28
2024022805004916,HRL,52,34,10.0,615.4,6154.0,2024-02-28
2024022803004986,NLBBL,4,56,10.0,519.0,5190.0,2024-02-28
2024022801023388,PRVU,49,57,398.0,144.0,57312.0,2024-02-28
2024022804006948,JOSHI,18,57,265.0,380.0,100700.0,2024-02-28
2024022801023387,NIMB,57,35,77.0,164.0,12628.0,2024-02-28
2024022801023386,NIMB,57,47,337.0,164.0,55268.0,2024-02-28
2024022801023385,NIMB,57,6,86.0,164.0,14104.0,2024-02-28
2024022804006947,AKPL,55,7,975.0,179.1,174622.5,2024-02-28
2024022801023384,CYCL,66,45,10.0,1180.0,11800.0,2024-02-28
2024022801023383,RFPL,62,21,300.0,325.0,97500.0,2024-02-28
2024022804006946,GHL,28,39,100.0,148.0,14800.0,2024-02-28
2024022804006945,NGPL,32,42,10.0,302.0,3020.0,2024-02-28
2024022804006944,SSHL,29,49,100.0,166.0,16600.0,2024-02-28
2024022803004985,SJLIC,45,49,9.0,460.0,4140.0,2024-02-28
2024022801023382,ULBSL,49,58,10.0,1097.5,10975.0,2024-02-28
2024022801023381,HATHY,56,58,600.0,847.2,508320.0,2024-02-28
2024022803004984,PROFL,14,58,30.0,307.2,9216.0,2024-02-28
2024022804006943,BPCL,14,58,17.0,303.7,5162.9,2024-02-28
2024022801023380,SHIVM,22,57,110.0,483.1,53141.0,2024-02-28
2024022801023379,SHIVM,38,57,90.0,483.1,43479.0,2024-02-28
2024022804006942,UNHPL,75,62,950.0,252.0,239400.0,2024-02-28
2024022804006941,UNHPL,19,62,50.0,252.1,12605.0,2024-02-28
2024022803004983,JFL,21,17,230.0,363.0,83490.0,2024-02-28
2024022803004982,JFL,21,14,20.0,362.0,7240.0,2024-02-28
2024022803004981,HLI,42,21,160.0,380.5,60880.0,2024-02-28
2024022803004980,NICLBSL,21,28,14.0,537.0,7518.0,2024-02-28
2024022801023378,SNLI,43,71,20.0,586.0,11720.0,2024-02-28
2024022801023377,SONA,71,7,173.0,460.0,79580.0,2024-02-28
2024022801023376,SONA,71,45,10.0,460.0,4600.0,2024-02-28
2024022801023375,SONA,71,34,100.0,460.0,46000.0,2024-02-28
2024022801023374,SONA,71,49,107.0,460.0,49220.0,2024-02-28
2024022801023373,SONA,71,35,10.0,459.9,4599.0,2024-02-28
2024022803004979,WNLB,22,56,16.0,816.0,13056.0,2024-02-28
2024022801023372,NABIL,65,45,50.0,435.0,21750.0,2024-02-28
2024022801023371,NABIL,25,45,25.0,435.0,10875.0,2024-02-28
2024022801023370,CLI,6,58,10.0,434.0,4340.0,2024-02-28
2024022801023369,NABIL,57,11,100.0,435.5,43550.0,2024-02-28
2024022804006940,LEC,58,4,200.0,189.0,37800.0,2024-02-28
2024022805004915,HRL,52,93,10.0,615.4,6154.0,2024-02-28
2024022801023368,PRVU,49,54,891.0,144.0,128304.0,2024-02-28
2024022801023367,PRVU,49,54,2109.0,144.0,303696.0,2024-02-28
2024022804006939,MEN,16,49,10.0,596.0,5960.0,2024-02-28
2024022804006938,MEN,16,51,10.0,596.0,5960.0,2024-02-28
2024022801023366,NESDO,51,58,10.0,1572.0,15720.0,2024-02-28
2024022801023365,NESDO,51,25,10.0,1560.6,15606.0,2024-02-28
2024022801023364,NESDO,51,41,10.0,1560.0,15600.0,2024-02-28
2024022801023363,NESDO,51,6,10.0,1560.0,15600.0,2024-02-28
2024022801023362,NESDO,51,38,10.0,1553.0,15530.0,2024-02-28
2024022801023361,NESDO,51,34,10.0,1550.0,15500.0,2024-02-28
2024022801023360,NESDO,51,8,20.0,1549.0,30980.0,2024-02-28
2024022801023359,NESDO,51,46,10.0,1545.0,15450.0,2024-02-28
2024022801023358,NESDO,51,58,10.0,1542.2,15422.0,2024-02-28
2024022801023357,NESDO,51,55,10.0,1542.0,15420.0,2024-02-28
2024022801023356,VLUCL,35,3,170.0,540.0,91800.0,2024-02-28
2024022801023355,SMJC,6,57,68.0,382.3,25996.4,2024-02-28
2024022801023354,SMJC,25,57,50.0,382.4,19120.0,2024-02-28
2024022801023353,SMJC,6,57,82.0,382.4,31356.8,2024-02-28
2024022805004914,HRL,52,58,10.0,615.4,6154.0,2024-02-28
2024022804006937,NICL,41,7,290.0,822.0,238380.0,2024-02-28
2024022804006936,NICL,58,7,10.0,822.1,8221.0,2024-02-28
2024022803004978,PFL,1,59,10.0,365.0,3650.0,2024-02-28
2024022804006935,SHPC,5,49,10.0,339.9,3399.0,2024-02-28
2024022801023352,VLUCL,74,69,150.0,540.1,81015.0,2024-02-28
2024022805004913,NTC,38,50,10.0,843.0,8430.0,2024-02-28
2024022801023351,SAHAS,43,52,30.0,525.0,15750.0,2024-02-28
2024022804006934,SICL,38,55,188.0,690.2,129757.6,2024-02-28
2024022801023350,SONA,21,11,300.0,459.0,137700.0,2024-02-28
2024022801023349,SANIMA,58,51,20.0,236.5,4730.0,2024-02-28
2024022804006933,CHCL,71,22,65.0,461.2,29978.0,2024-02-28
2024022805004912,HIDCL,39,26,38.0,169.0,6422.0,2024-02-28
2024022803004977,KSBBL,45,56,122.0,342.0,41724.0,2024-02-28
2024022801023348,HATHY,51,57,20.0,848.9,16978.0,2024-02-28
2024022801023347,SNLI,52,32,10.0,585.3,5853.0,2024-02-28
2024022801023346,VLUCL,35,32,87.0,540.0,46980.0,2024-02-28
2024022801023345,VLUCL,58,32,100.0,540.0,54000.0,2024-02-28
2024022801023344,VLUCL,38,32,30.0,540.0,16200.0,2024-02-28
2024022801023343,VLUCL,58,32,33.0,540.0,17820.0,2024-02-28
2024022801023342,VLUCL,17,32,50.0,540.0,27000.0,2024-02-28
2024022801023341,VLUCL,32,32,30.0,540.0,16200.0,2024-02-28
2024022801023340,VLUCL,21,32,50.0,540.0,27000.0,2024-02-28
2024022801023339,VLUCL,36,32,100.0,540.0,54000.0,2024-02-28
2024022801023338,VLUCL,57,32,20.0,540.0,10800.0,2024-02-28
2024022804006932,CHCL,32,44,10.0,462.9,4629.0,2024-02-28
2024022801023337,MEHL,42,34,10.0,293.0,2930.0,2024-02-28
2024022804006931,HURJA,8,7,500.0,294.0,147000.0,2024-02-28
2024022805004911,HRL,52,52,25.0,615.4,15385.0,2024-02-28
2024022805004910,HRL,52,58,10.0,615.4,6154.0,2024-02-28
2024022805004909,HRL,52,17,30.0,615.4,18462.0,2024-02-28
2024022805004908,HRL,52,61,109.0,615.4,67078.6,2024-02-28
2024022805004907,HRL,52,34,10.0,615.4,6154.0,2024-02-28
2024022805004906,HRL,52,38,100.0,615.4,61540.0,2024-02-28
2024022805004905,HRL,52,21,75.0,615.4,46155.0,2024-02-28
2024022805004904,HRL,52,53,10.0,615.3,6153.0,2024-02-28
2024022805004903,HRL,52,54,10.0,615.2,6152.0,2024-02-28
2024022805004902,HRL,52,14,20.0,615.2,12304.0,2024-02-28
2024022805004901,HRL,52,49,10.0,615.1,6151.0,2024-02-28
2024022804006930,NICL,49,50,18.0,824.0,14832.0,2024-02-28
2024022801023336,MBJC,8,14,10.0,310.1,3101.0,2024-02-28
2024022801023335,ILI,49,40,232.0,523.0,121336.0,2024-02-28
2024022801023334,MBL,56,38,150.0,178.0,26700.0,2024-02-28
2024022801023333,MBL,56,35,1000.0,178.0,178000.0,2024-02-28
2024022801023332,SONA,10,82,585.0,457.5,267637.5,2024-02-28
2024022801023331,SONA,74,82,500.0,457.5,228750.0,2024-02-28
2024022801023330,SONA,38,82,735.0,457.6,336336.0,2024-02-28
2024022804006929,JOSHI,71,28,900.0,380.0,342000.0,2024-02-28
2024022805004900,HIDCL,39,42,300.0,169.0,50700.0,2024-02-28
2024022801023329,RNLI,25,47,10.0,426.0,4260.0,2024-02-28
2024022804006928,DHPL,50,58,130.0,193.0,25090.0,2024-02-28
2024022801023328,HATHY,38,49,500.0,847.3,423650.0,2024-02-28
2024022801023327,SHIVM,38,57,42.0,483.1,20290.2,2024-02-28
2024022801023326,KBL,28,54,100.0,141.7,14170.0,2024-02-28
2024022801023325,GVL,74,43,83.0,426.6,35407.8,2024-02-28
2024022804006927,DHPL,48,35,500.0,192.2,96100.0,2024-02-28
2024022804006926,AHPC,34,49,200.0,182.0,36400.0,2024-02-28
2024022803004976,SHINE,34,38,14.0,371.0,5194.0,2024-02-28
2024022803004975,SHINE,8,38,42.0,371.0,15582.0,2024-02-28
2024022801023324,GCIL,45,29,10.0,492.0,4920.0,2024-02-28
2024022801023323,GCIL,45,63,377.0,492.0,185484.0,2024-02-28
2024022805004899,NRN,28,26,20.0,540.0,10800.0,2024-02-28
2024022805004898,NRN,4,26,100.0,540.0,54000.0,2024-02-28
2024022805004897,NRN,25,26,200.0,540.0,108000.0,2024-02-28
2024022805004896,NRN,60,26,180.0,540.0,97200.0,2024-02-28
2024022805004895,HRL,69,18,10.0,615.0,6150.0,2024-02-28
2024022801023322,GCIL,57,29,10.0,491.1,4911.0,2024-02-28
2024022805004894,HRL,69,58,10.0,615.0,6150.0,2024-02-28
2024022803004974,GBBL,42,5,50.0,359.1,17955.0,2024-02-28
2024022801023321,HATHY,35,57,10.0,848.9,8489.0,2024-02-28
2024022803004973,SMB,45,22,10.0,969.6,9696.0,2024-02-28
2024022801023320,ULBSL,49,17,11.0,1097.5,12072.5,2024-02-28
2024022803004972,PROFL,14,33,50.0,308.0,15400.0,2024-02-28
2024022801023319,NICA,42,4,32.0,414.1,13251.2,2024-02-28
2024022801023318,NICA,81,4,218.0,414.1,90273.8,2024-02-28
2024022804006925,SPDL,42,39,76.0,250.2,19015.2,2024-02-28
2024022803004971,MFIL,62,50,40.0,506.0,20240.0,2024-02-28
2024022805004893,NTC,22,8,50.0,841.6,42080.0,2024-02-28
2024022801023317,NICA,81,49,104.0,414.1,43066.4,2024-02-28
2024022801023316,SRLI,26,38,20.0,422.6,8452.0,2024-02-28
2024022804006924,RADHI,16,57,500.0,249.5,124750.0,2024-02-28
2024022805004892,CIT,36,21,50.0,2100.0,105000.0,2024-02-28
2024022804006923,AKJCL,28,54,605.0,220.0,133100.0,2024-02-28
2024022804006922,AKJCL,50,54,50.0,220.1,11005.0,2024-02-28
2024022804006921,AKJCL,29,54,300.0,220.1,66030.0,2024-02-28
2024022804006920,AKJCL,45,54,45.0,220.2,9909.0,2024-02-28
2024022804006919,AKJCL,35,54,100.0,220.2,22020.0,2024-02-28
2024022804006918,AKJCL,51,54,300.0,220.2,66060.0,2024-02-28
2024022804006917,AKJCL,44,54,100.0,220.2,22020.0,2024-02-28
2024022803004970,ALICL,41,58,10.0,561.0,5610.0,2024-02-28
2024022801023315,SONA,71,49,43.0,460.0,19780.0,2024-02-28
2024022801023314,SONA,71,38,150.0,460.0,69000.0,2024-02-28
2024022801023313,SONA,71,50,177.0,459.9,81402.3,2024-02-28
2024022801023312,SONA,71,4,20.0,459.9,9198.0,2024-02-28
2024022801023311,SONA,71,19,10.0,458.0,4580.0,2024-02-28
2024022801023310,SONA,71,26,100.0,458.0,45800.0,2024-02-28
2024022804006916,NHPC,58,6,20.0,154.0,3080.0,2024-02-28
2024022804006915,SPIL,42,62,40.0,721.0,28840.0,2024-02-28
2024022804006914,UPPER,56,47,40.0,200.0,8000.0,2024-02-28
2024022804006913,RIDI,68,51,493.0,189.0,93177.0,2024-02-28
2024022804006912,RIDI,41,51,100.0,189.0,18900.0,2024-02-28
2024022804006911,RIDI,34,51,50.0,189.0,9450.0,2024-02-28
2024022804006910,RIDI,3,51,40.0,189.0,7560.0,2024-02-28
2024022804006909,RIDI,57,51,25.0,189.0,4725.0,2024-02-28
2024022804006908,RIDI,44,51,30.0,189.0,5670.0,2024-02-28
2024022804006907,RIDI,25,51,100.0,189.0,18900.0,2024-02-28
2024022804006906,RIDI,46,51,50.0,189.0,9450.0,2024-02-28
2024022804006905,RIDI,4,51,200.0,189.0,37800.0,2024-02-28
2024022804006904,RIDI,34,51,10.0,189.2,1892.0,2024-02-28
2024022804006903,RIDI,58,51,100.0,189.2,18920.0,2024-02-28
2024022804006902,RIDI,17,51,190.0,189.3,35967.0,2024-02-28
2024022804006901,RIDI,33,51,25.0,189.3,4732.5,2024-02-28
2024022804006900,RIDI,52,51,87.0,189.4,16477.8,2024-02-28
2024022801023309,VLUCL,57,33,280.0,540.0,151200.0,2024-02-28
2024022801023308,VLUCL,45,33,100.0,540.0,54000.0,2024-02-28
2024022801023307,VLUCL,19,33,200.0,540.0,108000.0,2024-02-28
2024022805004891,HRL,69,8,35.0,615.0,21525.0,2024-02-28
2024022801023306,PRVU,49,38,500.0,144.0,72000.0,2024-02-28
2024022801023305,VLUCL,34,69,50.0,540.1,27005.0,2024-02-28
2024022801023304,HDL,21,53,10.0,1515.0,15150.0,2024-02-28
2024022801023303,HDL,7,53,90.0,1516.0,136440.0,2024-02-28
2024022803004969,ALICL,33,44,6800.0,550.0,3740000.0,2024-02-28
2024022803004968,ALICL,45,44,500.0,551.0,275500.0,2024-02-28
2024022803004967,ALICL,45,44,200.0,551.0,110200.0,2024-02-28
2024022803004966,ALICL,82,44,500.0,551.0,275500.0,2024-02-28
2024022801023302,ILI,49,49,10.0,523.0,5230.0,2024-02-28
2024022805004890,HRL,69,14,10.0,615.0,6150.0,2024-02-28
2024022805004889,HRL,69,38,10.0,615.0,6150.0,2024-02-28
2024022804006899,AKPL,29,48,100.0,179.5,17950.0,2024-02-28
2024022804006898,GHL,57,39,500.0,148.0,74000.0,2024-02-28
2024022804006897,GHL,57,39,50.0,148.0,7400.0,2024-02-28
2024022804006896,GHL,42,39,35.0,148.0,5180.0,2024-02-28
2024022801023301,CLI,6,55,10.0,434.0,4340.0,2024-02-28
2024022801023300,SBI,48,21,40.0,285.0,11400.0,2024-02-28
2024022804006895,KKHC,58,25,20.0,242.9,4858.0,2024-02-28
2024022804006894,JOSHI,71,58,100.0,380.0,38000.0,2024-02-28
2024022803004965,RSDC,4,58,17.0,518.0,8806.0,2024-02-28
2024022803004964,RSDC,55,58,30.0,518.0,15540.0,2024-02-28
2024022801023299,VLUCL,47,69,70.0,540.1,37807.0,2024-02-28
2024022803004963,GFCL,53,14,10.0,436.0,4360.0,2024-02-28
2024022803004962,GFCL,53,42,20.0,435.0,8700.0,2024-02-28
2024022805004888,HRL,69,41,20.0,615.0,12300.0,2024-02-28
2024022801023298,KDL,36,14,10.0,775.1,7751.0,2024-02-28
2024022801023297,NABIL,45,11,10.0,435.5,4355.0,2024-02-28
2024022805004887,HRL,69,45,30.0,615.0,18450.0,2024-02-28
2024022801023296,SHIVM,38,36,10.0,483.1,4831.0,2024-02-28
2024022801023295,VLUCL,47,34,430.0,540.1,232243.0,2024-02-28
2024022801023294,VLUCL,51,34,20.0,540.1,10802.0,2024-02-28
2024022801023293,VLUCL,62,34,50.0,540.1,27005.0,2024-02-28
2024022805004886,HIDCL,39,56,1000.0,169.0,169000.0,2024-02-28
2024022804006893,HDHPC,17,4,500.0,139.0,69500.0,2024-02-28
2024022804006892,KPCL,16,58,456.0,405.1,184725.6,2024-02-28
2024022804006891,KPCL,57,58,44.0,406.0,17864.0,2024-02-28
2024022803004961,MLBL,58,51,350.0,319.0,111650.0,2024-02-28
2024022804006890,OHL,16,29,100.0,760.0,76000.0,2024-02-28
2024022801023292,SHIVM,38,49,30.0,483.1,14493.0,2024-02-28
2024022801023291,SNLI,19,71,50.0,586.0,29300.0,2024-02-28
2024022803004960,ICFC,62,45,10.0,487.9,4879.0,2024-02-28
2024022803004959,SKBBL,34,62,10.0,820.0,8200.0,2024-02-28
2024022801023290,ULHC,34,56,20.0,322.0,6440.0,2024-02-28
2024022801023289,ULHC,34,17,30.0,321.9,9657.0,2024-02-28
2024022801023288,ULHC,34,59,100.0,318.0,31800.0,2024-02-28
2024022801023287,SPC,57,22,20.0,620.0,12400.0,2024-02-28
2024022801023286,DOLTI,86,57,10.0,385.0,3850.0,2024-02-28
2024022801023285,GCIL,57,7,10.0,491.1,4911.0,2024-02-28
2024022801023284,MEHL,42,58,10.0,293.0,2930.0,2024-02-28
2024022804006889,GHL,41,48,50.0,148.1,7405.0,2024-02-28
2024022801023283,DOLTI,52,42,100.0,385.5,38550.0,2024-02-28
2024022803004958,FOWAD,42,42,200.0,1021.1,204220.0,2024-02-28
2024022801023282,SPC,14,22,10.0,620.0,6200.0,2024-02-28
2024022804006888,SHEL,55,32,490.0,212.4,104076.0,2024-02-28
2024022805004885,CIT,36,22,30.0,2100.0,63000.0,2024-02-28
2024022805004884,CIT,58,22,10.0,2100.1,21001.0,2024-02-28
2024022803004957,KRBL,42,48,100.0,361.0,36100.0,2024-02-28
2024022803004956,KRBL,22,48,400.0,361.0,144400.0,2024-02-28
2024022801023281,GCIL,57,45,200.0,491.1,98220.0,2024-02-28
2024022801023280,GCIL,58,45,100.0,491.1,49110.0,2024-02-28
2024022803004955,SKBBL,21,14,32.0,816.0,26112.0,2024-02-28
2024022803004954,SKBBL,47,14,122.0,816.0,99552.0,2024-02-28
2024022803004953,SKBBL,55,14,281.0,816.0,229296.0,2024-02-28
2024022803004952,SKBBL,42,14,25.0,816.1,20402.5,2024-02-28
2024022803004951,SKBBL,47,14,40.0,816.1,32644.0,2024-02-28
2024022804006887,SHPC,74,19,30.0,337.5,10125.0,2024-02-28
2024022803004950,SFCL,34,36,200.0,305.5,61100.0,2024-02-28
2024022803004949,SFCL,17,36,25.0,305.5,7637.5,2024-02-28
2024022801023279,SNLI,4,71,40.0,586.0,23440.0,2024-02-28
2024022804006886,HDHPC,57,4,500.0,139.0,69500.0,2024-02-28
2024022804006885,HDHPC,52,4,100.0,139.0,13900.0,2024-02-28
2024022804006884,HDHPC,58,4,10.0,139.0,1390.0,2024-02-28
2024022804006883,HDHPC,5,4,200.0,139.0,27800.0,2024-02-28
2024022804006882,HDHPC,41,4,200.0,139.0,27800.0,2024-02-28
2024022804006881,SPDL,13,39,200.0,251.0,50200.0,2024-02-28
2024022804006880,UPCL,29,45,466.0,212.0,98792.0,2024-02-28
2024022804006879,IGI,66,49,34.0,540.1,18363.4,2024-02-28
2024022804006878,IGI,66,45,70.0,540.0,37800.0,2024-02-28
2024022804006877,IGI,66,62,200.0,540.0,108000.0,2024-02-28
2024022804006876,IGI,66,45,261.0,540.0,140940.0,2024-02-28
2024022804006875,IGI,66,34,116.0,540.0,62640.0,2024-02-28
2024022804006874,IGI,66,57,19.0,540.0,10260.0,2024-02-28
2024022804006873,IGI,66,39,100.0,539.9,53990.0,2024-02-28
2024022804006872,IGI,66,62,200.0,539.9,107980.0,2024-02-28
2024022801023278,PHCL,16,7,10.0,317.0,3170.0,2024-02-28
2024022801023277,PHCL,16,37,80.0,317.0,25360.0,2024-02-28
2024022801023276,ILI,49,35,10.0,523.0,5230.0,2024-02-28
2024022801023275,RNLI,25,47,10.0,426.0,4260.0,2024-02-28
2024022801023274,SONA,71,4,80.0,459.9,36792.0,2024-02-28
2024022801023273,SONA,71,5,290.0,459.0,133110.0,2024-02-28
2024022801023272,SONA,71,49,50.0,458.2,22910.0,2024-02-28
2024022801023271,SONA,71,34,10.0,458.0,4580.0,2024-02-28
2024022801023270,SONA,71,52,70.0,458.0,32060.0,2024-02-28
2024022804006871,GHL,42,42,165.0,148.0,24420.0,2024-02-28
2024022804006870,GHL,25,42,200.0,148.0,29600.0,2024-02-28
2024022804006869,GHL,3,42,135.0,148.0,19980.0,2024-02-28
2024022801023269,NICA,81,34,255.0,414.1,105595.5,2024-02-28
2024022804006868,SPDL,14,39,100.0,251.0,25100.0,2024-02-28
2024022804006867,SPDL,57,39,100.0,251.0,25100.0,2024-02-28
2024022804006866,SPDL,41,39,10.0,251.0,2510.0,2024-02-28
2024022804006865,SPDL,14,39,50.0,251.0,12550.0,2024-02-28
2024022804006864,SPDL,69,39,500.0,251.0,125500.0,2024-02-28
2024022804006863,SPDL,41,39,170.0,251.0,42670.0,2024-02-28
