transaction,symbol,buyer,seller,quantity,rate,amount,date
2024070303027686,MDB,43,49,25.0,546.0,13650.0,2024-07-03
2024070303027685,BFC,72,49,10.0,515.0,5150.0,2024-07-03
2024070304008327,PMHPL,50,44,20.0,227.0,4540.0,2024-07-03
2024070301020065,NRM,34,50,10.0,412.8,4128.0,2024-07-03
2024070301020064,NICA,34,36,50.0,420.0,21000.0,2024-07-03
2024070301020063,NICA,34,58,34.0,420.0,14280.0,2024-07-03
2024070301020062,NICA,34,58,96.0,420.0,40320.0,2024-07-03
2024070301020061,NICA,34,48,2000.0,420.0,840000.0,2024-07-03
2024070301020060,NICA,34,58,337.0,420.0,141540.0,2024-07-03
2024070301020059,NICA,34,35,300.0,420.0,126000.0,2024-07-03
2024070301020058,NICA,34,11,100.0,420.0,42000.0,2024-07-03
2024070301020057,NICA,34,21,100.0,419.5,41950.0,2024-07-03
2024070301020056,NICA,34,54,198.0,419.0,82962.0,2024-07-03
2024070301020055,NICA,34,13,300.0,419.0,125700.0,2024-07-03
2024070301020054,NICA,34,17,30.0,419.0,12570.0,2024-07-03
2024070301020053,NICA,34,17,60.0,418.9,25134.0,2024-07-03
2024070301020052,NICA,34,28,392.0,418.9,164208.8,2024-07-03
2024070303027684,ACLBSL,63,54,13.0,1119.0,14547.0,2024-07-03
2024070303027683,MPFL,34,3,10.0,538.0,5380.0,2024-07-03
2024070303027682,JFL,41,71,100.0,674.9,67490.0,2024-07-03
2024070303027681,KSBBL,47,65,10.0,390.8,3908.0,2024-07-03
2024070301020051,MKJC,71,29,10.0,695.0,6950.0,2024-07-03
2024070303027680,GLBSL,45,26,10.0,1771.0,17710.0,2024-07-03
2024070304008326,PMHPL,41,44,10.0,227.0,2270.0,2024-07-03
2024070303027679,SJLIC,7,34,10.0,405.0,4050.0,2024-07-03
2024070305005121,ENL,41,16,10.0,1139.0,11390.0,2024-07-03
2024070303027678,SAPDBL,71,81,100.0,399.9,39990.0,2024-07-03
2024070303027677,MFIL,8,58,83.0,594.9,49376.7,2024-07-03
2024070303027676,MFIL,8,18,300.0,594.8,178440.0,2024-07-03
2024070303027675,MFIL,8,17,100.0,594.0,59400.0,2024-07-03
2024070303027674,MFIL,8,49,20.0,594.0,11880.0,2024-07-03
2024070303027673,MFIL,8,38,68.0,594.0,40392.0,2024-07-03
2024070303027672,MFIL,8,13,229.0,594.0,136026.0,2024-07-03
2024070303027671,MFIL,8,13,200.0,593.0,118600.0,2024-07-03
2024070304008325,HURJA,62,62,185.0,269.0,49765.0,2024-07-03
2024070303027670,HLBSL,62,62,50.0,1293.5,64675.0,2024-07-03
2024070303027669,HLBSL,62,34,10.0,1290.0,12900.0,2024-07-03
2024070303027668,HLBSL,62,55,100.0,1289.5,128950.0,2024-07-03
2024070303027667,HLBSL,62,19,140.0,1289.0,180460.0,2024-07-03
2024070303027666,KRBL,62,58,50.0,487.5,24375.0,2024-07-03
2024070301020050,NABIL,32,34,11.0,484.0,5324.0,2024-07-03
2024070301020049,UNL,38,34,10.0,45350.0,453500.0,2024-07-03
2024070303027665,GFCL,41,35,900.0,684.9,616410.0,2024-07-03
2024070303027664,MFIL,42,35,50.0,592.0,29600.0,2024-07-03
2024070303027663,MFIL,57,35,10.0,592.0,5920.0,2024-07-03
2024070303027662,MFIL,45,35,20.0,592.0,11840.0,2024-07-03
2024070303027661,SIFC,21,45,10.0,489.0,4890.0,2024-07-03
2024070301020048,BEDC,21,25,10.0,432.0,4320.0,2024-07-03
2024070301020047,NABIL,72,21,430.0,483.9,208077.0,2024-07-03
2024070303027660,HLBSL,74,19,60.0,1289.0,77340.0,2024-07-03
2024070303027659,HLBSL,74,55,100.0,1289.0,128900.0,2024-07-03
2024070303027658,HLBSL,74,34,100.0,1289.0,128900.0,2024-07-03
2024070303027657,HLBSL,74,81,100.0,1288.0,128800.0,2024-07-03
2024070303027656,HLBSL,74,7,90.0,1288.0,115920.0,2024-07-03
2024070303027655,HLBSL,74,81,50.0,1287.0,64350.0,2024-07-03
2024070301020046,SMJC,91,62,100.0,404.7,40470.0,2024-07-03
2024070304008324,UMHL,16,48,360.0,238.3,85788.0,2024-07-03
2024070304008323,UMHL,62,48,40.0,238.7,9548.0,2024-07-03
2024070304008322,UMHL,66,48,100.0,239.0,23900.0,2024-07-03
2024070305005120,NRIC,42,65,10.0,642.0,6420.0,2024-07-03
2024070305005119,NRIC,42,26,20.0,641.0,12820.0,2024-07-03
2024070304008321,NGPL,45,45,10.0,308.0,3080.0,2024-07-03
2024070301020045,NWCL,8,45,10.0,892.0,8920.0,2024-07-03
2024070301020044,MEL,45,11,20.0,224.0,4480.0,2024-07-03
2024070303027654,SFCL,45,26,70.0,469.0,32830.0,2024-07-03
2024070303027653,SFCL,45,42,50.0,469.0,23450.0,2024-07-03
2024070303027652,SFCL,45,36,10.0,469.0,4690.0,2024-07-03
2024070304008320,SSHL,22,45,482.0,170.0,81940.0,2024-07-03
2024070304008319,SSHL,22,37,18.0,169.5,3051.0,2024-07-03
2024070303027651,CORBL,58,6,10.0,588.0,5880.0,2024-07-03
2024070301020043,SARBTM,14,90,10.0,794.4,7944.0,2024-07-03
2024070303027650,GMFBS,14,39,26.0,1668.0,43368.0,2024-07-03
2024070303027649,GMFBS,14,70,74.0,1660.0,122840.0,2024-07-03
2024070301020042,NICA,49,58,300.0,418.1,125430.0,2024-07-03
2024070301020041,NICA,35,58,100.0,418.1,41810.0,2024-07-03
2024070301020040,NICA,8,58,100.0,418.2,41820.0,2024-07-03
2024070301020039,MKJC,70,29,762.0,695.0,529590.0,2024-07-03
2024070301020038,MKJC,70,57,300.0,682.0,204600.0,2024-07-03
2024070301020037,MKJC,70,71,80.0,680.0,54400.0,2024-07-03
2024070301020036,MKJC,70,8,50.0,645.5,32275.0,2024-07-03
2024070301020035,MKJC,70,94,41.0,644.7,26432.7,2024-07-03
2024070301020034,MKJC,70,57,100.0,644.7,64470.0,2024-07-03
2024070301020033,MKJC,70,64,300.0,644.7,193410.0,2024-07-03
2024070301020032,MKJC,70,6,25.0,642.6,16065.0,2024-07-03
2024070301020031,MKJC,70,39,100.0,642.0,64200.0,2024-07-03
2024070301020030,MKJC,70,66,250.0,641.0,160250.0,2024-07-03
2024070301020029,MKJC,70,74,100.0,640.0,64000.0,2024-07-03
2024070301020028,MKJC,70,36,50.0,640.0,32000.0,2024-07-03
2024070301020027,MKJC,70,39,500.0,639.0,319500.0,2024-07-03
2024070301020026,MKJC,70,94,52.0,639.0,33228.0,2024-07-03
2024070301020025,MKJC,70,26,10.0,639.0,6390.0,2024-07-03
2024070301020024,MKJC,70,64,10.0,636.0,6360.0,2024-07-03
2024070301020023,MKJC,70,38,10.0,635.0,6350.0,2024-07-03
2024070301020022,MKJC,70,17,100.0,634.0,63400.0,2024-07-03
2024070301020021,MKJC,70,68,40.0,633.7,25348.0,2024-07-03
2024070301020020,MKJC,70,84,200.0,633.7,126740.0,2024-07-03
2024070301020019,MKJC,70,49,10.0,633.6,6336.0,2024-07-03
2024070301020018,MKJC,70,38,110.0,633.0,69630.0,2024-07-03
2024070303027648,CORBL,14,6,10.0,588.0,5880.0,2024-07-03
2024070304008318,PPCL,34,14,10.0,234.2,2342.0,2024-07-03
2024070301020017,KDL,55,57,10.0,1180.0,11800.0,2024-07-03
2024070303027647,MNBBL,46,16,228.0,353.5,80598.0,2024-07-03
2024070303027646,GMFIL,6,17,154.0,481.7,74181.8,2024-07-03
2024070303027645,GMFIL,6,28,100.0,481.7,48170.0,2024-07-03
2024070303027644,GMFIL,6,54,176.0,481.7,84779.2,2024-07-03
2024070303027643,GMFIL,6,38,100.0,481.6,48160.0,2024-07-03
2024070303027642,GMFIL,6,29,470.0,481.0,226070.0,2024-07-03
2024070304008317,HPPL,6,48,30.0,290.0,8700.0,2024-07-03
2024070304008316,HPPL,6,42,40.0,288.0,11520.0,2024-07-03
2024070305005118,STC,57,39,23.0,4997.0,114931.0,2024-07-03
2024070301020016,EBL,39,38,10.0,538.0,5380.0,2024-07-03
2024070303027641,PMLI,29,19,20.0,496.1,9922.0,2024-07-03
2024070304008315,SPDL,39,48,10.0,241.0,2410.0,2024-07-03
2024070301020015,MKCL,49,34,100.0,1355.0,135500.0,2024-07-03
2024070301020014,MMKJL,58,49,800.0,495.0,396000.0,2024-07-03
2024070301020013,MMKJL,58,49,200.0,495.1,99020.0,2024-07-03
2024070301020012,MKJC,96,17,10.0,633.0,6330.0,2024-07-03
2024070301020011,NWCL,72,58,10.0,897.0,8970.0,2024-07-03
2024070303027640,GFCL,72,71,10.0,685.0,6850.0,2024-07-03
2024070304008314,AKPL,50,47,82.0,164.0,13448.0,2024-07-03
2024070304008313,AKPL,50,8,18.0,164.0,2952.0,2024-07-03
2024070301020010,SBL,50,56,11.0,253.0,2783.0,2024-07-03
2024070301020009,HDL,37,34,79.0,1240.0,97960.0,2024-07-03
2024070301020008,HDL,37,38,21.0,1240.0,26040.0,2024-07-03
2024070301020007,ADBL,28,17,10.0,271.0,2710.0,2024-07-03
2024070301020006,HDL,56,47,20.0,1238.0,24760.0,2024-07-03
2024070303027639,JBBL,47,55,10.0,299.9,2999.0,2024-07-03
2024070301020005,SAHAS,47,18,10.0,503.9,5039.0,2024-07-03
2024070304008312,UMRH,26,39,10.0,435.0,4350.0,2024-07-03
2024070305005117,STC,75,39,11.0,4997.0,54967.0,2024-07-03
2024070305005116,STC,75,51,10.0,4996.0,49960.0,2024-07-03
2024070305005115,STC,75,38,23.0,4948.0,113804.0,2024-07-03
2024070303027638,SFCL,7,87,18.0,468.0,8424.0,2024-07-03
2024070303027637,ALBSL,34,70,10.0,984.0,9840.0,2024-07-03
2024070303027636,GMFIL,64,29,30.0,481.0,14430.0,2024-07-03
2024070303027635,GMFIL,64,70,170.0,481.0,81770.0,2024-07-03
2024070301020004,SBL,34,56,500.0,253.0,126500.0,2024-07-03
2024070303027634,SLBSL,34,58,10.0,1224.0,12240.0,2024-07-03
2024070301020003,VLUCL,34,34,17.0,512.9,8719.3,2024-07-03
2024070301020002,MKCL,96,81,300.0,1345.1,403530.0,2024-07-03
2024070301020001,MKCL,49,81,40.0,1345.2,53808.0,2024-07-03
2024070301020000,MANDU,65,16,700.0,1073.0,751100.0,2024-07-03
2024070301019999,BNHC,16,63,10.0,635.0,6350.0,2024-07-03
2024070303027633,NFS,62,6,10.0,899.8,8998.0,2024-07-03
2024070303027632,KRBL,62,58,12.0,487.5,5850.0,2024-07-03
2024070303027631,KRBL,62,43,188.0,487.4,91631.2,2024-07-03
2024070303027630,KRBL,62,43,145.0,487.4,70673.0,2024-07-03
2024070303027629,KRBL,62,59,40.0,487.3,19492.0,2024-07-03
2024070303027628,KRBL,62,34,15.0,484.0,7260.0,2024-07-03
2024070304008311,HPPL,32,42,10.0,288.0,2880.0,2024-07-03
2024070303027627,SINDU,32,38,150.0,443.0,66450.0,2024-07-03
2024070301019998,NRM,32,50,10.0,412.8,4128.0,2024-07-03
2024070305005114,NIFRA,38,25,10.0,194.0,1940.0,2024-07-03
2024070304008310,UMRH,29,39,10.0,435.0,4350.0,2024-07-03
2024070304008309,NGPL,91,45,10.0,308.0,3080.0,2024-07-03
2024070303027626,FOWAD,43,22,10.0,1315.0,13150.0,2024-07-03
2024070303027625,CORBL,1,6,10.0,588.0,5880.0,2024-07-03
2024070303027624,SLBSL,68,16,20.0,1223.9,24478.0,2024-07-03
2024070304008308,MEN,59,26,181.0,581.0,105161.0,2024-07-03
2024070304008307,UMHL,11,5,10.0,239.5,2395.0,2024-07-03
2024070301019997,MANDU,65,19,119.0,1094.4,130233.6,2024-07-03
2024070301019996,MANDU,65,72,100.0,1094.0,109400.0,2024-07-03
2024070301019995,MANDU,65,6,10.0,1094.0,10940.0,2024-07-03
2024070301019994,MANDU,65,39,100.0,1094.0,109400.0,2024-07-03
2024070301019993,MANDU,65,17,10.0,1093.0,10930.0,2024-07-03
2024070301019992,MANDU,65,56,100.0,1092.0,109200.0,2024-07-03
2024070301019991,MANDU,65,42,70.0,1091.0,76370.0,2024-07-03
2024070301019990,MANDU,65,52,10.0,1090.0,10900.0,2024-07-03
2024070301019989,MANDU,65,39,200.0,1090.0,218000.0,2024-07-03
2024070301019988,MANDU,65,22,10.0,1088.0,10880.0,2024-07-03
2024070301019987,MANDU,65,50,10.0,1088.0,10880.0,2024-07-03
2024070301019986,MANDU,65,34,11.0,1087.9,11966.9,2024-07-03
2024070301019985,MANDU,65,49,897.0,1085.0,973245.0,2024-07-03
2024070301019984,MANDU,65,34,10.0,1085.0,10850.0,2024-07-03
2024070301019983,MANDU,65,49,140.0,1084.0,151760.0,2024-07-03
2024070301019982,MANDU,65,42,103.0,1081.0,111343.0,2024-07-03
2024070301019981,MANDU,65,38,10.0,1080.0,10800.0,2024-07-03
2024070301019980,MANDU,65,33,20.0,1080.0,21600.0,2024-07-03
2024070301019979,MANDU,65,47,70.0,1074.0,75180.0,2024-07-03
2024070303027623,GUFL,53,29,50.0,727.0,36350.0,2024-07-03
2024070303027622,SAPDBL,88,81,197.0,399.9,78780.3,2024-07-03
2024070303027621,SAPDBL,88,53,100.0,399.9,39990.0,2024-07-03
2024070303027620,SAPDBL,88,32,203.0,399.9,81179.7,2024-07-03
2024070303027619,SIFC,88,45,62.0,489.0,30318.0,2024-07-03
2024070303027618,SIFC,88,57,190.0,488.5,92815.0,2024-07-03
2024070303027617,SIFC,88,45,328.0,488.4,160195.2,2024-07-03
2024070303027616,SIFC,88,32,20.0,488.0,9760.0,2024-07-03
2024070305005113,ENL,45,16,10.0,1139.0,11390.0,2024-07-03
2024070304008306,MHNL,42,45,149.0,237.2,35342.8,2024-07-03
2024070304008305,MHNL,38,45,50.0,238.0,11900.0,2024-07-03
2024070304008304,MHNL,17,45,10.0,240.0,2400.0,2024-07-03
2024070303027615,SADBL,45,51,777.0,328.9,255555.3,2024-07-03
2024070303027614,SADBL,45,43,766.0,328.9,251937.4,2024-07-03
2024070303027613,SADBL,45,43,60.0,328.8,19728.0,2024-07-03
2024070303027612,SADBL,45,58,100.0,328.4,32840.0,2024-07-03
2024070303027611,SADBL,45,47,297.0,328.4,97534.8,2024-07-03
2024070301019978,MKHC,45,44,29.0,338.0,9802.0,2024-07-03
2024070301019977,MKHC,45,28,300.0,337.8,101340.0,2024-07-03
2024070301019976,MKHC,45,42,120.0,337.0,40440.0,2024-07-03
2024070301019975,MKHC,45,56,40.0,337.0,13480.0,2024-07-03
2024070301019974,MKHC,45,4,500.0,337.0,168500.0,2024-07-03
2024070301019973,MKHC,45,5,11.0,337.0,3707.0,2024-07-03
2024070301019972,CZBIL,84,38,80.0,176.0,14080.0,2024-07-03
2024070301019971,CZBIL,84,1,100.0,176.0,17600.0,2024-07-03
2024070301019970,CZBIL,84,50,320.0,175.9,56288.0,2024-07-03
2024070301019969,PRVU,58,52,366.0,148.0,54168.0,2024-07-03
2024070301019968,PRVU,58,52,160.0,148.0,23680.0,2024-07-03
2024070301019967,PRVU,45,52,424.0,148.0,62752.0,2024-07-03
2024070301019966,PRVU,34,52,50.0,148.1,7405.0,2024-07-03
2024070303027610,JFL,41,70,300.0,674.9,202470.0,2024-07-03
2024070301019965,MBJC,58,36,273.0,303.0,82719.0,2024-07-03
2024070301019964,MBJC,58,21,197.0,303.0,59691.0,2024-07-03
2024070301019963,MBJC,58,80,100.0,303.0,30300.0,2024-07-03
2024070301019962,MBJC,58,49,10.0,303.0,3030.0,2024-07-03
2024070301019961,MBJC,58,80,100.0,303.0,30300.0,2024-07-03
2024070301019960,MBJC,58,53,600.0,303.0,181800.0,2024-07-03
2024070301019959,MBJC,58,16,10.0,302.9,3029.0,2024-07-03
2024070301019958,MBJC,58,58,100.0,302.9,30290.0,2024-07-03
2024070301019957,MBJC,58,32,500.0,302.7,151350.0,2024-07-03
2024070301019956,MBJC,58,54,10.0,302.0,3020.0,2024-07-03
2024070301019955,MBJC,58,51,10.0,302.0,3020.0,2024-07-03
2024070301019954,MBJC,58,41,10.0,302.0,3020.0,2024-07-03
2024070301019953,MBJC,58,6,10.0,302.0,3020.0,2024-07-03
2024070301019952,MBJC,58,1,10.0,302.0,3020.0,2024-07-03
2024070301019951,MBJC,58,58,10.0,302.0,3020.0,2024-07-03
2024070301019950,MBJC,58,22,10.0,301.0,3010.0,2024-07-03
2024070301019949,MBJC,58,14,100.0,301.0,30100.0,2024-07-03
2024070301019948,MBJC,58,21,10.0,301.0,3010.0,2024-07-03
2024070301019947,MBJC,58,48,10.0,301.0,3010.0,2024-07-03
2024070301019946,MBJC,58,59,10.0,300.0,3000.0,2024-07-03
2024070301019945,MBJC,58,49,10.0,300.0,3000.0,2024-07-03
2024070301019944,MBJC,58,11,10.0,300.0,3000.0,2024-07-03
2024070301019943,MBJC,58,32,200.0,300.0,60000.0,2024-07-03
2024070301019942,MBJC,58,1,10.0,300.0,3000.0,2024-07-03
2024070301019941,MBJC,58,4,10.0,300.0,3000.0,2024-07-03
2024070301019940,MBJC,58,34,10.0,300.0,3000.0,2024-07-03
2024070301019939,MBJC,58,34,10.0,300.0,3000.0,2024-07-03
2024070301019938,MBJC,58,45,10.0,300.0,3000.0,2024-07-03
2024070301019937,MBJC,58,33,10.0,300.0,3000.0,2024-07-03
2024070301019936,MBJC,58,77,10.0,300.0,3000.0,2024-07-03
2024070301019935,MBJC,58,56,10.0,300.0,3000.0,2024-07-03
2024070301019934,MBJC,58,42,10.0,300.0,3000.0,2024-07-03
2024070301019933,MBJC,58,58,10.0,300.0,3000.0,2024-07-03
2024070301019932,MBJC,58,22,10.0,300.0,3000.0,2024-07-03
2024070301019931,MBJC,58,51,10.0,300.0,3000.0,2024-07-03
2024070301019930,MBJC,58,81,10.0,300.0,3000.0,2024-07-03
2024070301019929,MBJC,58,6,10.0,300.0,3000.0,2024-07-03
2024070301019928,MBJC,58,45,10.0,300.0,3000.0,2024-07-03
2024070301019927,MBJC,58,34,500.0,300.0,150000.0,2024-07-03
2024070301019926,MBJC,58,59,10.0,300.0,3000.0,2024-07-03
2024070301019925,MBJC,58,49,10.0,300.0,3000.0,2024-07-03
2024070301019924,MBJC,58,58,10.0,300.0,3000.0,2024-07-03
2024070301019923,MBJC,58,17,10.0,300.0,3000.0,2024-07-03
2024070304008303,NHPC,58,49,144.0,143.0,20592.0,2024-07-03
2024070301019922,HIDCLP,14,44,1000.0,99.3,99300.0,2024-07-03
2024070301019921,HIDCLP,14,38,260.0,99.2,25792.0,2024-07-03
2024070301019920,HIDCLP,14,44,500.0,99.1,49550.0,2024-07-03
2024070301019919,HIDCLP,14,54,550.0,99.0,54450.0,2024-07-03
2024070301019918,HIDCLP,14,38,20.0,99.0,1980.0,2024-07-03
2024070301019917,HIDCLP,14,42,210.0,99.0,20790.0,2024-07-03
2024070301019916,NICGF2,35,6,100.0,8.47,847.0,2024-07-03
2024070301019915,GVL,80,43,10.0,594.0,5940.0,2024-07-03
2024070301019914,GVL,80,42,500.0,593.6,296800.0,2024-07-03
2024070301019913,GVL,80,53,100.0,593.6,59360.0,2024-07-03
2024070301019912,GVL,80,56,10.0,593.0,5930.0,2024-07-03
2024070301019911,GVL,80,42,500.0,593.0,296500.0,2024-07-03
2024070301019910,GVL,80,1,200.0,593.0,118600.0,2024-07-03
2024070301019909,GVL,80,22,150.0,592.9,88935.0,2024-07-03
2024070301019908,GVL,80,5,50.0,592.8,29640.0,2024-07-03
2024070301019907,GVL,80,49,10.0,592.4,5924.0,2024-07-03
2024070301019906,GVL,80,13,70.0,590.0,41300.0,2024-07-03
2024070301019905,GVL,80,72,400.0,590.0,236000.0,2024-07-03
2024070301019904,PCBL,44,7,239.0,201.4,48134.6,2024-07-03
2024070301019903,PCBL,44,41,68.0,200.0,13600.0,2024-07-03
2024070301019902,PCBL,44,5,100.0,200.0,20000.0,2024-07-03
2024070304008302,SPIL,44,42,10.0,787.9,7879.0,2024-07-03
2024070304008301,GLH,25,47,100.0,209.0,20900.0,2024-07-03
2024070303027609,KRBL,5,34,10.0,484.0,4840.0,2024-07-03
2024070301019901,AHL,5,47,127.0,514.5,65341.5,2024-07-03
2024070303027608,SINDU,5,38,50.0,443.0,22150.0,2024-07-03
2024070305005112,NIFRA,5,25,150.0,194.0,29100.0,2024-07-03
2024070301019900,NBL,5,58,10.0,216.5,2165.0,2024-07-03
2024070301019899,NBL,5,51,10.0,216.0,2160.0,2024-07-03
2024070301019898,KBSH,40,56,10.0,1468.0,14680.0,2024-07-03
2024070304008300,BARUN,19,29,10.0,300.0,3000.0,2024-07-03
2024070301019897,MAKAR,4,49,45.0,465.1,20929.5,2024-07-03
2024070301019896,NBL,49,51,10.0,216.0,2160.0,2024-07-03
2024070303027607,LICN,3,56,30.0,1356.0,40680.0,2024-07-03
2024070301019895,SONA,71,1,20.0,444.0,8880.0,2024-07-03
2024070305005111,HRL,1,26,19.0,541.1,10280.9,2024-07-03
2024070305005110,HRL,66,26,100.0,541.2,54120.0,2024-07-03
2024070305005109,HRL,44,26,100.0,541.2,54120.0,2024-07-03
2024070305005108,HRL,58,26,10.0,541.4,5414.0,2024-07-03
2024070305005107,HRL,36,26,50.0,541.5,27075.0,2024-07-03
2024070305005106,HRL,32,26,100.0,541.5,54150.0,2024-07-03
2024070305005105,HRL,4,26,100.0,541.5,54150.0,2024-07-03
2024070305005104,HRL,29,26,34.0,541.5,18411.0,2024-07-03
2024070305005103,HRL,33,26,69.0,542.0,37398.0,2024-07-03
2024070305005102,HRL,33,26,200.0,542.0,108400.0,2024-07-03
2024070301019894,MEHL,61,47,500.0,345.0,172500.0,2024-07-03
2024070305005101,HRL,41,26,50.0,542.0,27100.0,2024-07-03
2024070305005100,HRL,38,26,100.0,542.0,54200.0,2024-07-03
2024070305005099,HRL,44,26,10.0,542.0,5420.0,2024-07-03
2024070303027606,MERO,64,33,33.0,684.9,22601.7,2024-07-03
2024070303027605,MERO,64,55,67.0,680.0,45560.0,2024-07-03
2024070303027604,MERO,64,48,200.0,680.0,136000.0,2024-07-03
2024070303027603,GBLBS,7,50,10.0,783.4,7834.0,2024-07-03
2024070305005098,NTC,34,1,50.0,819.0,40950.0,2024-07-03
2024070303027602,DDBL,17,42,50.0,786.0,39300.0,2024-07-03
2024070303027601,DDBL,17,10,50.0,786.0,39300.0,2024-07-03
2024070303027600,SABSL,17,38,10.0,999.0,9990.0,2024-07-03
2024070301019893,MMKJL,58,16,800.0,495.1,396080.0,2024-07-03
2024070301019892,MMKJL,16,16,200.0,495.1,99020.0,2024-07-03
2024070301019891,MANDU,62,47,10.0,1074.0,10740.0,2024-07-03
2024070301019890,TVCL,62,86,10.0,484.0,4840.0,2024-07-03
2024070303027599,SDLBSL,42,62,20.0,1073.0,21460.0,2024-07-03
2024070304008299,AKJCL,38,42,200.0,207.0,41400.0,2024-07-03
2024070303027598,MPFL,34,3,10.0,538.0,5380.0,2024-07-03
2024070305005097,ENL,1,16,20.0,1139.0,22780.0,2024-07-03
2024070303027597,JFL,41,10,500.0,674.9,337450.0,2024-07-03
2024070301019889,KBL,48,39,84.0,142.0,11928.0,2024-07-03
2024070301019888,KBL,48,57,100.0,141.9,14190.0,2024-07-03
2024070301019887,KBL,48,34,16.0,141.7,2267.2,2024-07-03
2024070303027596,GFCL,41,48,150.0,684.9,102735.0,2024-07-03
2024070304008298,HURJA,59,62,200.0,269.0,53800.0,2024-07-03
2024070301019886,NRM,59,45,10.0,412.5,4125.0,2024-07-03
2024070301019885,SMHL,65,65,20.0,609.0,12180.0,2024-07-03
2024070301019884,NABIL,72,29,50.0,483.9,24195.0,2024-07-03
2024070301019883,BEDC,42,57,50.0,432.0,21600.0,2024-07-03
2024070303027595,SAPDBL,88,32,55.0,399.9,21994.5,2024-07-03
2024070303027594,SAPDBL,88,38,45.0,399.8,17991.0,2024-07-03
2024070301019882,KBL,6,42,56.0,141.6,7929.6,2024-07-03
2024070301019881,MAKAR,4,55,10.0,465.4,4654.0,2024-07-03
2024070305005096,NRN,11,52,193.0,670.0,129310.0,2024-07-03
2024070305005095,NRN,52,52,1627.0,670.1,1090252.7,2024-07-03
2024070305005094,NRN,44,52,180.0,670.2,120636.0,2024-07-03
2024070301019880,SHLB,52,32,10.0,1768.9,17689.0,2024-07-03
2024070304008297,AKJCL,52,42,38.0,207.0,7866.0,2024-07-03
2024070304008296,AKJCL,52,45,172.0,207.0,35604.0,2024-07-03
2024070303027593,NFS,41,14,100.0,899.7,89970.0,2024-07-03
2024070301019879,ADBL,80,17,10.0,271.0,2710.0,2024-07-03
2024070303027592,ALICL,44,34,100.0,575.0,57500.0,2024-07-03
2024070305005093,NRN,77,7,100.0,673.0,67300.0,2024-07-03
2024070301019878,USHEC,18,5,490.0,495.0,242550.0,2024-07-03
2024070301019877,USHEC,47,5,10.0,496.0,4960.0,2024-07-03
2024070303027591,LBBL,38,49,100.0,390.0,39000.0,2024-07-03
2024070301019876,MKCL,28,34,10.0,1355.0,13550.0,2024-07-03
2024070303027590,MSLB,28,57,25.0,1320.0,33000.0,2024-07-03
2024070301019875,SARBTM,71,86,10.0,794.4,7944.0,2024-07-03
2024070303027589,SFCL,7,87,100.0,468.0,46800.0,2024-07-03
2024070303027588,MLBL,7,55,500.0,336.0,168000.0,2024-07-03
2024070301019874,BEDC,40,42,10.0,432.0,4320.0,2024-07-03
2024070301019873,BEDC,40,45,10.0,431.9,4319.0,2024-07-03
2024070301019872,BEDC,40,45,10.0,431.8,4318.0,2024-07-03
2024070301019871,BEDC,40,45,10.0,431.7,4317.0,2024-07-03
2024070301019870,BEDC,40,58,10.0,431.0,4310.0,2024-07-03
2024070304008295,KKHC,17,34,350.0,222.0,77700.0,2024-07-03
2024070303027587,EDBL,68,13,10.0,414.1,4141.0,2024-07-03
2024070301019869,SIKLES,35,13,500.0,719.9,359950.0,2024-07-03
2024070303027586,PROFL,36,16,50.0,436.7,21835.0,2024-07-03
2024070301019868,SCB,38,22,20.0,577.8,11556.0,2024-07-03
2024070301019867,SAMAJ,14,21,56.0,2710.0,151760.0,2024-07-03
2024070305005092,NTC,43,1,40.0,819.0,32760.0,2024-07-03
2024070304008294,HURJA,42,10,50.0,268.0,13400.0,2024-07-03
2024070301019866,NRM,57,48,20.0,412.0,8240.0,2024-07-03
2024070305005091,STC,68,33,33.0,4900.0,161700.0,2024-07-03
2024070304008293,MEN,82,82,120.0,580.0,69600.0,2024-07-03
2024070304008292,MEN,57,82,20.0,580.1,11602.0,2024-07-03
2024070303027585,MLBL,59,55,245.0,336.0,82320.0,2024-07-03
2024070303027584,MLBL,59,19,410.0,336.0,137760.0,2024-07-03
2024070303027583,MLBL,59,22,300.0,336.0,100800.0,2024-07-03
2024070303027582,MLBL,59,34,100.0,336.0,33600.0,2024-07-03
2024070303027581,MLBL,59,43,35.0,336.0,11760.0,2024-07-03
2024070303027580,MLBL,59,48,20.0,336.0,6720.0,2024-07-03
2024070303027579,MLBL,59,50,440.0,336.0,147840.0,2024-07-03
2024070303027578,MLBL,59,45,100.0,336.0,33600.0,2024-07-03
2024070303027577,MLBL,59,11,200.0,335.8,67160.0,2024-07-03
2024070303027576,MLBL,59,77,150.0,335.7,50355.0,2024-07-03
2024070303027575,MLBL,49,60,230.0,335.0,77050.0,2024-07-03
2024070303027574,SIFC,60,32,50.0,488.0,24400.0,2024-07-03
2024070303027573,GMFIL,29,70,20.0,481.0,9620.0,2024-07-03
2024070303027572,NFS,41,4,500.0,899.7,449850.0,2024-07-03
2024070301019865,CITY,6,6,40.0,704.7,28188.0,2024-07-03
2024070301019864,CITY,6,42,10.0,702.0,7020.0,2024-07-03
2024070301019863,EHPL,56,25,25.0,550.0,13750.0,2024-07-03
2024070301019862,EHPL,4,25,150.0,550.0,82500.0,2024-07-03
2024070301019861,EHPL,4,25,80.0,551.0,44080.0,2024-07-03
2024070301019860,EHPL,38,25,175.0,553.0,96775.0,2024-07-03
2024070301019859,EHPL,58,25,170.0,553.1,94027.0,2024-07-03
2024070303027571,GBLBS,33,50,40.0,783.4,31336.0,2024-07-03
2024070303027570,GBLBS,33,13,60.0,783.3,46998.0,2024-07-03
2024070303027569,GBLBS,33,11,20.0,783.0,15660.0,2024-07-03
2024070303027568,GBLBS,33,44,80.0,782.0,62560.0,2024-07-03
2024070304008291,KPCL,77,38,62.0,457.9,28389.8,2024-07-03
2024070304008290,KPCL,77,45,100.0,457.9,45790.0,2024-07-03
2024070304008289,KPCL,77,1,32.0,457.9,14652.8,2024-07-03
2024070304008288,KPCL,77,94,500.0,457.0,228500.0,2024-07-03
2024070304008287,KPCL,77,22,20.0,456.9,9138.0,2024-07-03
2024070304008286,KPCL,77,44,14.0,456.0,6384.0,2024-07-03
2024070304008285,KPCL,77,40,50.0,455.9,22795.0,2024-07-03
2024070304008284,KPCL,77,8,30.0,455.7,13671.0,2024-07-03
2024070304008283,KPCL,77,33,100.0,455.0,45500.0,2024-07-03
2024070304008282,KPCL,77,62,92.0,455.0,41860.0,2024-07-03
2024070304008281,UPCL,41,37,124.0,191.6,23758.4,2024-07-03
2024070304008280,UPCL,49,37,100.0,192.0,19200.0,2024-07-03
2024070304008279,UPCL,38,37,276.0,192.0,52992.0,2024-07-03
2024070303027567,JFL,41,44,150.0,674.9,101235.0,2024-07-03
2024070303027566,JFL,41,44,500.0,674.9,337450.0,2024-07-03
2024070303027565,JFL,41,44,300.0,674.9,202470.0,2024-07-03
2024070303027564,JFL,41,14,57.0,674.9,38469.3,2024-07-03
2024070303027563,JFL,41,43,100.0,674.2,67420.0,2024-07-03
2024070303027562,JFL,41,25,500.0,674.0,337000.0,2024-07-03
2024070303027561,JFL,41,6,115.0,674.0,77510.0,2024-07-03
2024070303027560,JFL,41,49,50.0,674.0,33700.0,2024-07-03
2024070303027559,JFL,41,49,65.0,674.0,43810.0,2024-07-03
2024070303027558,JFL,41,16,189.0,674.0,127386.0,2024-07-03
2024070303027557,JFL,41,4,100.0,673.0,67300.0,2024-07-03
2024070303027556,JFL,41,45,100.0,672.0,67200.0,2024-07-03
2024070303027555,JFL,41,58,475.0,672.0,319200.0,2024-07-03
2024070303027554,JFL,41,58,39.0,672.0,26208.0,2024-07-03
2024070303027553,JFL,41,36,200.0,670.0,134000.0,2024-07-03
2024070303027552,JFL,41,54,50.0,670.0,33500.0,2024-07-03
2024070303027551,JFL,41,85,930.0,670.0,623100.0,2024-07-03
2024070303027550,JFL,41,34,100.0,670.0,67000.0,2024-07-03
2024070303027549,JFL,41,35,1000.0,670.0,670000.0,2024-07-03
2024070303027548,JFL,41,14,200.0,670.0,134000.0,2024-07-03
2024070303027547,JFL,41,18,150.0,670.0,100500.0,2024-07-03
2024070303027546,JFL,41,35,100.0,670.0,67000.0,2024-07-03
2024070303027545,JFL,41,39,46.0,670.0,30820.0,2024-07-03
2024070303027544,JFL,41,28,100.0,670.0,67000.0,2024-07-03
2024070303027543,JFL,41,41,10.0,670.0,6700.0,2024-07-03
2024070303027542,JFL,41,19,50.0,670.0,33500.0,2024-07-03
2024070303027541,JFL,41,51,100.0,670.0,67000.0,2024-07-03
2024070303027540,JFL,41,39,50.0,670.0,33500.0,2024-07-03
2024070303027539,JFL,41,48,14.0,670.0,9380.0,2024-07-03
2024070303027538,JFL,41,4,230.0,670.0,154100.0,2024-07-03
2024070303027537,JFL,41,46,50.0,670.0,33500.0,2024-07-03
2024070303027536,JFL,41,41,20.0,670.0,13400.0,2024-07-03
2024070303027535,JFL,41,29,100.0,670.0,67000.0,2024-07-03
2024070303027534,JFL,41,80,100.0,669.0,66900.0,2024-07-03
2024070303027533,JFL,41,21,100.0,669.0,66900.0,2024-07-03
2024070303027532,JFL,41,22,230.0,669.0,153870.0,2024-07-03
2024070303027531,JFL,41,28,500.0,668.1,334050.0,2024-07-03
2024070303027530,JFL,41,19,272.0,668.0,181696.0,2024-07-03
2024070303027529,JFL,41,49,54.0,668.0,36072.0,2024-07-03
2024070303027528,JFL,41,45,250.0,668.0,167000.0,2024-07-03
2024070303027527,JFL,41,57,50.0,668.0,33400.0,2024-07-03
2024070303027526,JFL,41,26,60.0,667.0,40020.0,2024-07-03
2024070303027525,JFL,41,42,10.0,667.0,6670.0,2024-07-03
2024070303027524,JFL,41,28,500.0,667.0,333500.0,2024-07-03
2024070303027523,JFL,41,54,50.0,666.0,33300.0,2024-07-03
2024070303027522,JFL,41,45,300.0,665.0,199500.0,2024-07-03
2024070303027521,JFL,41,22,330.0,665.0,219450.0,2024-07-03
2024070303027520,JFL,41,39,32.0,665.0,21280.0,2024-07-03
2024070303027519,JFL,41,56,50.0,665.0,33250.0,2024-07-03
2024070303027518,JFL,41,77,235.0,665.0,156275.0,2024-07-03
2024070303027517,JFL,41,28,30.0,665.0,19950.0,2024-07-03
2024070303027516,JFL,41,38,40.0,665.0,26600.0,2024-07-03
2024070303027515,JFL,41,68,100.0,665.0,66500.0,2024-07-03
2024070303027514,JFL,41,57,30.0,665.0,19950.0,2024-07-03
2024070303027513,KMCDB,62,45,30.0,1070.0,32100.0,2024-07-03
2024070303027512,KMCDB,62,26,290.0,1069.8,310242.0,2024-07-03
2024070303027511,KMCDB,62,95,69.0,1069.7,73809.3,2024-07-03
2024070303027510,KMCDB,62,13,11.0,1069.0,11759.0,2024-07-03
2024070301019858,TVCL,62,86,100.0,484.0,48400.0,2024-07-03
2024070301019857,TVCL,62,74,20.0,483.0,9660.0,2024-07-03
2024070301019856,TVCL,62,19,20.0,483.0,9660.0,2024-07-03
2024070301019855,RHGCL,32,63,10.0,348.8,3488.0,2024-07-03
2024070301019854,RHGCL,32,22,160.0,348.0,55680.0,2024-07-03
2024070301019853,NRM,32,45,10.0,412.5,4125.0,2024-07-03
2024070303027509,ACLBSL,35,42,100.0,1120.0,112000.0,2024-07-03
2024070304008278,HURJA,21,62,30.0,269.0,8070.0,2024-07-03
2024070305005090,NRN,44,38,20.0,670.2,13404.0,2024-07-03
2024070301019852,GVL,66,72,100.0,590.0,59000.0,2024-07-03
2024070303027508,KRBL,17,34,200.0,484.0,96800.0,2024-07-03
2024070303027507,KRBL,52,34,50.0,484.0,24200.0,2024-07-03
2024070303027506,KRBL,49,34,525.0,484.0,254100.0,2024-07-03
2024070303027505,KRBL,71,34,200.0,485.0,97000.0,2024-07-03
2024070301019851,SONA,34,38,40.0,444.9,17796.0,2024-07-03
2024070301019850,SONA,34,49,10.0,444.0,4440.0,2024-07-03
2024070304008277,HURJA,42,62,500.0,269.0,134500.0,2024-07-03
2024070301019849,ULHC,22,29,10.0,390.0,3900.0,2024-07-03
2024070304008276,NLG,6,36,169.0,755.0,127595.0,2024-07-03
2024070303027504,GBLBS,6,44,10.0,782.0,7820.0,2024-07-03
2024070304008275,NICL,57,1,25.0,837.9,20947.5,2024-07-03
2024070304008274,NICL,57,36,95.0,837.9,79600.5,2024-07-03
2024070301019848,HATHY,5,55,50.0,925.0,46250.0,2024-07-03
2024070301019847,BEDC,34,5,15.0,430.1,6451.5,2024-07-03
2024070303027503,USLB,96,8,10.0,1768.0,17680.0,2024-07-03
2024070301019846,MKHL,39,51,500.0,484.9,242450.0,2024-07-03
2024070301019845,MKHL,39,67,500.0,484.9,242450.0,2024-07-03
2024070301019844,MKHL,39,91,300.0,484.9,145470.0,2024-07-03
2024070301019843,MKHL,39,42,20.0,484.8,9696.0,2024-07-03
2024070301019842,MKHL,39,58,10.0,484.8,4848.0,2024-07-03
2024070301019841,MKHL,39,57,40.0,484.8,19392.0,2024-07-03
2024070301019840,MKHL,39,52,45.0,484.0,21780.0,2024-07-03
2024070304008273,CHL,38,39,440.0,308.8,135872.0,2024-07-03
2024070304008272,CHL,44,39,60.0,309.0,18540.0,2024-07-03
2024070303027502,GUFL,53,36,180.0,727.0,130860.0,2024-07-03
2024070303027501,GUFL,53,1,190.0,727.0,138130.0,2024-07-03
2024070303027500,GUFL,53,71,50.0,726.0,36300.0,2024-07-03
2024070305005089,NTC,72,60,100.0,819.0,81900.0,2024-07-03
2024070304008271,PRIN,49,39,320.0,798.0,255360.0,2024-07-03
2024070303027499,RLFL,50,4,430.0,455.0,195650.0,2024-07-03
2024070303027498,RLFL,50,49,100.0,455.0,45500.0,2024-07-03
2024070303027497,RLFL,50,6,1000.0,455.0,455000.0,2024-07-03
2024070303027496,RLFL,50,14,350.0,455.0,159250.0,2024-07-03
2024070303027495,RLFL,50,43,30.0,455.0,13650.0,2024-07-03
2024070303027494,RLFL,50,21,100.0,455.0,45500.0,2024-07-03
2024070303027493,RLFL,50,44,100.0,455.0,45500.0,2024-07-03
2024070303027492,RLFL,50,19,250.0,455.0,113750.0,2024-07-03
2024070303027491,RLFL,50,38,640.0,455.0,291200.0,2024-07-03
2024070303027490,NFS,41,58,10.0,895.0,8950.0,2024-07-03
2024070303027489,NFS,41,39,10.0,895.0,8950.0,2024-07-03
2024070303027488,NFS,41,7,45.0,895.0,40275.0,2024-07-03
2024070303027487,NFS,41,32,217.0,894.0,193998.0,2024-07-03
2024070303027486,NFS,41,38,30.0,894.0,26820.0,2024-07-03
2024070303027485,NFS,41,42,980.0,894.0,876120.0,2024-07-03
2024070303027484,NFS,41,42,103.0,893.0,91979.0,2024-07-03
2024070301019839,MKHC,35,5,10.0,337.0,3370.0,2024-07-03
2024070304008270,NHPC,21,49,25.0,143.0,3575.0,2024-07-03
2024070301019838,MANDU,65,1,50.0,1073.0,53650.0,2024-07-03
2024070305005088,NTC,51,1,100.0,818.8,81880.0,2024-07-03
2024070301019837,BGWT,65,32,10.0,915.0,9150.0,2024-07-03
2024070304008269,GHL,29,41,944.0,150.5,142072.0,2024-07-03
2024070304008268,GHL,29,43,100.0,150.4,15040.0,2024-07-03
2024070304008267,GHL,29,38,1190.0,150.4,178976.0,2024-07-03
2024070301019836,NRM,57,59,86.0,412.0,35432.0,2024-07-03
2024070304008266,MHNL,22,46,10.0,241.2,2412.0,2024-07-03
2024070304008265,SGIC,14,20,10.0,549.0,5490.0,2024-07-03
2024070301019835,NICA,55,28,100.0,418.9,41890.0,2024-07-03
2024070303027483,JBBL,25,53,150.0,300.0,45000.0,2024-07-03
2024070301019834,RHGCL,26,39,250.0,343.0,85750.0,2024-07-03
2024070301019833,RHGCL,34,39,50.0,343.0,17150.0,2024-07-03
2024070303027482,JFL,41,41,185.0,662.0,122470.0,2024-07-03
2024070303027481,JFL,38,41,100.0,662.1,66210.0,2024-07-03
2024070303027480,JFL,53,41,100.0,662.1,66210.0,2024-07-03
2024070303027479,JFL,45,41,100.0,662.5,66250.0,2024-07-03
2024070303027478,JFL,38,41,15.0,663.0,9945.0,2024-07-03
2024070304008264,SSHL,42,37,982.0,169.5,166449.0,2024-07-03
2024070301019832,MMKJL,58,33,265.0,504.0,133560.0,2024-07-03
2024070301019831,MMKJL,58,58,10.0,504.0,5040.0,2024-07-03
2024070301019830,MMKJL,58,34,10.0,504.0,5040.0,2024-07-03
2024070301019829,MMKJL,58,57,10.0,504.0,5040.0,2024-07-03
2024070301019828,MMKJL,58,57,50.0,504.0,25200.0,2024-07-03
2024070301019827,MMKJL,58,58,10.0,503.0,5030.0,2024-07-03
2024070301019826,MMKJL,58,21,10.0,502.1,5021.0,2024-07-03
2024070301019825,MMKJL,58,49,10.0,502.1,5021.0,2024-07-03
2024070301019824,MMKJL,58,58,10.0,502.0,5020.0,2024-07-03
2024070301019823,MMKJL,58,50,10.0,502.0,5020.0,2024-07-03
2024070301019822,MMKJL,58,57,300.0,500.0,150000.0,2024-07-03
2024070301019821,MMKJL,58,57,200.0,500.0,100000.0,2024-07-03
2024070301019820,MMKJL,58,38,50.0,500.0,25000.0,2024-07-03
2024070301019819,MMKJL,58,21,10.0,500.0,5000.0,2024-07-03
2024070301019818,MMKJL,58,45,500.0,500.0,250000.0,2024-07-03
2024070301019817,MMKJL,58,35,10.0,500.0,5000.0,2024-07-03
2024070301019816,MMKJL,58,42,10.0,500.0,5000.0,2024-07-03
2024070301019815,MMKJL,58,52,10.0,500.0,5000.0,2024-07-03
2024070301019814,MMKJL,58,64,500.0,500.0,250000.0,2024-07-03
2024070301019813,MMKJL,58,64,457.0,500.0,228500.0,2024-07-03
2024070301019812,MMKJL,58,5,558.0,499.9,278944.2,2024-07-03
2024070304008263,SALICO,41,38,359.0,688.5,247171.5,2024-07-03
2024070305005087,ENL,81,47,10.0,1126.1,11261.0,2024-07-03
2024070301019811,KSY,58,3,100.0,8.2,820.0,2024-07-03
2024070304008262,HPPL,37,91,100.0,285.2,28520.0,2024-07-03
2024070301019810,ULHC,38,71,119.0,389.9,46398.1,2024-07-03
2024070301019809,IHL,48,4,10.0,440.0,4400.0,2024-07-03
2024070301019808,IHL,48,32,10.0,440.0,4400.0,2024-07-03
2024070301019807,IHL,48,35,10.0,440.0,4400.0,2024-07-03
2024070301019806,IHL,48,45,500.0,440.0,220000.0,2024-07-03
2024070301019805,IHL,48,34,10.0,440.0,4400.0,2024-07-03
2024070301019804,IHL,48,26,400.0,440.0,176000.0,2024-07-03
2024070301019803,IHL,48,32,10.0,440.0,4400.0,2024-07-03
2024070301019802,IHL,48,29,430.0,440.0,189200.0,2024-07-03
2024070301019801,IHL,48,7,10.0,440.0,4400.0,2024-07-03
2024070301019800,IHL,48,22,10.0,440.0,4400.0,2024-07-03
2024070301019799,IHL,48,34,10.0,440.0,4400.0,2024-07-03
2024070301019798,IHL,48,32,10.0,440.0,4400.0,2024-07-03
2024070301019797,IHL,48,49,141.0,440.0,62040.0,2024-07-03
2024070301019796,IHL,48,38,505.0,439.9,222149.5,2024-07-03
2024070301019795,IHL,48,51,300.0,439.8,131940.0,2024-07-03
2024070301019794,IHL,48,26,470.0,439.5,206565.0,2024-07-03
2024070301019793,IHL,48,58,480.0,439.4,210912.0,2024-07-03
2024070301019792,SMJC,48,43,10.0,404.8,4048.0,2024-07-03
2024070303027477,GFCL,41,10,80.0,684.9,54792.0,2024-07-03
2024070301019791,BHDC,1,38,10.0,578.0,5780.0,2024-07-03
2024070301019790,UNLB,88,35,10.0,2040.0,20400.0,2024-07-03
2024070304008261,JOSHI,29,48,20.0,288.0,5760.0,2024-07-03
2024070303027476,PROFL,42,34,23.0,437.0,10051.0,2024-07-03
2024070303027475,PROFL,42,42,25.0,437.0,10925.0,2024-07-03
2024070304008260,AKPL,22,8,10.0,164.0,1640.0,2024-07-03
2024070301019789,MEHL,61,48,83.0,345.0,28635.0,2024-07-03
2024070303027474,MNBBL,6,16,22.0,353.5,7777.0,2024-07-03
2024070303027473,MNBBL,6,34,10.0,353.3,3533.0,2024-07-03
2024070303027472,MNBBL,6,51,18.0,353.3,6359.4,2024-07-03
2024070303027471,PROFL,6,42,30.0,437.0,13110.0,2024-07-03
2024070301019788,CITY,58,77,60.0,700.0,42000.0,2024-07-03
2024070301019787,CITY,57,77,30.0,700.0,21000.0,2024-07-03
2024070301019786,CITY,48,77,30.0,700.0,21000.0,2024-07-03
2024070301019785,CITY,35,77,280.0,700.0,196000.0,2024-07-03
2024070301019784,CITY,38,77,100.0,700.1,70010.0,2024-07-03
2024070305005086,CIT,33,22,20.0,2136.0,42720.0,2024-07-03
2024070303027470,MDB,43,51,10.0,546.0,5460.0,2024-07-03
2024070304008259,LEC,37,71,10.0,180.8,1808.0,2024-07-03
2024070301019783,NRM,57,41,10.0,412.0,4120.0,2024-07-03
2024070301019782,SMJC,35,58,520.0,401.0,208520.0,2024-07-03
2024070301019781,SMJC,47,58,300.0,401.1,120330.0,2024-07-03
2024070304008258,HURJA,42,58,295.0,268.0,79060.0,2024-07-03
2024070304008257,HURJA,11,58,200.0,268.0,53600.0,2024-07-03
2024070304008256,HURJA,13,58,105.0,268.0,28140.0,2024-07-03
2024070304008255,SSHL,32,35,500.0,170.0,85000.0,2024-07-03
2024070303027469,MLBL,49,43,587.0,335.0,196645.0,2024-07-03
2024070303027468,GFCL,41,38,500.0,684.9,342450.0,2024-07-03
2024070301019780,GVL,66,19,73.0,592.0,43216.0,2024-07-03
2024070301019779,GVL,66,29,40.0,592.0,23680.0,2024-07-03
2024070301019778,GVL,66,58,293.0,591.0,173163.0,2024-07-03
2024070301019777,GVL,66,77,500.0,591.0,295500.0,2024-07-03
2024070301019776,GVL,66,34,500.0,590.0,295000.0,2024-07-03
2024070301019775,GVL,66,66,10.0,590.0,5900.0,2024-07-03
2024070301019774,GVL,66,42,500.0,590.0,295000.0,2024-07-03
2024070301019773,GVL,66,66,75.0,590.0,44250.0,2024-07-03
2024070305005085,NRN,44,1,300.0,670.2,201060.0,2024-07-03
2024070304008254,UMRH,36,39,10.0,435.0,4350.0,2024-07-03
2024070301019772,KDL,28,42,10.0,1171.1,11711.0,2024-07-03
2024070301019771,MKHL,42,52,10.0,484.0,4840.0,2024-07-03
2024070303027467,NABBC,22,8,50.0,580.0,29000.0,2024-07-03
2024070303027466,RLFL,33,22,15.0,454.1,6811.5,2024-07-03
2024070304008253,RURU,18,7,100.0,630.0,63000.0,2024-07-03
2024070301019770,AHL,18,47,203.0,514.5,104443.5,2024-07-03
2024070303027465,MLBL,49,45,61.0,335.0,20435.0,2024-07-03
2024070301019769,BEDC,54,85,100.0,430.0,43000.0,2024-07-03
2024070304008252,HURJA,13,89,95.0,268.0,25460.0,2024-07-03
2024070304008251,HURJA,35,89,30.0,268.0,8040.0,2024-07-03
2024070304008250,HURJA,45,89,200.0,268.0,53600.0,2024-07-03
2024070304008249,HURJA,48,89,300.0,269.0,80700.0,2024-07-03
2024070304008248,HURJA,38,89,200.0,269.0,53800.0,2024-07-03
2024070304008247,HURJA,26,89,165.0,269.0,44385.0,2024-07-03
2024070301019768,MKCL,96,34,83.0,1355.0,112465.0,2024-07-03
2024070301019767,MKCL,96,32,30.0,1354.9,40647.0,2024-07-03
2024070301019766,MKCL,96,88,170.0,1350.0,229500.0,2024-07-03
2024070301019765,MKCL,96,40,17.0,1349.9,22948.3,2024-07-03
2024070304008246,PRIN,49,39,80.0,798.0,63840.0,2024-07-03
2024070304008245,PRIN,49,39,100.0,798.1,79810.0,2024-07-03
2024070304008244,SICL,51,11,34.0,690.0,23460.0,2024-07-03
2024070304008243,AHPC,58,18,27.0,154.0,4158.0,2024-07-03
2024070304008242,AHPC,58,45,120.0,153.9,18468.0,2024-07-03
2024070304008241,HPPL,37,42,120.0,285.2,34224.0,2024-07-03
2024070304008240,HPPL,59,42,50.0,286.0,14300.0,2024-07-03
2024070304008239,HPPL,43,42,100.0,286.0,28600.0,2024-07-03
2024070304008238,HPPL,34,42,230.0,286.0,65780.0,2024-07-03
2024070301019764,RAWA,22,18,10.0,565.0,5650.0,2024-07-03
2024070301019763,RAWA,39,18,100.0,565.1,56510.0,2024-07-03
2024070301019762,RAWA,87,18,10.0,565.1,5651.0,2024-07-03
2024070301019761,RAWA,87,18,10.0,565.2,5652.0,2024-07-03
2024070301019760,RAWA,87,18,10.0,565.2,5652.0,2024-07-03
2024070301019759,RAWA,87,18,10.0,565.3,5653.0,2024-07-03
2024070301019758,RAWA,87,18,10.0,565.3,5653.0,2024-07-03
2024070301019757,RAWA,87,18,10.0,565.4,5654.0,2024-07-03
2024070301019756,RAWA,87,18,10.0,565.4,5654.0,2024-07-03
2024070301019755,RAWA,54,18,20.0,565.5,11310.0,2024-07-03
2024070301019754,NMB,38,57,150.0,196.2,29430.0,2024-07-03
2024070301019753,GVL,80,66,425.0,590.0,250750.0,2024-07-03
2024070301019752,GVL,80,26,10.0,590.0,5900.0,2024-07-03
2024070301019751,GVL,80,42,10.0,590.0,5900.0,2024-07-03
2024070301019750,GVL,80,42,10.0,590.0,5900.0,2024-07-03
2024070301019749,GVL,80,19,10.0,590.0,5900.0,2024-07-03
2024070301019748,GVL,80,13,10.0,590.0,5900.0,2024-07-03
2024070301019747,GVL,80,58,10.0,589.0,5890.0,2024-07-03
2024070301019746,GVL,80,63,15.0,589.0,8835.0,2024-07-03
2024070301019745,SGHC,57,7,45.0,336.0,15120.0,2024-07-03
2024070301019744,SGHC,22,7,50.0,336.1,16805.0,2024-07-03
2024070301019743,SGHC,22,7,50.0,336.1,16805.0,2024-07-03
2024070301019742,SGHC,57,7,100.0,338.0,33800.0,2024-07-03
2024070301019741,SGHC,57,7,100.0,339.0,33900.0,2024-07-03
2024070301019740,SGHC,47,7,15.0,339.1,5086.5,2024-07-03
2024070301019739,TVCL,62,65,90.0,482.0,43380.0,2024-07-03
2024070303027464,PFL,49,38,10.0,614.5,6145.0,2024-07-03
2024070303027463,PFL,25,38,10.0,614.5,6145.0,2024-07-03
2024070301019738,MKJC,34,6,10.0,633.0,6330.0,2024-07-03
2024070304008237,SICL,34,11,10.0,690.0,6900.0,2024-07-03
2024070304008236,SICL,35,11,28.0,690.0,19320.0,2024-07-03
2024070304008235,SICL,60,11,16.0,690.0,11040.0,2024-07-03
2024070304008234,JOSHI,35,87,140.0,286.8,40152.0,2024-07-03
2024070304008233,JOSHI,38,87,10.0,286.9,2869.0,2024-07-03
2024070305005084,CIT,45,22,55.0,2136.0,117480.0,2024-07-03
2024070305005083,CIT,22,22,10.0,2136.0,21360.0,2024-07-03
2024070301019737,TPC,45,8,10.0,522.0,5220.0,2024-07-03
2024070301019736,CYCL,55,33,10.0,1481.9,14819.0,2024-07-03
2024070303027462,NFS,41,39,300.0,884.0,265200.0,2024-07-03
2024070303027461,FMDBL,26,39,50.0,663.0,33150.0,2024-07-03
2024070304008232,HPPL,34,72,20.0,286.0,5720.0,2024-07-03
2024070304008231,HPPL,38,72,200.0,286.0,57200.0,2024-07-03
2024070304008230,HPPL,40,72,100.0,286.1,28610.0,2024-07-03
2024070304008229,HPPL,40,72,100.0,286.5,28650.0,2024-07-03
2024070304008228,HPPL,57,72,30.0,286.6,8598.0,2024-07-03
2024070304008227,HPPL,11,72,10.0,286.7,2867.0,2024-07-03
2024070304008226,HPPL,58,72,200.0,287.0,57400.0,2024-07-03
2024070304008225,HPPL,58,72,140.0,287.0,40180.0,2024-07-03
2024070301019735,MKCL,39,88,50.0,1350.0,67500.0,2024-07-03
2024070301019734,SONA,6,49,10.0,442.2,4422.0,2024-07-03
2024070301019733,USHL,50,10,10.0,544.9,5449.0,2024-07-03
2024070301019732,USHL,50,5,20.0,544.0,10880.0,2024-07-03
2024070304008224,AHPC,26,45,10.0,153.9,1539.0,2024-07-03
2024070303027460,KMCDB,34,13,20.0,1069.0,21380.0,2024-07-03
2024070303027459,JFL,38,51,100.0,663.0,66300.0,2024-07-03
2024070303027458,JFL,34,51,50.0,663.7,33185.0,2024-07-03
2024070303027457,SMB,49,38,120.0,1631.0,195720.0,2024-07-03
2024070303027456,GUFL,38,71,30.0,726.0,21780.0,2024-07-03
2024070303027455,ACLBSL,63,38,50.0,1119.0,55950.0,2024-07-03
2024070301019731,PCBL,34,5,500.0,200.0,100000.0,2024-07-03
2024070303027454,JBBL,34,53,100.0,300.0,30000.0,2024-07-03
2024070303027453,JBBL,34,49,100.0,300.0,30000.0,2024-07-03
2024070303027452,GBLBS,14,36,35.0,773.8,27083.0,2024-07-03
2024070301019730,SHLB,42,4,100.0,1748.5,174850.0,2024-07-03
2024070304008223,NGPL,22,41,10.0,307.1,3071.0,2024-07-03
2024070301019729,NRM,57,45,90.0,412.0,37080.0,2024-07-03
2024070301019728,NABIL,16,45,20.0,483.8,9676.0,2024-07-03
2024070303027451,NFS,41,20,50.0,884.0,44200.0,2024-07-03
2024070303027450,SADBL,44,47,103.0,328.4,33825.2,2024-07-03
2024070305005082,NRN,45,7,300.0,673.0,201900.0,2024-07-03
2024070301019727,ULHC,46,57,20.0,389.0,7780.0,2024-07-03
2024070305005081,NRN,77,7,262.0,673.0,176326.0,2024-07-03
2024070305005080,NRN,77,57,90.0,672.9,60561.0,2024-07-03
2024070305005079,NRN,77,58,150.0,672.8,100920.0,2024-07-03
2024070305005078,NRN,77,58,40.0,672.7,26908.0,2024-07-03
2024070305005077,NRN,77,34,300.0,672.0,201600.0,2024-07-03
2024070305005076,NRN,77,36,250.0,672.0,168000.0,2024-07-03
2024070305005075,NRN,77,25,100.0,671.0,67100.0,2024-07-03
2024070305005074,NRN,77,36,250.0,671.0,167750.0,2024-07-03
2024070305005073,NRN,77,22,58.0,671.0,38918.0,2024-07-03
2024070303027449,SWMF,34,49,10.0,875.0,8750.0,2024-07-03
2024070303027448,NICLBSL,49,46,120.0,638.9,76668.0,2024-07-03
2024070303027447,ICFC,95,49,20.0,622.6,12452.0,2024-07-03
2024070304008222,UNHPL,49,46,104.0,241.9,25157.6,2024-07-03
2024070304008221,UNHPL,49,50,500.0,241.8,120900.0,2024-07-03
2024070304008220,UNHPL,49,57,50.0,241.0,12050.0,2024-07-03
2024070304008219,UNHPL,49,46,446.0,241.0,107486.0,2024-07-03
2024070301019726,SIKLES,41,14,100.0,724.0,72400.0,2024-07-03
2024070301019725,SIKLES,41,45,100.0,724.0,72400.0,2024-07-03
2024070301019724,NABIL,32,34,187.0,484.0,90508.0,2024-07-03
2024070301019723,NABIL,32,58,150.0,484.0,72600.0,2024-07-03
2024070301019722,NABIL,32,16,105.0,484.0,50820.0,2024-07-03
2024070301019721,NABIL,32,16,100.0,483.9,48390.0,2024-07-03
2024070301019720,NABIL,32,49,20.0,483.9,9678.0,2024-07-03
2024070301019719,NABIL,32,40,108.0,483.9,52261.2,2024-07-03
2024070301019718,NICA,16,28,509.0,418.9,213220.1,2024-07-03
2024070303027446,MNBBL,58,16,250.0,353.0,88250.0,2024-07-03
2024070303027445,PROFL,58,38,250.0,436.6,109150.0,2024-07-03
2024070301019717,GVL,34,63,10.0,589.0,5890.0,2024-07-03
2024070301019716,NRM,57,44,10.0,412.0,4120.0,2024-07-03
2024070301019715,NRM,57,57,10.0,412.0,4120.0,2024-07-03
2024070301019714,NRM,57,45,10.0,412.0,4120.0,2024-07-03
2024070301019713,NRM,57,50,420.0,412.0,173040.0,2024-07-03
2024070304008218,KPCL,57,62,208.0,455.0,94640.0,2024-07-03
2024070304008217,KPCL,57,22,130.0,454.9,59137.0,2024-07-03
2024070304008216,KPCL,57,38,58.0,454.8,26378.4,2024-07-03
2024070304008215,KPCL,57,50,14.0,454.7,6365.8,2024-07-03
2024070301019712,NWCL,72,58,10.0,897.0,8970.0,2024-07-03
2024070301019711,GCIL,28,49,11.0,474.0,5214.0,2024-07-03
2024070303027444,GMFIL,64,70,10.0,481.0,4810.0,2024-07-03
2024070304008214,JOSHI,38,81,40.0,286.9,11476.0,2024-07-03
2024070304008213,JOSHI,42,81,10.0,286.9,2869.0,2024-07-03
2024070304008212,JOSHI,42,81,145.0,287.0,41615.0,2024-07-03
2024070304008211,JOSHI,38,81,105.0,287.0,30135.0,2024-07-03
2024070304008210,UPPER,26,35,10.0,157.9,1579.0,2024-07-03
2024070304008209,NGPL,28,41,250.0,307.0,76750.0,2024-07-03
2024070304008208,GHL,53,38,10.0,150.4,1504.0,2024-07-03
2024070305005072,ENL,58,16,15.0,1139.0,17085.0,2024-07-03
2024070301019710,PHCL,44,38,115.0,307.5,35362.5,2024-07-03
2024070301019709,ANLB,38,45,11.0,2375.0,26125.0,2024-07-03
2024070301019708,HHL,34,58,20.0,365.0,7300.0,2024-07-03
2024070303027443,GMFIL,25,70,300.0,481.6,144480.0,2024-07-03
2024070301019707,KDL,55,57,370.0,1180.0,436600.0,2024-07-03
2024070301019706,KDL,55,57,70.0,1179.9,82593.0,2024-07-03
2024070301019705,KDL,55,55,60.0,1178.0,70680.0,2024-07-03
2024070303027442,JBBL,47,55,50.0,299.7,14985.0,2024-07-03
2024070301019704,MANDU,65,3,1800.0,1073.0,1931400.0,2024-07-03
2024070301019703,MANDU,19,3,100.0,1073.2,107320.0,2024-07-03
2024070303027441,ALICL,44,40,100.0,574.0,57400.0,2024-07-03
2024070303027440,BFC,62,57,10.0,515.0,5150.0,2024-07-03
2024070301019702,HATHY,48,56,100.0,920.7,92070.0,2024-07-03
2024070301019701,HATHY,49,56,100.0,920.7,92070.0,2024-07-03
2024070301019700,GVL,80,63,90.0,589.0,53010.0,2024-07-03
2024070301019699,GVL,80,49,410.0,588.9,241449.0,2024-07-03
2024070303027439,NICLBSL,46,49,10.0,637.0,6370.0,2024-07-03
2024070301019698,SGHC,8,34,10.0,341.9,3419.0,2024-07-03
2024070304008207,HURJA,26,6,135.0,269.0,36315.0,2024-07-03
2024070305005071,CIT,41,42,20.0,2136.9,42738.0,2024-07-03
2024070303027438,RLFL,33,17,200.0,454.1,90820.0,2024-07-03
2024070304008206,SPDL,17,48,12.0,241.0,2892.0,2024-07-03
2024070301019697,SPL,8,51,100.0,748.0,74800.0,2024-07-03
2024070301019696,SPL,52,51,100.0,748.0,74800.0,2024-07-03
2024070301019695,SPL,57,51,10.0,749.1,7491.0,2024-07-03
2024070303027437,GBBL,51,45,41.0,368.0,15088.0,2024-07-03
2024070303027436,NFS,41,32,500.0,884.0,442000.0,2024-07-03
2024070303027435,MNBBL,58,32,25.0,353.0,8825.0,2024-07-03
2024070303027434,ACLBSL,35,35,10.0,1120.0,11200.0,2024-07-03
2024070303027433,ACLBSL,35,42,20.0,1120.0,22400.0,2024-07-03
2024070303027432,ACLBSL,35,58,50.0,1120.0,56000.0,2024-07-03
2024070303027431,ACLBSL,35,54,10.0,1120.0,11200.0,2024-07-03
2024070303027430,ACLBSL,35,58,100.0,1119.9,111990.0,2024-07-03
2024070303027429,ACLBSL,35,57,50.0,1119.0,55950.0,2024-07-03
2024070303027428,ACLBSL,35,19,10.0,1119.0,11190.0,2024-07-03
2024070303027427,ACLBSL,35,33,143.0,1119.0,160017.0,2024-07-03
2024070301019694,GVL,66,49,100.0,588.9,58890.0,2024-07-03
2024070301019693,SANIMA,38,20,75.0,260.0,19500.0,2024-07-03
2024070303027426,GFCL,41,60,1000.0,684.9,684900.0,2024-07-03
2024070304008205,AKPL,25,42,151.0,163.1,24628.1,2024-07-03
2024070303027425,PMLI,34,42,183.0,500.0,91500.0,2024-07-03
2024070304008204,NGPL,42,41,10.0,307.1,3071.0,2024-07-03
2024070303027424,GFCL,58,71,25.0,685.0,17125.0,2024-07-03
2024070305005070,CIT,58,39,50.0,2137.0,106850.0,2024-07-03
2024070305005069,CIT,58,22,50.0,2136.9,106845.0,2024-07-03
2024070303027423,CFCL,45,6,100.0,526.9,52690.0,2024-07-03
2024070305005068,STC,33,33,500.0,4900.0,2450000.0,2024-07-03
2024070305005067,STC,5,33,10.0,4900.0,49000.0,2024-07-03
2024070305005066,STC,13,33,50.0,4900.0,245000.0,2024-07-03
2024070305005065,STC,44,33,50.0,4900.5,245025.0,2024-07-03
2024070305005064,STC,45,33,10.0,4901.0,49010.0,2024-07-03
2024070305005063,STC,91,33,10.0,4901.1,49011.0,2024-07-03
2024070305005062,STC,45,33,12.0,4902.0,58824.0,2024-07-03
2024070301019692,NBL,16,56,40.0,214.1,8564.0,2024-07-03
2024070301019691,NBL,10,56,10.0,214.2,2142.0,2024-07-03
2024070301019690,NBL,39,56,150.0,214.3,32145.0,2024-07-03
2024070301019689,NBL,35,56,10.0,214.5,2145.0,2024-07-03
2024070301019688,NBL,16,56,34.0,214.5,7293.0,2024-07-03
2024070301019687,NBL,58,56,10.0,215.0,2150.0,2024-07-03
2024070301019686,NBL,38,56,45.0,215.0,9675.0,2024-07-03
2024070304008203,HURJA,49,6,200.0,269.0,53800.0,2024-07-03
2024070301019685,MKCL,28,88,50.0,1350.0,67500.0,2024-07-03
2024070303027422,GILB,8,22,30.0,1379.0,41370.0,2024-07-03
2024070303027421,FMDBL,26,13,50.0,663.0,33150.0,2024-07-03
2024070303027420,JBBL,47,41,50.0,299.7,14985.0,2024-07-03
2024070304008202,NGPL,28,13,20.0,307.0,6140.0,2024-07-03
2024070301019684,MMKJL,58,5,442.0,499.9,220955.8,2024-07-03
2024070301019683,MMKJL,58,63,500.0,499.9,249950.0,2024-07-03
2024070301019682,MMKJL,58,59,300.0,499.8,149940.0,2024-07-03
2024070301019681,MMKJL,58,58,10.0,499.8,4998.0,2024-07-03
2024070301019680,MMKJL,58,58,500.0,499.0,249500.0,2024-07-03
2024070301019679,MMKJL,58,57,10.0,499.0,4990.0,2024-07-03
2024070301019678,MMKJL,58,7,250.0,498.9,124725.0,2024-07-03
2024070301019677,MMKJL,58,58,200.0,498.0,99600.0,2024-07-03
2024070301019676,MMKJL,58,44,10.0,498.0,4980.0,2024-07-03
2024070301019675,MMKJL,58,59,200.0,497.9,99580.0,2024-07-03
2024070301019674,MMKJL,58,39,170.0,497.8,84626.0,2024-07-03
2024070301019673,MMKJL,58,51,160.0,497.0,79520.0,2024-07-03
2024070301019672,MMKJL,58,21,10.0,497.0,4970.0,2024-07-03
2024070301019671,MMKJL,58,1,10.0,497.0,4970.0,2024-07-03
2024070301019670,MMKJL,58,72,228.0,495.2,112905.6,2024-07-03
2024070301019669,SCB,16,49,23.0,577.0,13271.0,2024-07-03
2024070304008201,CHL,16,58,1000.0,310.0,310000.0,2024-07-03
2024070301019668,MKHC,94,5,20.0,337.0,6740.0,2024-07-03
2024070301019667,AHL,48,47,120.0,514.5,61740.0,2024-07-03
2024070303027419,SIFC,60,57,300.0,488.5,146550.0,2024-07-03
2024070303027418,SDLBSL,21,4,150.0,1070.0,160500.0,2024-07-03
2024070303027417,SDLBSL,38,4,10.0,1070.0,10700.0,2024-07-03
2024070303027416,SDLBSL,62,4,40.0,1070.0,42800.0,2024-07-03
2024070303027415,SDLBSL,13,4,10.0,1072.2,10722.0,2024-07-03
2024070303027414,SDLBSL,95,4,640.0,1072.4,686336.0,2024-07-03
2024070303027413,SDLBSL,33,4,100.0,1072.6,107260.0,2024-07-03
2024070303027412,SDLBSL,88,4,100.0,1073.4,107340.0,2024-07-03
2024070303027411,SDLBSL,86,4,473.0,1076.0,508948.0,2024-07-03
2024070304008200,GLH,5,59,100.0,208.0,20800.0,2024-07-03
2024070304008199,GLH,43,59,100.0,208.1,20810.0,2024-07-03
2024070304008198,GLH,7,59,200.0,208.4,41680.0,2024-07-03
2024070304008197,GLH,55,59,250.0,208.4,52100.0,2024-07-03
2024070304008196,GLH,39,59,100.0,208.6,20860.0,2024-07-03
2024070304008195,GLH,50,59,50.0,208.7,10435.0,2024-07-03
2024070304008194,GLH,39,59,100.0,208.8,20880.0,2024-07-03
2024070304008193,GLH,32,59,100.0,208.9,20890.0,2024-07-03
2024070301019666,MBL,34,45,100.0,176.0,17600.0,2024-07-03
2024070304008192,HURJA,45,6,500.0,269.0,134500.0,2024-07-03
2024070305005061,HRL,70,50,72.0,543.9,39160.8,2024-07-03
2024070301019665,SBI,14,6,900.0,299.0,269100.0,2024-07-03
2024070301019664,NICGF2,46,6,500.0,8.48,4240.0,2024-07-03
2024070301019663,NICGF2,35,6,100.0,8.48,848.0,2024-07-03
2024070303027410,USLB,96,8,10.0,1768.0,17680.0,2024-07-03
2024070304008191,BARUN,50,29,267.0,300.0,80100.0,2024-07-03
2024070304008190,BARUN,50,6,33.0,300.0,9900.0,2024-07-03
2024070301019662,CKHL,66,7,100.0,586.1,58610.0,2024-07-03
2024070301019661,NIMB,26,53,50.0,159.4,7970.0,2024-07-03
2024070301019660,RHGCL,32,63,200.0,347.9,69580.0,2024-07-03
2024070301019659,RHGCL,32,29,30.0,347.8,10434.0,2024-07-03
2024070301019658,RHGCL,32,57,10.0,347.0,3470.0,2024-07-03
2024070301019657,RHGCL,32,21,10.0,345.0,3450.0,2024-07-03
2024070301019656,RHGCL,32,21,745.0,345.0,257025.0,2024-07-03
2024070305005060,CHDC,32,69,10.0,1005.0,10050.0,2024-07-03
2024070303027409,RLFL,33,16,96.0,454.1,43593.6,2024-07-03
2024070301019655,MEL,58,11,10.0,224.0,2240.0,2024-07-03
2024070305005059,HRL,58,50,200.0,543.9,108780.0,2024-07-03
2024070301019654,HDL,56,16,100.0,1238.0,123800.0,2024-07-03
2024070301019653,ULHC,26,38,10.0,388.0,3880.0,2024-07-03
2024070301019652,ULHC,44,38,300.0,388.0,116400.0,2024-07-03
2024070301019651,ULHC,35,38,690.0,388.1,267789.0,2024-07-03
2024070301019650,PPL,38,63,372.0,456.0,169632.0,2024-07-03
2024070301019649,MHCL,22,1,10.0,398.0,3980.0,2024-07-03
2024070304008189,PMHPL,32,1,90.0,226.3,20367.0,2024-07-03
2024070304008188,PMHPL,50,1,10.0,226.4,2264.0,2024-07-03
2024070304008187,AKJCL,39,36,450.0,206.6,92970.0,2024-07-03
2024070303027408,SHINE,34,19,60.0,390.5,23430.0,2024-07-03
2024070303027407,SHINE,34,34,340.0,390.5,132770.0,2024-07-03
2024070303027406,SHINE,34,58,500.0,390.5,195250.0,2024-07-03
2024070303027405,SHINE,34,14,100.0,390.4,39040.0,2024-07-03
2024070305005058,NRIC,34,26,30.0,641.0,19230.0,2024-07-03
2024070304008186,HURJA,57,6,20.0,269.0,5380.0,2024-07-03
2024070304008185,HURJA,64,6,80.0,269.0,21520.0,2024-07-03
2024070303027404,USLB,59,8,119.0,1768.0,210392.0,2024-07-03
2024070303027403,CORBL,7,6,10.0,588.0,5880.0,2024-07-03
2024070303027402,BFC,62,7,27.0,515.0,13905.0,2024-07-03
2024070305005057,HRL,1,41,26.0,543.0,14118.0,2024-07-03
2024070305005056,HRL,26,41,24.0,543.0,13032.0,2024-07-03
2024070303027401,GFCL,41,32,100.0,684.9,68490.0,2024-07-03
2024070301019648,SBL,50,56,11.0,253.0,2783.0,2024-07-03
2024070303027400,MPFL,58,3,263.0,538.0,141494.0,2024-07-03
2024070303027399,MPFL,58,6,89.0,537.0,47793.0,2024-07-03
2024070301019647,CKHL,49,58,100.0,588.0,58800.0,2024-07-03
2024070301019646,CKHL,58,58,100.0,588.0,58800.0,2024-07-03
2024070301019645,CKHL,72,58,30.0,588.0,17640.0,2024-07-03
2024070301019644,CKHL,34,58,50.0,588.0,29400.0,2024-07-03
2024070301019643,ULHC,58,57,30.0,389.0,11670.0,2024-07-03
2024070304008184,NIL,48,39,10.0,804.0,8040.0,2024-07-03
2024070303027398,NICLBSL,46,58,10.0,637.0,6370.0,2024-07-03
2024070301019642,AVYAN,88,41,10.0,948.0,9480.0,2024-07-03
2024070304008183,AHPC,4,63,462.0,152.7,70547.4,2024-07-03
2024070304008182,AHPC,51,63,200.0,152.7,30540.0,2024-07-03
2024070304008181,AHPC,16,63,1000.0,152.8,152800.0,2024-07-03
2024070304008180,AHPC,21,63,100.0,153.0,15300.0,2024-07-03
2024070304008179,AHPC,7,63,400.0,153.0,61200.0,2024-07-03
2024070304008178,AHPC,49,63,500.0,153.0,76500.0,2024-07-03
2024070304008177,AHPC,39,63,200.0,153.0,30600.0,2024-07-03
2024070304008176,AHPC,57,63,100.0,153.0,15300.0,2024-07-03
2024070304008175,AHPC,16,63,38.0,153.0,5814.0,2024-07-03
2024070301019641,PPL,58,63,45.0,456.0,20520.0,2024-07-03
2024070301019640,PPL,16,63,200.0,456.0,91200.0,2024-07-03
2024070301019639,PPL,50,63,153.0,456.0,69768.0,2024-07-03
2024070301019638,GVL,80,1,10.0,583.5,5835.0,2024-07-03
2024070305005055,HRL,4,50,106.0,543.9,57653.4,2024-07-03
2024070305005054,HRL,4,43,20.0,543.5,10870.0,2024-07-03
2024070305005053,HRL,4,45,74.0,543.5,40219.0,2024-07-03
2024070301019637,HDL,22,38,34.0,1240.0,42160.0,2024-07-03
2024070301019636,HDL,22,21,10.0,1240.0,12400.0,2024-07-03
2024070301019635,HDL,22,34,56.0,1240.0,69440.0,2024-07-03
2024070301019634,NRM,42,50,10.0,412.0,4120.0,2024-07-03
2024070301019633,MCHL,14,38,420.0,429.0,180180.0,2024-07-03
2024070301019632,MCHL,14,62,50.0,429.0,21450.0,2024-07-03
2024070301019631,MCHL,14,42,10.0,428.0,4280.0,2024-07-03
2024070301019630,MCHL,14,59,20.0,427.9,8558.0,2024-07-03
2024070301019629,USHL,59,45,10.0,536.4,5364.0,2024-07-03
2024070301019628,CITY,35,77,200.0,700.0,140000.0,2024-07-03
2024070301019627,CITY,60,77,300.0,700.1,210030.0,2024-07-03
2024070301019626,GVL,80,49,290.0,588.9,170781.0,2024-07-03
2024070301019625,GVL,80,1,10.0,588.8,5888.0,2024-07-03
2024070301019624,GVL,80,45,200.0,588.0,117600.0,2024-07-03
2024070303027397,GFCL,41,49,20.0,684.9,13698.0,2024-07-03
2024070303027396,NLIC,49,36,16.0,584.9,9358.4,2024-07-03
2024070303027395,NLIC,49,49,10.0,584.1,5841.0,2024-07-03
2024070303027394,NMFBS,81,22,14.0,1308.9,18324.6,2024-07-03
2024070303027393,NMFBS,81,33,20.0,1308.0,26160.0,2024-07-03
2024070303027392,NMFBS,81,41,50.0,1308.0,65400.0,2024-07-03
2024070303027391,NMFBS,81,44,19.0,1306.0,24814.0,2024-07-03
2024070301019623,MKHC,56,49,40.0,335.0,13400.0,2024-07-03
2024070303027390,SDLBSL,86,39,27.0,1076.0,29052.0,2024-07-03
2024070303027389,SDLBSL,34,39,73.0,1076.0,78548.0,2024-07-03
2024070301019622,SPL,35,58,10.0,751.0,7510.0,2024-07-03
2024070303027388,USLB,59,58,170.0,1768.0,300560.0,2024-07-03
2024070303027387,USLB,62,58,10.0,1776.0,17760.0,2024-07-03
2024070303027386,HLI,57,36,10.0,379.0,3790.0,2024-07-03
2024070301019621,ADBL,59,40,80.0,270.0,21600.0,2024-07-03
2024070301019620,ADBL,57,40,120.0,270.0,32400.0,2024-07-03
2024070301019619,MEHL,42,48,100.0,345.0,34500.0,2024-07-03
2024070301019618,HDL,42,34,50.0,1240.0,62000.0,2024-07-03
2024070303027385,SINDU,14,4,10.0,444.0,4440.0,2024-07-03
2024070303027384,NADEP,34,43,10.0,822.9,8229.0,2024-07-03
2024070301019617,NIMB,34,26,247.0,159.4,39371.8,2024-07-03
2024070305005052,CIT,22,34,10.0,2136.0,21360.0,2024-07-03
2024070301019616,HIDCLP,4,45,500.0,98.2,49100.0,2024-07-03
2024070301019615,HIDCLP,28,45,1000.0,98.3,98300.0,2024-07-03
2024070301019614,HIDCLP,88,45,500.0,98.3,49150.0,2024-07-03
2024070303027383,SWBBL,25,42,10.0,866.0,8660.0,2024-07-03
2024070303027382,GLBSL,57,58,10.0,1777.0,17770.0,2024-07-03
2024070301019613,HATHY,5,55,50.0,925.0,46250.0,2024-07-03
2024070303027381,SHINE,54,6,500.0,390.3,195150.0,2024-07-03
2024070304008174,NIL,41,39,130.0,804.0,104520.0,2024-07-03
2024070304008173,UPPER,51,35,90.0,157.9,14211.0,2024-07-03
2024070301019612,MKHC,35,5,10.0,337.0,3370.0,2024-07-03
2024070303027380,GUFL,16,71,20.0,726.0,14520.0,2024-07-03
2024070303027379,SJLIC,58,34,20.0,405.0,8100.0,2024-07-03
2024070304008172,SSHL,22,35,500.0,170.0,85000.0,2024-07-03
2024070303027378,PROFL,42,42,170.0,437.0,74290.0,2024-07-03
2024070303027377,PROFL,42,35,10.0,436.9,4369.0,2024-07-03
2024070303027376,PROFL,42,11,780.0,436.9,340782.0,2024-07-03
2024070303027375,PROFL,42,70,20.0,436.8,8736.0,2024-07-03
2024070303027374,PROFL,42,22,10.0,436.7,4367.0,2024-07-03
2024070303027373,PROFL,42,11,10.0,436.7,4367.0,2024-07-03
2024070301019611,RFPL,84,71,220.0,367.0,80740.0,2024-07-03
2024070301019610,RFPL,84,71,200.0,366.9,73380.0,2024-07-03
2024070301019609,RFPL,84,50,1060.0,366.0,387960.0,2024-07-03
2024070301019608,RFPL,84,70,20.0,366.0,7320.0,2024-07-03
2024070304008171,KKHC,47,88,16.0,220.0,3520.0,2024-07-03
2024070303027372,MNBBL,58,34,70.0,353.0,24710.0,2024-07-03
2024070303027371,MNBBL,58,34,30.0,353.1,10593.0,2024-07-03
2024070304008170,SHEL,45,68,100.0,156.0,15600.0,2024-07-03
2024070304008169,SHEL,45,45,90.0,156.0,14040.0,2024-07-03
2024070303027370,PROFL,58,45,230.0,436.6,100418.0,2024-07-03
2024070301019607,MHCL,33,51,20.0,400.0,8000.0,2024-07-03
2024070301019606,MANDU,33,47,20.0,1074.0,21480.0,2024-07-03
2024070301019605,MANDU,33,3,80.0,1074.0,85920.0,2024-07-03
2024070303027369,JFL,38,80,50.0,663.0,33150.0,2024-07-03
2024070305005051,NRN,53,22,12.0,671.0,8052.0,2024-07-03
2024070305005050,NRN,53,58,330.0,671.0,221430.0,2024-07-03
2024070305005049,NRN,53,44,10.0,671.0,6710.0,2024-07-03
2024070305005048,NRN,53,42,48.0,671.0,32208.0,2024-07-03
2024070303027368,NFS,39,42,10.0,894.0,8940.0,2024-07-03
2024070301019604,KBL,48,50,175.0,141.5,24762.5,2024-07-03
2024070304008168,UNHPL,84,48,200.0,240.1,48020.0,2024-07-03
2024070301019603,JALPA,49,92,10.0,1300.0,13000.0,2024-07-03
2024070301019602,JALPA,16,92,90.0,1300.1,117009.0,2024-07-03
2024070301019601,MKCL,20,88,20.0,1350.1,27002.0,2024-07-03
2024070305005047,PSF,16,58,500.0,9.1,4550.0,2024-07-03
2024070305005046,PSF,46,58,500.0,9.1,4550.0,2024-07-03
2024070303027367,SJLIC,14,36,53.0,404.0,21412.0,2024-07-03
2024070301019600,MKHC,56,40,150.0,335.0,50250.0,2024-07-03
2024070303027366,MPFL,22,6,11.0,537.0,5907.0,2024-07-03
2024070301019599,VLUCL,5,3,10.0,510.1,5101.0,2024-07-03
2024070301019598,AVYAN,95,41,10.0,948.0,9480.0,2024-07-03
2024070301019597,CYCL,55,47,10.0,1480.0,14800.0,2024-07-03
2024070301019596,CYCL,55,36,10.0,1472.0,14720.0,2024-07-03
2024070304008167,SJCL,57,25,10.0,262.0,2620.0,2024-07-03
2024070303027365,SADBL,38,49,100.0,328.4,32840.0,2024-07-03
2024070303027364,MLBL,49,44,500.0,335.0,167500.0,2024-07-03
2024070303027363,MLBL,49,53,81.0,335.0,27135.0,2024-07-03
2024070303027362,MLBL,49,34,200.0,335.0,67000.0,2024-07-03
2024070303027361,MLBL,49,51,100.0,335.0,33500.0,2024-07-03
2024070303027360,MLBL,49,16,62.0,335.0,20770.0,2024-07-03
2024070303027359,MLBL,49,3,240.0,335.0,80400.0,2024-07-03
2024070303027358,MLBL,49,38,20.0,334.9,6698.0,2024-07-03
2024070303027357,MLBL,49,14,45.0,334.3,15043.5,2024-07-03
2024070301019595,SPC,55,35,13.0,567.5,7377.5,2024-07-03
2024070301019594,SPC,60,35,130.0,567.6,73788.0,2024-07-03
2024070301019593,SPC,58,35,50.0,568.0,28400.0,2024-07-03
2024070301019592,MKLB,86,14,60.0,1180.0,70800.0,2024-07-03
2024070304008166,BPCL,57,38,10.0,291.4,2914.0,2024-07-03
2024070301019591,ULHC,38,57,50.0,389.0,19450.0,2024-07-03
2024070303027356,GUFL,3,47,355.0,726.0,257730.0,2024-07-03
2024070304008165,AKPL,59,8,150.0,164.0,24600.0,2024-07-03
2024070303027355,SFCL,34,87,20.0,468.0,9360.0,2024-07-03
2024070304008164,SHPC,49,43,1000.0,322.0,322000.0,2024-07-03
2024070304008163,SHPC,49,58,500.0,322.0,161000.0,2024-07-03
2024070304008162,SHPC,49,8,35.0,321.7,11259.5,2024-07-03
2024070304008161,SHPC,49,58,400.0,321.4,128560.0,2024-07-03
2024070303027354,GBBL,49,45,100.0,368.0,36800.0,2024-07-03
2024070301019590,NICA,17,28,200.0,418.9,83780.0,2024-07-03
2024070301019589,SHIVM,7,53,100.0,486.0,48600.0,2024-07-03
2024070303027353,KSBBL,39,59,289.0,390.9,112970.1,2024-07-03
2024070303027352,KSBBL,39,14,151.0,390.9,59025.9,2024-07-03
2024070303027351,KSBBL,39,58,60.0,390.0,23400.0,2024-07-03
2024070301019588,MKCL,39,32,20.0,1354.9,27098.0,2024-07-03
2024070301019587,MKCL,39,39,30.0,1350.1,40503.0,2024-07-03
2024070301019586,MKCL,39,14,10.0,1350.0,13500.0,2024-07-03
2024070303027350,GMFIL,56,54,264.0,481.7,127168.8,2024-07-03
2024070303027349,GMFIL,56,25,736.0,481.0,354016.0,2024-07-03
2024070303027348,PMLI,35,42,190.0,502.0,95380.0,2024-07-03
2024070303027347,NABBC,65,8,10.0,580.0,5800.0,2024-07-03
2024070303027346,NABBC,65,61,190.0,579.0,110010.0,2024-07-03
2024070304008160,RHPL,11,67,50.0,267.0,13350.0,2024-07-03
2024070304008159,RHPL,11,43,500.0,267.0,133500.0,2024-07-03
2024070304008158,KKHC,14,88,30.0,220.0,6600.0,2024-07-03
2024070303027345,SFCL,52,87,10.0,468.0,4680.0,2024-07-03
2024070301019585,LSL,22,58,10.0,159.9,1599.0,2024-07-03
2024070303027344,GMFBS,14,70,26.0,1660.0,43160.0,2024-07-03
2024070303027343,GMFBS,14,48,14.0,1644.0,23016.0,2024-07-03
2024070304008157,NGPL,28,44,113.0,307.0,34691.0,2024-07-03
2024070301019584,MANDU,34,3,30.0,1074.0,32220.0,2024-07-03
2024070303027342,KRBL,49,34,700.0,484.0,338800.0,2024-07-03
2024070303027341,KRBL,13,34,300.0,484.1,145230.0,2024-07-03
2024070301019583,MMKJL,45,72,335.0,495.2,165892.0,2024-07-03
2024070303027340,SIFC,64,57,10.0,488.5,4885.0,2024-07-03
2024070303027339,RLFL,81,38,360.0,455.0,163800.0,2024-07-03
2024070303027338,RLFL,81,8,10.0,455.0,4550.0,2024-07-03
2024070303027337,RLFL,81,44,130.0,455.0,59150.0,2024-07-03
2024070303027336,RLFL,81,28,500.0,454.9,227450.0,2024-07-03
2024070301019582,SNLI,49,21,10.0,464.9,4649.0,2024-07-03
2024070303027335,NFS,41,26,266.0,884.0,235144.0,2024-07-03
2024070301019581,MAKAR,4,62,10.0,465.1,4651.0,2024-07-03
2024070303027334,BFC,62,58,160.0,515.0,82400.0,2024-07-03
2024070303027333,MFIL,44,13,100.0,593.0,59300.0,2024-07-03
2024070301019580,HDL,41,34,60.0,1240.0,74400.0,2024-07-03
2024070304008156,GLH,16,47,400.0,209.0,83600.0,2024-07-03
2024070301019579,NICGF2,35,6,100.0,8.49,849.0,2024-07-03
2024070303027332,PROFL,58,11,900.0,436.4,392760.0,2024-07-03
2024070303027331,PROFL,25,11,100.0,436.5,43650.0,2024-07-03
2024070304008155,HURJA,38,6,100.0,269.0,26900.0,2024-07-03
2024070301019578,SCB,36,49,50.0,577.0,28850.0,2024-07-03
2024070304008154,HDHPC,36,17,630.0,130.3,82089.0,2024-07-03
2024070301019577,LSL,58,38,10.0,159.0,1590.0,2024-07-03
2024070303027330,BFC,10,58,200.0,515.0,103000.0,2024-07-03
2024070303027329,BFC,34,58,200.0,515.0,103000.0,2024-07-03
2024070303027328,BFC,19,58,100.0,515.0,51500.0,2024-07-03
2024070303027327,BFC,5,58,100.0,515.0,51500.0,2024-07-03
2024070303027326,BFC,66,58,50.0,515.0,25750.0,2024-07-03
2024070303027325,SAPDBL,58,38,18.0,399.8,7196.4,2024-07-03
2024070301019576,NRM,58,50,30.0,412.0,12360.0,2024-07-03
2024070305005045,STC,45,58,25.0,4902.0,122550.0,2024-07-03
2024070304008153,GLH,22,47,150.0,209.0,31350.0,2024-07-03
2024070304008152,GLH,39,47,25.0,209.0,5225.0,2024-07-03
2024070303027324,KLBSL,59,6,55.0,990.0,54450.0,2024-07-03
2024070301019575,NICA,14,28,20.0,418.9,8378.0,2024-07-03
2024070304008151,HURJA,40,6,587.0,269.0,157903.0,2024-07-03
2024070301019574,SHIVM,1,57,310.0,483.0,149730.0,2024-07-03
2024070301019573,SHIVM,34,57,20.0,483.0,9660.0,2024-07-03
2024070301019572,SHIVM,56,57,600.0,483.0,289800.0,2024-07-03
2024070301019571,SHIVM,34,57,10.0,483.9,4839.0,2024-07-03
2024070301019570,SHIVM,45,57,200.0,484.0,96800.0,2024-07-03
2024070301019569,SHIVM,5,57,250.0,484.0,121000.0,2024-07-03
2024070301019568,SHIVM,4,57,100.0,485.0,48500.0,2024-07-03
2024070301019567,SHIVM,58,57,10.0,485.0,4850.0,2024-07-03
2024070305005044,CIT,22,50,10.0,2136.0,21360.0,2024-07-03
2024070304008150,HPPL,58,49,20.0,287.0,5740.0,2024-07-03
2024070304008149,MEN,49,26,94.0,581.1,54623.4,2024-07-03
2024070304008148,MEN,57,26,225.0,581.1,130747.5,2024-07-03
2024070303027323,JFL,41,57,30.0,665.0,19950.0,2024-07-03
2024070303027322,SDLBSL,32,48,10.0,1080.0,10800.0,2024-07-03
2024070301019566,NRM,32,50,500.0,412.0,206000.0,2024-07-03
2024070301019565,MEHL,32,35,150.0,344.8,51720.0,2024-07-03
2024070303027321,GBLBS,86,36,170.0,779.0,132430.0,2024-07-03
2024070303027320,JBBL,47,55,100.0,299.7,29970.0,2024-07-03
2024070303027319,GMFIL,41,25,250.0,481.0,120250.0,2024-07-03
2024070303027318,GMFIL,38,25,14.0,481.0,6734.0,2024-07-03
2024070304008147,NGPL,5,41,100.0,307.1,30710.0,2024-07-03
2024070301019564,MKHC,56,72,460.0,335.0,154100.0,2024-07-03
2024070301019563,GVL,80,45,300.0,588.0,176400.0,2024-07-03
2024070301019562,GVL,80,36,200.0,588.0,117600.0,2024-07-03
2024070301019561,EHPL,56,49,80.0,556.0,44480.0,2024-07-03
2024070304008146,HPPL,17,42,50.0,288.0,14400.0,2024-07-03
2024070304008145,SHL,48,13,100.0,427.0,42700.0,2024-07-03
2024070301019560,MEHL,69,48,1000.0,345.0,345000.0,2024-07-03
2024070303027317,JBBL,32,43,59.0,300.0,17700.0,2024-07-03
2024070303027316,JBBL,32,47,441.0,300.0,132300.0,2024-07-03
2024070303027315,JBBL,16,47,49.0,300.0,14700.0,2024-07-03
2024070303027314,JBBL,16,55,26.0,300.0,7800.0,2024-07-03
2024070303027313,JFL,51,57,30.0,665.0,19950.0,2024-07-03
2024070301019559,SONA,6,38,10.0,442.2,4422.0,2024-07-03
2024070305005043,ENL,58,55,10.0,1140.0,11400.0,2024-07-03
2024070305005042,ENL,58,58,10.0,1139.0,11390.0,2024-07-03
2024070305005041,ENL,58,39,20.0,1139.0,22780.0,2024-07-03
2024070305005040,ENL,58,39,10.0,1137.0,11370.0,2024-07-03
2024070303027312,MLBL,22,47,143.0,334.0,47762.0,2024-07-03
2024070303027311,MLBL,35,47,57.0,334.0,19038.0,2024-07-03
2024070303027310,MLBL,19,47,80.0,334.3,26744.0,2024-07-03
2024070303027309,MFIL,32,46,85.0,593.0,50405.0,2024-07-03
2024070304008144,API,29,33,10.0,171.0,1710.0,2024-07-03
2024070303027308,GRDBL,55,41,10.0,486.9,4869.0,2024-07-03
2024070301019558,SMJC,44,43,370.0,404.8,149776.0,2024-07-03
2024070301019557,SMJC,44,58,50.0,404.7,20235.0,2024-07-03
2024070301019556,SMJC,44,53,10.0,404.5,4045.0,2024-07-03
2024070301019555,SMJC,44,42,40.0,404.5,16180.0,2024-07-03
2024070301019554,SMJC,44,91,500.0,404.0,202000.0,2024-07-03
2024070301019553,SMJC,44,54,10.0,404.0,4040.0,2024-07-03
2024070301019552,SMJC,44,58,10.0,404.0,4040.0,2024-07-03
2024070301019551,SMJC,44,40,300.0,403.0,120900.0,2024-07-03
2024070301019550,SMJC,44,62,200.0,402.9,80580.0,2024-07-03
2024070301019549,SMJC,44,38,10.0,402.5,4025.0,2024-07-03
2024070303027307,GUFL,57,1,10.0,727.0,7270.0,2024-07-03
2024070305005039,HIDCL,34,36,50.0,162.9,8145.0,2024-07-03
2024070304008143,MHNL,57,46,400.0,241.2,96480.0,2024-07-03
2024070303027306,USLB,96,22,10.0,1790.0,17900.0,2024-07-03
2024070301019548,RNLI,45,44,100.0,427.0,42700.0,2024-07-03
2024070305005038,STC,45,17,13.0,4902.0,63726.0,2024-07-03
2024070303027305,NFS,62,42,10.0,894.0,8940.0,2024-07-03
2024070303027304,GLBSL,68,58,10.0,1777.0,17770.0,2024-07-03
2024070301019547,MBL,32,45,20.0,176.9,3538.0,2024-07-03
2024070301019546,EHPL,56,58,10.0,556.0,5560.0,2024-07-03
2024070301019545,EHPL,56,45,10.0,556.0,5560.0,2024-07-03
2024070303027303,JFL,16,57,10.0,665.0,6650.0,2024-07-03
2024070304008142,HDHPC,48,41,200.0,130.2,26040.0,2024-07-03
2024070301019544,SANIMA,41,20,1030.0,260.0,267800.0,2024-07-03
2024070301019543,SANIMA,41,42,470.0,260.0,122200.0,2024-07-03
2024070303027302,MFIL,32,22,30.0,593.0,17790.0,2024-07-03
2024070304008141,HDHPC,58,32,10.0,130.4,1304.0,2024-07-03
2024070301019542,PRVU,44,57,194.0,148.5,28809.0,2024-07-03
2024070304008140,KPCL,77,44,14.0,454.0,6356.0,2024-07-03
2024070301019541,ULHC,38,25,10.0,389.6,3896.0,2024-07-03
2024070303027301,HLI,6,72,450.0,380.0,171000.0,2024-07-03
2024070303027300,HLI,6,51,10.0,380.0,3800.0,2024-07-03
2024070303027299,HLI,6,19,135.0,380.0,51300.0,2024-07-03
2024070303027298,HLI,6,75,10.0,380.0,3800.0,2024-07-03
2024070303027297,HLI,6,35,10.0,380.0,3800.0,2024-07-03
2024070303027296,HLI,6,55,60.0,380.0,22800.0,2024-07-03
2024070303027295,HLI,6,57,15.0,380.0,5700.0,2024-07-03
2024070303027294,HLI,6,17,50.0,380.0,19000.0,2024-07-03
2024070303027293,HLI,6,34,260.0,380.0,98800.0,2024-07-03
2024070301019540,MKCL,28,39,10.0,1350.1,13501.0,2024-07-03
2024070301019539,MKCL,28,39,10.0,1350.1,13501.0,2024-07-03
2024070304008139,TRH,50,48,10.0,760.0,7600.0,2024-07-03
2024070303027292,GMFIL,64,54,10.0,481.7,4817.0,2024-07-03
2024070301019538,PRVU,34,58,50.0,148.1,7405.0,2024-07-03
2024070304008138,SSHL,42,34,38.0,169.5,6441.0,2024-07-03
2024070303027291,ACLBSL,35,33,194.0,1119.0,217086.0,2024-07-03
2024070303027290,ACLBSL,35,59,10.0,1118.0,11180.0,2024-07-03
2024070303027289,ACLBSL,35,14,10.0,1118.0,11180.0,2024-07-03
2024070303027288,ACLBSL,35,38,11.0,1118.0,12298.0,2024-07-03
2024070303027287,ACLBSL,35,45,150.0,1118.0,167700.0,2024-07-03
2024070303027286,ACLBSL,35,41,25.0,1111.0,27775.0,2024-07-03
2024070305005037,HRL,29,16,311.0,543.0,168873.0,2024-07-03
2024070303027285,SADBL,58,43,180.0,328.9,59202.0,2024-07-03
2024070303027284,GFCL,41,14,100.0,684.9,68490.0,2024-07-03
2024070303027283,SLBBL,38,44,20.0,802.0,16040.0,2024-07-03
2024070303027282,MLBL,57,3,10.0,335.0,3350.0,2024-07-03
2024070303027281,NICLBSL,34,46,10.0,638.9,6389.0,2024-07-03
2024070303027280,NICLBSL,34,22,10.0,638.9,6389.0,2024-07-03
2024070301019537,MBJC,43,58,10.0,299.5,2995.0,2024-07-03
2024070303027279,SABSL,51,50,17.0,997.0,16949.0,2024-07-03
2024070303027278,SABSL,51,43,143.0,996.9,142556.7,2024-07-03
2024070303027277,SABSL,51,44,50.0,996.0,49800.0,2024-07-03
2024070301019536,SHIVM,41,53,25.0,486.0,12150.0,2024-07-03
2024070301019535,PPL,52,62,10.0,459.0,4590.0,2024-07-03
2024070301019534,MKJC,34,71,25.0,630.0,15750.0,2024-07-03
2024070301019533,MKJC,34,48,10.0,627.0,6270.0,2024-07-03
2024070301019532,MKJC,34,64,10.0,625.0,6250.0,2024-07-03
2024070305005036,HIDCL,40,1,37.0,162.6,6016.2,2024-07-03
2024070305005035,CIT,22,51,20.0,2135.9,42718.0,2024-07-03
2024070303027276,GFCL,41,58,319.0,684.9,218483.1,2024-07-03
2024070303027275,PROFL,25,38,100.0,436.5,43650.0,2024-07-03
2024070303027274,PROFL,25,46,300.0,436.5,130950.0,2024-07-03
2024070303027273,RLFL,33,49,10.0,454.1,4541.0,2024-07-03
2024070305005034,CIT,17,38,1.0,2135.0,2135.0,2024-07-03
2024070305005033,CIT,17,19,59.0,2135.0,125965.0,2024-07-03
2024070303027272,PROFL,62,46,200.0,436.5,87300.0,2024-07-03
2024070303027271,KRBL,39,43,50.0,487.4,24370.0,2024-07-03
2024070303027270,GMFIL,56,54,550.0,481.7,264935.0,2024-07-03
2024070303027269,GMFIL,56,41,50.0,481.6,24080.0,2024-07-03
2024070303027268,GMFIL,56,16,100.0,481.6,48160.0,2024-07-03
2024070303027267,GMFIL,56,57,300.0,481.6,144480.0,2024-07-03
2024070301019531,UNLB,88,45,10.0,2040.0,20400.0,2024-07-03
2024070301019530,ULHC,38,41,100.0,389.6,38960.0,2024-07-03
2024070303027266,GFCL,41,4,1600.0,684.9,1095840.0,2024-07-03
2024070304008137,HURJA,40,58,213.0,269.0,57297.0,2024-07-03
2024070301019529,RBBD83,58,42,25.0,999.0,24975.0,2024-07-03
2024070301019528,CYCL,34,14,60.0,1466.1,87966.0,2024-07-03
2024070301019527,CYCL,45,14,20.0,1467.0,29340.0,2024-07-03
2024070303027265,USLB,59,44,40.0,1768.0,70720.0,2024-07-03
2024070301019526,USHEC,25,84,34.0,497.0,16898.0,2024-07-03
2024070301019525,USHEC,25,25,100.0,496.0,49600.0,2024-07-03
2024070301019524,USHEC,25,70,200.0,495.0,99000.0,2024-07-03
2024070301019523,USHEC,25,85,200.0,494.0,98800.0,2024-07-03
2024070301019522,USHEC,25,45,200.0,493.6,98720.0,2024-07-03
2024070301019521,USHEC,25,53,150.0,493.0,73950.0,2024-07-03
2024070301019520,USHEC,25,41,66.0,492.6,32511.6,2024-07-03
2024070301019519,USHEC,25,34,50.0,487.9,24395.0,2024-07-03
2024070305005032,CIT,52,19,15.0,2135.0,32025.0,2024-07-03
2024070305005031,CIT,26,19,10.0,2136.0,21360.0,2024-07-03
2024070305005030,CIT,48,19,16.0,2136.0,34176.0,2024-07-03
2024070304008136,NHDL,5,19,25.0,520.0,13000.0,2024-07-03
2024070305005029,BBC,45,71,50.0,4060.0,203000.0,2024-07-03
2024070304008135,SSHL,42,32,180.0,169.5,30510.0,2024-07-03
2024070304008134,SSHL,22,32,190.0,169.5,32205.0,2024-07-03
2024070304008133,SSHL,38,32,180.0,169.6,30528.0,2024-07-03
2024070301019518,BEDC,21,45,10.0,431.6,4316.0,2024-07-03
2024070303027264,JFL,38,41,100.0,663.0,66300.0,2024-07-03
2024070301019517,CKHL,41,88,30.0,588.0,17640.0,2024-07-03
2024070305005028,NSIF2,52,33,4000.0,10.08,40320.0,2024-07-03
2024070304008132,LEC,37,71,10.0,180.9,1809.0,2024-07-03
2024070303027263,GRDBL,64,38,300.0,483.0,144900.0,2024-07-03
2024070301019516,USHEC,47,34,50.0,487.9,24395.0,2024-07-03
2024070304008131,MHNL,58,46,10.0,241.2,2412.0,2024-07-03
2024070304008130,SHEL,54,45,400.0,156.0,62400.0,2024-07-03
2024070303027262,NADEP,17,43,70.0,822.9,57603.0,2024-07-03
2024070303027261,NADEP,17,48,30.0,822.0,24660.0,2024-07-03
2024070301019515,NABIL,42,13,130.0,483.1,62803.0,2024-07-03
2024070303027260,MFIL,32,45,100.0,593.0,59300.0,2024-07-03
2024070301019514,HDL,21,34,45.0,1240.0,55800.0,2024-07-03
2024070303027259,SJLIC,41,32,19.0,403.5,7666.5,2024-07-03
2024070303027258,KRBL,49,43,100.0,484.0,48400.0,2024-07-03
2024070303027257,NLIC,10,21,16.0,584.0,9344.0,2024-07-03
2024070301019513,HATHY,56,55,57.0,925.0,52725.0,2024-07-03
2024070301019512,HATHY,56,55,18.0,921.0,16578.0,2024-07-03
2024070301019511,MKCL,39,34,50.0,1345.2,67260.0,2024-07-03
2024070301019510,MKCL,96,34,100.0,1347.2,134720.0,2024-07-03
2024070301019509,MKCL,1,34,50.0,1350.0,67500.0,2024-07-03
2024070303027256,LBBL,38,38,170.0,390.0,66300.0,2024-07-03
2024070303027255,LBBL,18,38,30.0,390.1,11703.0,2024-07-03
2024070301019508,SHIVM,58,53,10.0,486.0,4860.0,2024-07-03
2024070303027254,PFL,25,55,100.0,614.3,61430.0,2024-07-03
2024070303027253,KRBL,58,43,150.0,487.4,73110.0,2024-07-03
2024070303027252,NABBC,59,61,10.0,579.0,5790.0,2024-07-03
2024070301019507,NRM,44,50,40.0,412.0,16480.0,2024-07-03
2024070303027251,FMDBL,10,49,10.0,660.1,6601.0,2024-07-03
2024070303027250,GFCL,49,71,30.0,685.0,20550.0,2024-07-03
2024070303027249,RLFL,45,44,20.0,455.0,9100.0,2024-07-03
2024070301019506,MHCL,66,51,10.0,400.0,4000.0,2024-07-03
2024070303027248,BFC,66,43,50.0,515.0,25750.0,2024-07-03
2024070303027247,BFC,48,43,100.0,515.0,51500.0,2024-07-03
2024070301019505,NABIL,35,40,50.0,483.9,24195.0,2024-07-03
2024070301019504,NABIL,35,17,50.0,483.8,24190.0,2024-07-03
2024070305005027,NRIC,41,63,34.0,640.0,21760.0,2024-07-03
2024070305005026,CHDC,38,36,10.0,995.0,9950.0,2024-07-03
2024070305005025,HRL,29,36,10.0,543.0,5430.0,2024-07-03
2024070304008129,CGH,58,14,10.0,840.0,8400.0,2024-07-03
2024070304008128,CGH,14,14,500.0,840.0,420000.0,2024-07-03
2024070304008127,CGH,25,14,20.0,840.1,16802.0,2024-07-03
2024070304008126,CGH,16,14,10.0,840.1,8401.0,2024-07-03
2024070304008125,CGH,43,14,50.0,840.1,42005.0,2024-07-03
2024070303027246,MDB,56,55,100.0,546.0,54600.0,2024-07-03
2024070303027245,MDB,53,55,91.0,546.0,49686.0,2024-07-03
2024070301019503,HATHY,56,55,174.0,921.0,160254.0,2024-07-03
2024070301019502,HATHY,44,55,50.0,921.1,46055.0,2024-07-03
2024070301019501,HATHY,41,55,50.0,921.1,46055.0,2024-07-03
2024070301019500,HATHY,56,55,28.0,922.0,25816.0,2024-07-03
2024070301019499,HATHY,25,55,80.0,922.0,73760.0,2024-07-03
2024070301019498,HATHY,70,55,100.0,924.0,92400.0,2024-07-03
2024070301019497,MSHL,57,67,50.0,661.1,33055.0,2024-07-03
2024070305005024,CIT,48,72,10.0,2136.0,21360.0,2024-07-03
2024070303027244,MLBL,6,3,100.0,335.0,33500.0,2024-07-03
2024070303027243,MLBL,6,36,100.0,335.0,33500.0,2024-07-03
2024070301019496,SCB,41,49,27.0,577.0,15579.0,2024-07-03
2024070305005023,HRL,29,45,20.0,543.0,10860.0,2024-07-03
2024070304008124,RADHI,53,59,10.0,254.9,2549.0,2024-07-03
2024070301019495,PRVU,45,21,200.0,148.0,29600.0,2024-07-03
2024070304008123,MEN,41,83,52.0,582.0,30264.0,2024-07-03
2024070303027242,SFCL,32,36,50.0,469.0,23450.0,2024-07-03
2024070303027241,SFCL,55,36,40.0,469.0,18760.0,2024-07-03
2024070301019494,NRM,44,42,200.0,412.0,82400.0,2024-07-03
2024070304008122,NGPL,55,41,170.0,307.1,52207.0,2024-07-03
2024070303027240,PROFL,58,58,300.0,436.4,130920.0,2024-07-03
2024070303027239,SFCL,55,5,10.0,469.0,4690.0,2024-07-03
2024070301019493,NBL,38,25,25.0,215.0,5375.0,2024-07-03
2024070303027238,USLB,96,45,10.0,1779.0,17790.0,2024-07-03
2024070303027237,SADBL,6,43,54.0,328.9,17760.6,2024-07-03
2024070304008121,SPDL,17,48,12.0,241.0,2892.0,2024-07-03
2024070303027236,EDBL,34,49,237.0,415.0,98355.0,2024-07-03
2024070304008120,HEI,49,11,2121.0,616.0,1306536.0,2024-07-03
2024070304008119,HEI,49,50,1150.0,615.9,708285.0,2024-07-03
2024070304008118,HEI,49,14,300.0,615.9,184770.0,2024-07-03
2024070304008117,HEI,49,45,100.0,615.8,61580.0,2024-07-03
2024070304008116,HEI,49,57,12.0,615.0,7380.0,2024-07-03
2024070304008115,HEI,49,60,500.0,615.0,307500.0,2024-07-03
2024070304008114,HEI,49,63,200.0,615.0,123000.0,2024-07-03
2024070304008113,HEI,49,29,100.0,615.0,61500.0,2024-07-03
2024070304008112,HEI,49,53,100.0,615.0,61500.0,2024-07-03
2024070304008111,HEI,49,58,29.0,615.0,17835.0,2024-07-03
2024070304008110,HEI,49,48,37.0,614.5,22736.5,2024-07-03
2024070304008109,HEI,49,45,100.0,614.0,61400.0,2024-07-03
2024070304008108,HEI,49,29,50.0,614.0,30700.0,2024-07-03
2024070304008107,HEI,49,19,201.0,614.0,123414.0,2024-07-03
2024070305005022,NIFRA,7,49,786.0,193.0,151698.0,2024-07-03
2024070305005021,NIFRA,51,49,300.0,193.1,57930.0,2024-07-03
2024070305005020,NIFRA,42,49,468.0,193.1,90370.8,2024-07-03
2024070305005019,NIFRA,57,49,446.0,193.2,86167.2,2024-07-03
2024070301019492,EBL,32,38,20.0,538.0,10760.0,2024-07-03
2024070301019491,EBL,32,66,40.0,537.9,21516.0,2024-07-03
2024070301019490,EBL,32,13,100.0,537.9,53790.0,2024-07-03
2024070301019489,BHL,43,58,40.0,360.9,14436.0,2024-07-03
2024070303027235,ACLBSL,35,41,10.0,1117.0,11170.0,2024-07-03
2024070301019488,MBJC,58,41,183.0,296.1,54186.3,2024-07-03
2024070301019487,MBJC,41,41,30.0,296.1,8883.0,2024-07-03
2024070301019486,MBJC,58,41,1000.0,296.2,296200.0,2024-07-03
2024070301019485,MBJC,20,41,900.0,296.3,266670.0,2024-07-03
2024070301019484,MBJC,57,41,30.0,296.3,8889.0,2024-07-03
2024070301019483,MBJC,38,41,357.0,297.0,106029.0,2024-07-03
2024070303027234,KSBBL,58,41,100.0,389.0,38900.0,2024-07-03
2024070304008106,NGPL,40,41,910.0,307.1,279461.0,2024-07-03
2024070301019482,GBIME,4,38,17.0,180.6,3070.2,2024-07-03
2024070301019481,GBIME,51,38,83.0,180.6,14989.8,2024-07-03
2024070301019480,MKJC,70,42,10.0,622.0,6220.0,2024-07-03
2024070303027233,RLFL,33,14,300.0,454.1,136230.0,2024-07-03
2024070304008105,KPCL,77,59,50.0,454.0,22700.0,2024-07-03
2024070304008104,KPCL,77,52,150.0,454.0,68100.0,2024-07-03
2024070301019479,GBIME,58,57,70.0,180.8,12656.0,2024-07-03
2024070303027232,SAPDBL,71,32,42.0,399.9,16795.8,2024-07-03
2024070303027231,SAPDBL,71,48,248.0,399.8,99150.4,2024-07-03
2024070303027230,SAPDBL,71,19,10.0,399.7,3997.0,2024-07-03
2024070303027229,PROFL,8,46,500.0,436.5,218250.0,2024-07-03
2024070305005018,CIT,48,57,60.0,2136.0,128160.0,2024-07-03
2024070303027228,GILB,35,22,10.0,1379.0,13790.0,2024-07-03
2024070305005017,CIT,48,45,14.0,2136.0,29904.0,2024-07-03
2024070303027227,HLI,48,34,310.0,380.0,117800.0,2024-07-03
2024070301019478,BGWT,65,13,10.0,913.9,9139.0,2024-07-03
2024070301019477,BGWT,65,65,10.0,903.0,9030.0,2024-07-03
2024070301019476,BGWT,65,38,50.0,900.0,45000.0,2024-07-03
2024070301019475,BGWT,65,34,230.0,900.0,207000.0,2024-07-03
2024070304008103,HURJA,63,58,50.0,269.0,13450.0,2024-07-03
2024070304008102,NGPL,40,34,90.0,307.1,27639.0,2024-07-03
2024070304008101,NGPL,42,34,200.0,307.1,61420.0,2024-07-03
2024070304008100,NGPL,42,34,10.0,307.5,3075.0,2024-07-03
2024070303027226,GUFL,3,34,80.0,726.0,58080.0,2024-07-03
2024070303027225,GUFL,26,34,150.0,727.0,109050.0,2024-07-03
2024070303027224,GUFL,8,34,50.0,727.1,36355.0,2024-07-03
2024070303027223,JBBL,34,55,144.0,300.0,43200.0,2024-07-03
2024070303027222,JBBL,34,55,50.0,300.0,15000.0,2024-07-03
2024070303027221,JBBL,34,41,51.0,300.0,15300.0,2024-07-03
2024070303027220,JBBL,34,52,50.0,300.0,15000.0,2024-07-03
2024070303027219,JBBL,34,38,500.0,300.0,150000.0,2024-07-03
2024070303027218,JBBL,34,14,1600.0,300.0,480000.0,2024-07-03
2024070303027217,JBBL,34,11,11.0,300.0,3300.0,2024-07-03
2024070303027216,JBBL,34,45,100.0,300.0,30000.0,2024-07-03
2024070303027215,JBBL,34,25,680.0,300.0,204000.0,2024-07-03
2024070303027214,JBBL,34,3,400.0,300.0,120000.0,2024-07-03
2024070303027213,JBBL,34,46,1000.0,300.0,300000.0,2024-07-03
2024070303027212,JBBL,34,3,444.0,300.0,133200.0,2024-07-03
2024070303027211,JBBL,34,71,2000.0,299.9,599800.0,2024-07-03
2024070303027210,JBBL,34,49,1700.0,299.9,509830.0,2024-07-03
2024070303027209,JBBL,34,8,500.0,299.9,149950.0,2024-07-03
2024070303027208,JBBL,34,52,39.0,299.9,11696.1,2024-07-03
2024070303027207,JBBL,34,16,200.0,299.8,59960.0,2024-07-03
2024070303027206,JBBL,34,58,531.0,299.8,159193.8,2024-07-03
2024070304008099,SHEL,34,70,310.0,155.1,48081.0,2024-07-03
2024070304008098,RURU,18,7,57.0,630.0,35910.0,2024-07-03
2024070304008097,RURU,18,47,43.0,629.9,27085.7,2024-07-03
2024070301019474,NRM,44,33,110.0,412.0,45320.0,2024-07-03
2024070303027205,GFCL,41,44,800.0,684.9,547920.0,2024-07-03
2024070301019473,KBL,48,50,70.0,141.5,9905.0,2024-07-03
2024070301019472,NICGF2,35,6,100.0,8.49,849.0,2024-07-03
2024070303027204,NMLBBL,35,26,40.0,671.2,26848.0,2024-07-03
2024070303027203,MERO,52,7,15.0,672.0,10080.0,2024-07-03
2024070303027202,MERO,57,7,20.0,675.0,13500.0,2024-07-03
2024070303027201,MERO,22,7,10.0,678.0,6780.0,2024-07-03
2024070303027200,NFS,41,39,200.0,884.0,176800.0,2024-07-03
2024070303027199,NFS,57,39,100.0,885.0,88500.0,2024-07-03
2024070301019471,GVL,66,36,10.0,588.0,5880.0,2024-07-03
2024070301019470,SMHL,66,65,500.0,609.0,304500.0,2024-07-03
2024070303027198,GUFL,8,32,50.0,727.1,36355.0,2024-07-03
2024070303027197,PROFL,58,45,310.0,436.4,135284.0,2024-07-03
2024070303027196,MLBL,56,45,100.0,334.5,33450.0,2024-07-03
2024070304008096,JOSHI,38,39,200.0,287.0,57400.0,2024-07-03
2024070304008095,JOSHI,38,47,195.0,287.0,55965.0,2024-07-03
2024070303027195,MPFL,39,11,39.0,536.0,20904.0,2024-07-03
2024070303027194,MPFL,35,11,61.0,537.0,32757.0,2024-07-03
2024070305005016,ENL,58,39,10.0,1137.0,11370.0,2024-07-03
2024070305005015,ENL,58,59,50.0,1135.0,56750.0,2024-07-03
2024070305005014,ENL,58,54,40.0,1134.0,45360.0,2024-07-03
2024070303027193,MERO,22,64,390.0,678.0,264420.0,2024-07-03
2024070303027192,MERO,41,64,10.0,678.0,6780.0,2024-07-03
2024070303027191,PFL,57,6,50.0,614.2,30710.0,2024-07-03
2024070304008094,RHPL,6,43,500.0,267.0,133500.0,2024-07-03
2024070303027190,PROFL,58,45,953.0,436.4,415889.2,2024-07-03
2024070303027189,MPFL,35,41,89.0,537.0,47793.0,2024-07-03
2024070305005013,CIT,38,45,120.0,2135.0,256200.0,2024-07-03
2024070303027188,GFCL,41,49,700.0,684.9,479430.0,2024-07-03
2024070303027187,EDBL,38,47,460.0,415.9,191314.0,2024-07-03
2024070303027186,EDBL,38,19,100.0,415.9,41590.0,2024-07-03
2024070303027185,GBLBS,38,58,10.0,783.0,7830.0,2024-07-03
2024070303027184,GRDBL,14,41,10.0,486.9,4869.0,2024-07-03
2024070301019469,GBIME,14,39,100.0,180.9,18090.0,2024-07-03
2024070303027183,ALBSL,34,14,100.0,980.0,98000.0,2024-07-03
2024070303027182,ALBSL,35,14,10.0,980.0,9800.0,2024-07-03
2024070303027181,ALBSL,14,14,50.0,980.0,49000.0,2024-07-03
2024070303027180,ALBSL,58,14,30.0,981.0,29430.0,2024-07-03
2024070303027179,ALBSL,56,14,90.0,981.0,88290.0,2024-07-03
2024070303027178,ALBSL,14,14,12.0,981.0,11772.0,2024-07-03
2024070303027177,ALBSL,25,14,80.0,981.1,78488.0,2024-07-03
2024070303027176,ALBSL,57,14,125.0,981.5,122687.5,2024-07-03
2024070301019468,LSL,17,14,500.0,158.5,79250.0,2024-07-03
2024070303027175,PROFL,58,55,300.0,436.4,130920.0,2024-07-03
2024070303027174,PROFL,58,44,50.0,436.4,21820.0,2024-07-03
2024070303027173,PROFL,58,48,150.0,436.3,65445.0,2024-07-03
2024070303027172,PROFL,58,58,100.0,436.3,43630.0,2024-07-03
2024070301019467,BGWT,58,19,50.0,892.0,44600.0,2024-07-03
2024070304008093,RIDI,32,40,117.0,165.0,19305.0,2024-07-03
2024070304008092,RIDI,32,29,180.0,165.0,29700.0,2024-07-03
2024070304008091,RIDI,32,22,15.0,165.0,2475.0,2024-07-03
2024070304008090,RIDI,32,50,71.0,164.9,11707.9,2024-07-03
2024070304008089,RIDI,32,32,100.0,164.0,16400.0,2024-07-03
2024070304008088,RIDI,32,45,517.0,164.0,84788.0,2024-07-03
2024070303027171,GILB,44,87,70.0,1365.1,95557.0,2024-07-03
2024070303027170,GILB,3,87,50.0,1365.2,68260.0,2024-07-03
2024070303027169,GILB,22,87,100.0,1365.3,136530.0,2024-07-03
2024070303027168,GILB,62,87,500.0,1366.3,683150.0,2024-07-03
2024070303027167,GILB,62,87,80.0,1366.4,109312.0,2024-07-03
2024070305005012,CHDC,35,52,100.0,999.9,99990.0,2024-07-03
2024070305005011,CHDC,35,56,440.0,999.0,439560.0,2024-07-03
2024070303027166,GBBL,52,45,309.0,368.0,113712.0,2024-07-03
2024070304008087,KKHC,14,45,70.0,220.0,15400.0,2024-07-03
2024070304008086,KKHC,48,45,30.0,220.1,6603.0,2024-07-03
2024070301019466,HDL,41,34,50.0,1240.0,62000.0,2024-07-03
2024070303027165,BFC,48,38,500.0,515.0,257500.0,2024-07-03
2024070301019465,MAKAR,40,34,50.0,465.5,23275.0,2024-07-03
2024070301019464,DORDI,42,21,10.0,484.0,4840.0,2024-07-03
2024070303027164,JFL,38,42,35.0,663.0,23205.0,2024-07-03
2024070303027163,GFCL,41,14,2500.0,684.9,1712250.0,2024-07-03
2024070303027162,JBBL,47,55,100.0,299.7,29970.0,2024-07-03
2024070301019463,GVL,80,36,490.0,588.0,288120.0,2024-07-03
2024070301019462,GVL,80,1,10.0,587.9,5879.0,2024-07-03
2024070301019461,NRM,35,33,390.0,412.0,160680.0,2024-07-03
2024070304008085,API,44,58,25.0,170.1,4252.5,2024-07-03
2024070304008084,API,8,58,25.0,170.1,4252.5,2024-07-03
2024070303027161,ICFC,95,58,30.0,622.6,18678.0,2024-07-03
2024070303027160,HLBSL,48,81,50.0,1287.0,64350.0,2024-07-03
2024070303027159,HLBSL,48,44,100.0,1287.0,128700.0,2024-07-03
2024070301019460,NRM,35,58,110.0,412.0,45320.0,2024-07-03
2024070303027158,RSDC,45,57,10.0,667.0,6670.0,2024-07-03
2024070303027157,RSDC,45,34,90.0,665.0,59850.0,2024-07-03
2024070301019459,AVYAN,17,45,10.0,936.0,9360.0,2024-07-03
2024070304008083,SHL,51,62,100.0,428.5,42850.0,2024-07-03
2024070304008082,SHL,51,50,100.0,428.0,42800.0,2024-07-03
2024070303027156,SADBL,49,48,40.0,329.0,13160.0,2024-07-03
2024070304008081,SHL,48,1,100.0,427.0,42700.0,2024-07-03
2024070303027155,GMFIL,38,25,386.0,481.0,185666.0,2024-07-03
2024070303027154,GMFIL,38,57,100.0,480.9,48090.0,2024-07-03
2024070303027153,NABBC,38,61,500.0,579.0,289500.0,2024-07-03
2024070304008080,TRH,58,42,30.0,755.1,22653.0,2024-07-03
2024070301019458,HDL,47,34,100.0,1240.0,124000.0,2024-07-03
2024070303027152,JBBL,47,14,800.0,299.7,239760.0,2024-07-03
2024070304008079,GLH,34,38,12.0,211.0,2532.0,2024-07-03
2024070304008078,GLH,34,58,10.0,211.0,2110.0,2024-07-03
2024070304008077,GLH,34,43,158.0,210.1,33195.8,2024-07-03
2024070304008076,GLH,34,41,120.0,209.3,25116.0,2024-07-03
2024070305005010,CIT,29,20,28.0,2136.0,59808.0,2024-07-03
2024070301019457,GVL,34,1,10.0,587.9,5879.0,2024-07-03
2024070301019456,GVL,34,38,10.0,587.0,5870.0,2024-07-03
2024070305005009,CIT,38,34,50.0,2135.0,106750.0,2024-07-03
2024070301019455,SRLI,50,11,20.0,440.0,8800.0,2024-07-03
2024070301019454,SRLI,50,28,10.0,440.0,4400.0,2024-07-03
2024070301019453,SRLI,50,42,10.0,440.0,4400.0,2024-07-03
2024070301019452,SRLI,50,52,10.0,440.0,4400.0,2024-07-03
2024070301019451,SRLI,50,53,10.0,440.0,4400.0,2024-07-03
2024070301019450,SRLI,50,59,20.0,440.0,8800.0,2024-07-03
2024070301019449,SRLI,50,34,10.0,440.0,4400.0,2024-07-03
2024070301019448,SRLI,50,57,10.0,440.0,4400.0,2024-07-03
2024070301019447,SRLI,50,14,10.0,440.0,4400.0,2024-07-03
2024070301019446,SRLI,50,58,10.0,440.0,4400.0,2024-07-03
2024070301019445,SRLI,50,52,10.0,440.0,4400.0,2024-07-03
2024070301019444,SRLI,50,55,10.0,440.0,4400.0,2024-07-03
2024070301019443,SRLI,50,10,28.0,440.0,12320.0,2024-07-03
2024070301019442,SANIMA,26,6,400.0,259.0,103600.0,2024-07-03
2024070301019441,SANIMA,41,6,100.0,259.0,25900.0,2024-07-03
2024070301019440,SANIMA,49,6,2000.0,259.0,518000.0,2024-07-03
2024070301019439,MMKJL,45,58,65.0,495.2,32188.0,2024-07-03
2024070301019438,CKHL,68,88,500.0,588.0,294000.0,2024-07-03
2024070305005008,CIT,38,53,30.0,2135.0,64050.0,2024-07-03
2024070305005007,CIT,33,53,20.0,2135.0,42700.0,2024-07-03
2024070301019437,SARBTM,62,32,274.0,787.2,215692.8,2024-07-03
2024070301019436,SARBTM,62,32,391.0,787.2,307795.2,2024-07-03
2024070301019435,SARBTM,56,32,100.0,787.4,78740.0,2024-07-03
2024070301019434,SARBTM,42,32,100.0,787.4,78740.0,2024-07-03
2024070301019433,SARBTM,48,32,180.0,790.0,142200.0,2024-07-03
2024070301019432,SARBTM,95,32,200.0,790.0,158000.0,2024-07-03
2024070301019431,SARBTM,45,32,250.0,793.0,198250.0,2024-07-03
2024070301019430,SARBTM,45,32,250.0,793.0,198250.0,2024-07-03
2024070303027151,NLICL,60,44,30.0,545.0,16350.0,2024-07-03
2024070303027150,NMBMF,34,38,235.0,697.0,163795.0,2024-07-03
2024070301019429,MANDU,42,3,50.0,1074.0,53700.0,2024-07-03
2024070305005006,STC,45,50,10.0,4906.0,49060.0,2024-07-03
2024070303027149,MDB,53,6,24.0,546.0,13104.0,2024-07-03
2024070301019428,RFPL,57,70,80.0,366.0,29280.0,2024-07-03
2024070303027148,EDBL,34,19,25.0,415.0,10375.0,2024-07-03
2024070305005005,CIT,33,54,50.0,2135.0,106750.0,2024-07-03
2024070303027147,BFC,38,43,150.0,516.2,77430.0,2024-07-03
2024070303027146,RLFL,33,60,90.0,454.1,40869.0,2024-07-03
2024070303027145,RLFL,48,60,1000.0,454.2,454200.0,2024-07-03
2024070301019427,CLI,16,16,60.0,490.0,29400.0,2024-07-03
2024070301019426,CLI,16,19,10.0,489.8,4898.0,2024-07-03
2024070301019425,CLI,16,56,10.0,489.0,4890.0,2024-07-03
2024070301019424,CLI,16,36,10.0,489.0,4890.0,2024-07-03
2024070301019423,CLI,16,35,100.0,488.0,48800.0,2024-07-03
2024070301019422,CLI,16,51,10.0,488.0,4880.0,2024-07-03
2024070301019421,CLI,16,45,50.0,488.0,24400.0,2024-07-03
2024070303027144,GMFIL,1,57,100.0,480.9,48090.0,2024-07-03
2024070304008075,BPCL,57,49,44.0,291.4,12821.6,2024-07-03
2024070304008074,BPCL,42,49,25.0,291.9,7297.5,2024-07-03
2024070301019420,PRVU,45,18,250.0,148.0,37000.0,2024-07-03
2024070301019419,CLI,21,38,10.0,487.8,4878.0,2024-07-03
2024070304008073,GHL,38,54,190.0,150.0,28500.0,2024-07-03
2024070303027143,MPFL,22,41,11.0,537.0,5907.0,2024-07-03
2024070304008072,HURJA,29,35,71.0,270.0,19170.0,2024-07-03
2024070304008071,HURJA,29,38,19.0,270.0,5130.0,2024-07-03
2024070304008070,HURJA,29,26,210.0,269.0,56490.0,2024-07-03
2024070304008069,SGIC,44,39,418.0,554.0,231572.0,2024-07-03
2024070304008068,SGIC,44,26,100.0,554.0,55400.0,2024-07-03
2024070304008067,SGIC,44,34,10.0,554.0,5540.0,2024-07-03
2024070304008066,SGIC,44,13,10.0,554.0,5540.0,2024-07-03
2024070304008065,SGIC,44,40,50.0,554.0,27700.0,2024-07-03
2024070304008064,SGIC,44,57,100.0,554.0,55400.0,2024-07-03
2024070304008063,SGIC,44,38,100.0,554.0,55400.0,2024-07-03
2024070304008062,SGIC,44,64,100.0,554.0,55400.0,2024-07-03
2024070304008061,SGIC,44,38,10.0,554.0,5540.0,2024-07-03
2024070304008060,SGIC,44,19,250.0,554.0,138500.0,2024-07-03
2024070304008059,SGIC,44,43,20.0,553.0,11060.0,2024-07-03
2024070304008058,SGIC,44,85,500.0,552.8,276400.0,2024-07-03
2024070304008057,SGIC,44,45,332.0,552.0,183264.0,2024-07-03
2024070304008056,RIDI,59,45,200.0,164.0,32800.0,2024-07-03
2024070301019418,IHL,5,58,10.0,439.4,4394.0,2024-07-03
2024070304008055,HURJA,45,26,20.0,269.0,5380.0,2024-07-03
2024070304008054,HURJA,57,26,270.0,269.0,72630.0,2024-07-03
2024070305005004,HRL,29,13,156.0,543.0,84708.0,2024-07-03
2024070305005003,HRL,49,13,141.0,543.0,76563.0,2024-07-03
2024070305005002,HRL,19,13,20.0,543.0,10860.0,2024-07-03
2024070305005001,HRL,41,13,10.0,543.0,5430.0,2024-07-03
2024070305005000,HRL,22,13,30.0,543.0,16290.0,2024-07-03
2024070305004999,HRL,41,13,40.0,543.0,21720.0,2024-07-03
2024070305004998,HRL,58,13,145.0,543.5,78807.5,2024-07-03
2024070303027142,GUFL,26,34,50.0,727.0,36350.0,2024-07-03
2024070303027141,GUFL,26,17,100.0,727.0,72700.0,2024-07-03
2024070303027140,SADBL,38,53,200.0,328.4,65680.0,2024-07-03
2024070304008053,CGH,43,45,50.0,842.0,42100.0,2024-07-03
2024070303027139,SLBBL,53,92,14.0,805.0,11270.0,2024-07-03
2024070301019417,UNLB,88,17,30.0,2039.9,61197.0,2024-07-03
2024070301019416,UNLB,88,17,10.0,2030.0,20300.0,2024-07-03
2024070301019415,UNLB,88,22,10.0,2030.0,20300.0,2024-07-03
2024070301019414,UNLB,88,46,10.0,2030.0,20300.0,2024-07-03
2024070301019413,UNLB,88,52,10.0,2029.0,20290.0,2024-07-03
2024070301019412,UNLB,88,58,10.0,2025.0,20250.0,2024-07-03
2024070301019411,UNLB,88,21,10.0,2025.0,20250.0,2024-07-03
2024070301019410,UNLB,88,51,10.0,2025.0,20250.0,2024-07-03
2024070301019409,UNLB,88,43,65.0,2020.0,131300.0,2024-07-03
2024070301019408,UNLB,88,81,10.0,2020.0,20200.0,2024-07-03
2024070301019407,UNLB,88,8,10.0,2020.0,20200.0,2024-07-03
2024070301019406,UNLB,88,21,50.0,2020.0,101000.0,2024-07-03
2024070301019405,UNLB,88,33,60.0,2019.9,121194.0,2024-07-03
2024070301019404,BHDC,41,36,10.0,575.0,5750.0,2024-07-03
2024070304008052,RADHI,35,52,2135.0,252.3,538660.5,2024-07-03
2024070304008051,RADHI,57,52,543.0,252.4,137053.2,2024-07-03
2024070304008050,RADHI,8,52,20.0,252.4,5048.0,2024-07-03
2024070304008049,RADHI,35,52,58.0,252.4,14639.2,2024-07-03
2024070304008048,RADHI,6,52,390.0,252.6,98514.0,2024-07-03
2024070304008047,RADHI,34,52,100.0,253.0,25300.0,2024-07-03
2024070304008046,RADHI,47,52,50.0,253.0,12650.0,2024-07-03
2024070304008045,RADHI,35,52,77.0,253.0,19481.0,2024-07-03
2024070304008044,RADHI,52,52,460.0,254.0,116840.0,2024-07-03
2024070301019403,SANIMA,41,42,321.0,260.0,83460.0,2024-07-03
2024070301019402,SANIMA,41,38,891.0,260.0,231660.0,2024-07-03
2024070301019401,SANIMA,41,66,160.0,259.1,41456.0,2024-07-03
2024070303027138,MFIL,32,4,50.0,593.0,29650.0,2024-07-03
2024070305004997,NTC,43,41,30.0,818.6,24558.0,2024-07-03
2024070303027137,PROFL,41,58,50.0,436.3,21815.0,2024-07-03
2024070303027136,PROFL,1,58,100.0,436.3,43630.0,2024-07-03
2024070304008043,RIDI,38,45,168.0,164.0,27552.0,2024-07-03
2024070301019400,HHL,3,38,35.0,367.0,12845.0,2024-07-03
2024070305004996,CIT,42,20,13.0,2136.0,27768.0,2024-07-03
2024070301019399,MCHL,14,14,90.0,427.7,38493.0,2024-07-03
2024070301019398,MCHL,17,14,90.0,427.7,38493.0,2024-07-03
2024070301019397,MANDU,35,3,200.0,1074.0,214800.0,2024-07-03
2024070301019396,MANDU,19,3,40.0,1074.1,42964.0,2024-07-03
2024070304008042,BPCL,42,13,75.0,291.9,21892.5,2024-07-03
2024070303027135,NFS,41,71,600.0,884.0,530400.0,2024-07-03
2024070303027134,NFS,61,71,100.0,884.1,88410.0,2024-07-03
2024070304008041,AHPC,16,71,462.0,153.0,70686.0,2024-07-03
2024070304008040,AHPC,57,71,500.0,153.1,76550.0,2024-07-03
2024070304008039,AHPC,52,71,20.0,153.2,3064.0,2024-07-03
2024070304008038,AHPC,45,71,50.0,153.3,7665.0,2024-07-03
2024070304008037,AHPC,58,71,40.0,153.5,6140.0,2024-07-03
2024070304008036,AHPC,44,71,28.0,153.7,4303.6,2024-07-03
2024070304008035,HURJA,57,6,130.0,269.0,34970.0,2024-07-03
2024070304008034,HURJA,45,6,500.0,269.0,134500.0,2024-07-03
2024070304008033,HURJA,59,6,290.0,269.0,78010.0,2024-07-03
2024070303027133,SIFC,62,43,30.0,479.0,14370.0,2024-07-03
2024070305004995,ENL,34,54,10.0,1127.0,11270.0,2024-07-03
2024070303027132,MERO,41,54,20.0,678.0,13560.0,2024-07-03
2024070303027131,MERO,65,54,150.0,678.1,101715.0,2024-07-03
2024070301019395,RFPL,26,51,10.0,365.5,3655.0,2024-07-03
2024070304008032,NHPC,26,45,340.0,143.4,48756.0,2024-07-03
2024070304008031,NHPC,26,43,60.0,143.4,8604.0,2024-07-03
2024070303027130,MLBSL,58,58,10.0,1998.0,19980.0,2024-07-03
2024070303027129,MLBSL,58,49,10.0,1998.0,19980.0,2024-07-03
2024070304008030,AKJCL,43,45,128.0,207.0,26496.0,2024-07-03
2024070301019394,ADBL,28,17,10.0,271.0,2710.0,2024-07-03
2024070301019393,ADBL,28,7,482.0,270.4,130332.8,2024-07-03
2024070301019392,BEDC,17,62,800.0,431.0,344800.0,2024-07-03
2024070301019391,SANIMA,58,66,100.0,259.1,25910.0,2024-07-03
2024070303027128,SINDU,39,41,45.0,442.0,19890.0,2024-07-03
2024070303027127,NUBL,58,58,20.0,660.0,13200.0,2024-07-03
2024070303027126,NUBL,39,58,100.0,660.1,66010.0,2024-07-03
2024070304008029,HURJA,59,16,500.0,269.0,134500.0,2024-07-03
2024070304008028,HURJA,62,16,500.0,269.1,134550.0,2024-07-03
2024070304008027,SJCL,66,45,20.0,260.0,5200.0,2024-07-03
2024070303027125,ACLBSL,45,45,100.0,1118.0,111800.0,2024-07-03
2024070303027124,NMBMF,34,36,350.0,697.0,243950.0,2024-07-03
2024070304008026,SHEL,42,70,590.0,155.1,91509.0,2024-07-03
2024070303027123,JFL,22,19,40.0,665.0,26600.0,2024-07-03
2024070303027122,JFL,22,45,10.0,663.5,6635.0,2024-07-03
2024070301019390,NICAD8283,38,49,50.0,1130.0,56500.0,2024-07-03
2024070304008025,GHL,59,54,1000.0,150.0,150000.0,2024-07-03
2024070304008024,NHDL,5,19,75.0,520.0,39000.0,2024-07-03
2024070303027121,MLBL,57,36,500.0,335.0,167500.0,2024-07-03
2024070303027120,PROFL,58,57,1170.0,436.2,510354.0,2024-07-03
2024070303027119,PROFL,34,57,50.0,436.3,21815.0,2024-07-03
2024070304008023,NHPC,35,57,405.0,142.0,57510.0,2024-07-03
2024070304008022,NHPC,57,57,460.0,142.0,65320.0,2024-07-03
2024070304008021,NHPC,22,57,224.0,142.0,31808.0,2024-07-03
2024070304008020,NHPC,20,57,525.0,142.1,74602.5,2024-07-03
2024070304008019,NHPC,57,57,320.0,142.1,45472.0,2024-07-03
2024070304008018,NHPC,34,57,50.0,143.0,7150.0,2024-07-03
2024070304008017,NHPC,14,57,634.0,143.0,90662.0,2024-07-03
2024070305004994,BBC,58,17,10.0,4020.0,40200.0,2024-07-03
2024070303027118,BFC,39,7,142.0,517.0,73414.0,2024-07-03
2024070301019389,MKJC,70,56,10.0,622.0,6220.0,2024-07-03
2024070303027117,GILB,62,37,50.0,1366.4,68320.0,2024-07-03
2024070304008016,SICL,60,42,58.0,690.0,40020.0,2024-07-03
2024070301019388,GVL,80,80,310.0,583.5,180885.0,2024-07-03
2024070303027116,GUFL,3,13,65.0,726.0,47190.0,2024-07-03
2024070303027115,GUFL,49,13,50.0,726.0,36300.0,2024-07-03
2024070303027114,GUFL,5,13,210.0,727.0,152670.0,2024-07-03
2024070303027113,PMLI,68,42,10.0,502.0,5020.0,2024-07-03
2024070304008015,UMHL,54,6,10.0,239.6,2396.0,2024-07-03
2024070301019387,GVL,66,80,10.0,583.5,5835.0,2024-07-03
2024070301019386,GCIL,48,21,425.0,473.0,201025.0,2024-07-03
2024070301019385,GCIL,42,21,67.0,473.0,31691.0,2024-07-03
2024070301019384,GCIL,16,21,12.0,473.1,5677.2,2024-07-03
2024070304008014,HDHPC,11,87,555.0,130.1,72205.5,2024-07-03
2024070301019383,MEL,58,41,100.0,223.9,22390.0,2024-07-03
2024070301019382,MEL,58,32,500.0,223.9,111950.0,2024-07-03
2024070301019381,MEL,58,62,100.0,223.9,22390.0,2024-07-03
2024070303027112,PROFL,34,52,150.0,436.3,65445.0,2024-07-03
2024070301019380,ILI,46,1,212.0,421.7,89400.4,2024-07-03
2024070301019379,ILI,58,1,79.0,421.8,33322.2,2024-07-03
2024070301019378,ILI,34,1,59.0,422.0,24898.0,2024-07-03
2024070301019377,ILI,10,1,150.0,422.0,63300.0,2024-07-03
2024070301019376,SMJC,57,40,50.0,401.0,20050.0,2024-07-03
2024070301019375,SMJC,56,40,100.0,401.1,40110.0,2024-07-03
2024070301019374,SMJC,33,40,50.0,401.1,20055.0,2024-07-03
2024070301019373,NMB,38,22,19.0,196.2,3727.8,2024-07-03
