transaction,symbol,buyer,seller,quantity,rate,amount,date
2025032403014026,LBBL,20,56,20.0,426.0,8520.0,2025-03-24
2025032401016045,GMLI,38,58,60.0,2261.0,135660.0,2025-03-24
2025032401016044,GMLI,38,58,50.0,2268.0,113400.0,2025-03-24
2025032401016043,ULHC,55,17,10.0,518.0,5180.0,2025-03-24
2025032404014408,IGI,47,34,1.0,565.5,565.5,2025-03-24
2025032401016042,RHGCL,80,14,20.0,530.0,10600.0,2025-03-24
2025032403014025,SLBSL,75,47,40.0,2024.0,80960.0,2025-03-24
2025032404014407,SPDL,29,14,10.0,327.0,3270.0,2025-03-24
2025032405013756,NRIC,6,42,14.0,1280.0,17920.0,2025-03-24
2025032403014024,SMB,45,45,10.0,2545.0,25450.0,2025-03-24
2025032401016041,SIKLES,45,58,11.0,1160.4,12764.4,2025-03-24
2025032405013755,HATHY,17,26,10.0,1264.0,12640.0,2025-03-24
2025032401016040,USHEC,25,5,141.0,599.0,84459.0,2025-03-24
2025032401016039,USHEC,25,35,10.0,599.0,5990.0,2025-03-24
2025032401016038,USHEC,25,13,200.0,599.0,119800.0,2025-03-24
2025032401016037,USHEC,25,42,50.0,599.0,29950.0,2025-03-24
2025032401016036,USHEC,25,19,20.0,599.0,11980.0,2025-03-24
2025032401016035,USHEC,25,49,10.0,598.7,5987.0,2025-03-24
2025032401016034,USHEC,25,34,59.0,598.6,35317.4,2025-03-24
2025032401016033,USHEC,25,7,10.0,598.0,5980.0,2025-03-24
2025032401016032,USHEC,25,49,10.0,597.0,5970.0,2025-03-24
2025032401016031,USHEC,25,21,90.0,595.0,53550.0,2025-03-24
2025032403014023,SLBSL,74,47,10.0,2024.0,20240.0,2025-03-24
2025032405013754,HRL,96,34,10.0,966.6,9666.0,2025-03-24
2025032405013753,HIDCL,52,49,50.0,264.0,13200.0,2025-03-24
2025032405013752,HDL,38,70,250.0,1211.0,302750.0,2025-03-24
2025032401016030,USHEC,52,21,10.0,595.0,5950.0,2025-03-24
2025032405013751,SONA,35,57,30.0,460.0,13800.0,2025-03-24
2025032404014406,HDHPC,59,58,20.0,200.0,4000.0,2025-03-24
2025032401016029,SBI,57,51,10.0,409.8,4098.0,2025-03-24
2025032405013750,CHDC,56,69,140.0,2204.0,308560.0,2025-03-24
2025032405013749,CHDC,56,66,60.0,2203.0,132180.0,2025-03-24
2025032401016028,SHLB,25,18,25.0,2100.0,52500.0,2025-03-24
2025032401016027,ULBSL,62,49,10.0,3590.0,35900.0,2025-03-24
2025032404014405,CHL,11,33,150.0,524.8,78720.0,2025-03-24
2025032405013748,ILI,48,39,10.0,466.0,4660.0,2025-03-24
2025032405013747,ILI,48,52,12.0,465.0,5580.0,2025-03-24
2025032405013746,ILI,48,57,978.0,462.0,451836.0,2025-03-24
2025032404014404,GHL,16,71,10.0,281.0,2810.0,2025-03-24
2025032403014022,MNBBL,58,16,22.0,363.5,7997.0,2025-03-24
2025032403014021,MNBBL,11,16,77.0,363.5,27989.5,2025-03-24
2025032403014020,MNBBL,49,16,11.0,363.5,3998.5,2025-03-24
2025032403014019,SJLIC,28,16,252.0,445.0,112140.0,2025-03-24
2025032404014403,AKPL,22,22,10.0,227.8,2278.0,2025-03-24
2025032404014402,SSHL,49,7,450.0,230.5,103725.0,2025-03-24
2025032404014401,SSHL,45,7,400.0,230.5,92200.0,2025-03-24
2025032404014400,SSHL,28,7,15.0,230.6,3459.0,2025-03-24
2025032404014399,HPPL,16,58,200.0,584.0,116800.0,2025-03-24
2025032401016026,NIMB,58,33,200.0,210.4,42080.0,2025-03-24
2025032403014018,MLBSL,58,85,20.0,2260.0,45200.0,2025-03-24
2025032403014017,MLBSL,58,34,10.0,2259.0,22590.0,2025-03-24
2025032403014016,MLBSL,58,58,90.0,2258.8,203292.0,2025-03-24
2025032403014015,MLBSL,58,8,20.0,2258.0,45160.0,2025-03-24
2025032403014014,MLBSL,58,40,10.0,2258.0,22580.0,2025-03-24
2025032404014398,AKJCL,58,14,350.0,204.5,71575.0,2025-03-24
2025032404014397,AKJCL,58,41,500.0,204.4,102200.0,2025-03-24
2025032405013745,MBJC,38,34,90.0,324.0,29160.0,2025-03-24
2025032401016025,MKHL,34,52,60.0,704.0,42240.0,2025-03-24
2025032401016024,MKHL,34,83,500.0,704.0,352000.0,2025-03-24
2025032401016023,MKHL,34,6,40.0,703.9,28156.0,2025-03-24
2025032401016022,RFPL,47,49,10.0,720.0,7200.0,2025-03-24
2025032401016021,RFPL,47,54,10.0,719.9,7199.0,2025-03-24
2025032403014013,NLIC,14,47,180.0,766.3,137934.0,2025-03-24
2025032403014012,NLIC,49,47,10.0,766.9,7669.0,2025-03-24
2025032403014011,NLIC,57,47,10.0,768.0,7680.0,2025-03-24
2025032404014396,SGIC,34,16,20.0,600.0,12000.0,2025-03-24
2025032401016020,SMHL,98,14,100.0,920.1,92010.0,2025-03-24
2025032401016019,MHCL,98,37,10.0,524.0,5240.0,2025-03-24
2025032404014395,RURU,26,38,55.0,743.7,40903.5,2025-03-24
2025032404014394,RURU,26,14,35.0,739.0,25865.0,2025-03-24
2025032403014010,MFIL,1,39,100.0,616.5,61650.0,2025-03-24
2025032403014009,HLI,42,32,50.0,420.0,21000.0,2025-03-24
2025032403014008,PFL,42,21,20.0,438.0,8760.0,2025-03-24
2025032401016018,BHL,32,53,10.0,340.0,3400.0,2025-03-24
2025032401016017,BHL,32,43,50.0,339.9,16995.0,2025-03-24
2025032404014393,SPDL,48,41,10.0,325.0,3250.0,2025-03-24
2025032403014007,SJLIC,41,16,78.0,445.0,34710.0,2025-03-24
2025032403014006,SJLIC,41,7,10.0,445.0,4450.0,2025-03-24
2025032403014005,SJLIC,41,45,50.0,445.0,22250.0,2025-03-24
2025032403014004,SJLIC,41,42,10.0,445.0,4450.0,2025-03-24
2025032403014003,SJLIC,41,1,32.0,445.0,14240.0,2025-03-24
2025032401016016,GMLI,38,47,10.0,2268.0,22680.0,2025-03-24
2025032401016015,GMLI,38,44,10.0,2268.0,22680.0,2025-03-24
2025032401016014,GMLI,38,45,10.0,2267.5,22675.0,2025-03-24
2025032401016013,GMLI,38,49,10.0,2267.0,22670.0,2025-03-24
2025032401016012,GMLI,38,17,10.0,2265.9,22659.0,2025-03-24
2025032403014002,SINDU,96,34,45.0,1150.0,51750.0,2025-03-24
2025032403014001,SINDU,96,13,10.0,1149.0,11490.0,2025-03-24
2025032403014000,SINDU,96,48,100.0,1149.0,114900.0,2025-03-24
2025032403013999,SINDU,96,8,70.0,1148.0,80360.0,2025-03-24
2025032403013998,SINDU,96,58,217.0,1146.0,248682.0,2025-03-24
2025032403013997,SINDU,96,65,95.0,1145.0,108775.0,2025-03-24
2025032403013996,SINDU,96,19,70.0,1144.0,80080.0,2025-03-24
2025032403013995,SINDU,96,8,100.0,1140.0,114000.0,2025-03-24
2025032403013994,SINDU,96,39,30.0,1140.0,34200.0,2025-03-24
2025032403013993,SINDU,96,94,100.0,1140.0,114000.0,2025-03-24
2025032403013992,SINDU,96,38,20.0,1140.0,22800.0,2025-03-24
2025032403013991,SINDU,96,62,490.0,1138.0,557620.0,2025-03-24
2025032403013990,SINDU,96,57,22.0,1136.0,24992.0,2025-03-24
2025032403013989,SINDU,96,34,131.0,1136.0,148816.0,2025-03-24
2025032404014392,SHEL,57,69,143.0,251.0,35893.0,2025-03-24
2025032404014391,SHEL,42,69,288.0,251.0,72288.0,2025-03-24
2025032404014390,SHEL,57,69,50.0,251.1,12555.0,2025-03-24
2025032404014389,SHEL,1,69,20.0,251.5,5030.0,2025-03-24
2025032404014388,UNHPL,49,45,10.0,307.0,3070.0,2025-03-24
2025032401016011,SBL,50,48,25.0,281.0,7025.0,2025-03-24
2025032404014387,LEC,41,39,45.0,209.2,9414.0,2025-03-24
2025032403013988,ICFC,37,92,10.0,619.0,6190.0,2025-03-24
2025032404014386,UPCL,35,45,20.0,289.0,5780.0,2025-03-24
2025032401016010,AHL,88,29,100.0,748.0,74800.0,2025-03-24
2025032401016009,AHL,88,58,10.0,748.0,7480.0,2025-03-24
2025032401016008,AHL,88,55,30.0,748.0,22440.0,2025-03-24
2025032401016007,AHL,88,34,10.0,747.0,7470.0,2025-03-24
2025032401016006,AHL,88,51,284.0,746.0,211864.0,2025-03-24
2025032401016005,AHL,88,58,10.0,746.0,7460.0,2025-03-24
2025032401016004,AHL,88,36,55.0,745.0,40975.0,2025-03-24
2025032403013987,PMLI,57,17,100.0,581.2,58120.0,2025-03-24
2025032403013986,PMLI,57,34,30.0,581.0,17430.0,2025-03-24
2025032403013985,PMLI,57,25,400.0,581.0,232400.0,2025-03-24
2025032403013984,PMLI,57,41,54.0,580.0,31320.0,2025-03-24
2025032403013983,PMLI,57,58,69.0,580.0,40020.0,2025-03-24
2025032403013982,PMLI,57,54,500.0,578.0,289000.0,2025-03-24
2025032403013981,PMLI,57,46,700.0,576.0,403200.0,2025-03-24
2025032403013980,PMLI,57,3,500.0,575.2,287600.0,2025-03-24
2025032403013979,PMLI,57,48,500.0,575.0,287500.0,2025-03-24
2025032403013978,PMLI,57,35,172.0,575.0,98900.0,2025-03-24
2025032403013977,PMLI,57,53,100.0,574.1,57410.0,2025-03-24
2025032403013976,PMLI,57,38,12.0,573.2,6878.4,2025-03-24
2025032403013975,PMLI,57,26,12.0,573.0,6876.0,2025-03-24
2025032403013974,PMLI,57,5,45.0,573.0,25785.0,2025-03-24
2025032403013973,PMLI,57,45,86.0,573.0,49278.0,2025-03-24
2025032404014385,HPPL,57,3,50.0,588.8,29440.0,2025-03-24
2025032401016003,HBL,56,11,10.0,235.0,2350.0,2025-03-24
2025032403013972,GBBL,62,22,395.0,395.0,156025.0,2025-03-24
2025032403013971,GBBL,62,44,240.0,394.8,94752.0,2025-03-24
2025032403013970,GBBL,62,94,250.0,394.7,98675.0,2025-03-24
2025032403013969,GBBL,62,35,115.0,394.0,45310.0,2025-03-24
2025032403013968,SLBBL,62,66,20.0,989.0,19780.0,2025-03-24
2025032403013967,SLBBL,62,58,10.0,989.0,9890.0,2025-03-24
2025032405013744,NRIC,28,11,140.0,1282.1,179494.0,2025-03-24
2025032405013743,NRIC,28,25,240.0,1282.0,307680.0,2025-03-24
2025032405013742,NRIC,28,10,100.0,1281.1,128110.0,2025-03-24
2025032405013741,NRIC,28,29,20.0,1281.0,25620.0,2025-03-24
2025032403013966,SWMF,38,22,70.0,735.0,51450.0,2025-03-24
2025032404014384,AKPL,14,22,20.0,227.9,4558.0,2025-03-24
2025032401016002,MMKJL,55,32,300.0,700.0,210000.0,2025-03-24
2025032401016001,LSL,47,45,50.0,217.0,10850.0,2025-03-24
2025032401016000,NABIL,51,57,10.0,484.0,4840.0,2025-03-24
2025032404014383,HDHPC,58,58,100.0,200.0,20000.0,2025-03-24
2025032405013740,NRIC,6,58,50.0,1280.0,64000.0,2025-03-24
2025032403013965,NUBL,51,49,10.0,675.0,6750.0,2025-03-24
2025032405013739,PHCL,49,26,100.0,589.2,58920.0,2025-03-24
2025032403013964,KSBBL,38,42,489.0,439.9,215111.1,2025-03-24
2025032403013963,KSBBL,66,42,11.0,440.9,4849.9,2025-03-24
2025032401015999,MEHL,64,43,58.0,535.5,31059.0,2025-03-24
2025032401015998,MEHL,57,43,11.0,537.0,5907.0,2025-03-24
2025032401015997,MEHL,54,43,19.0,537.0,10203.0,2025-03-24
2025032401015996,MEHL,45,43,12.0,538.0,6456.0,2025-03-24
2025032403013962,SINDU,44,25,355.0,1135.0,402925.0,2025-03-24
2025032403013961,SINDU,36,25,100.0,1135.1,113510.0,2025-03-24
2025032403013960,SINDU,48,25,45.0,1135.5,51097.5,2025-03-24
2025032401015995,TVCL,41,5,370.0,520.0,192400.0,2025-03-24
2025032401015994,TVCL,34,5,100.0,520.0,52000.0,2025-03-24
2025032401015993,TVCL,17,5,30.0,520.0,15600.0,2025-03-24
2025032401015992,KBSH,5,87,10.0,2518.0,25180.0,2025-03-24
2025032404014382,OHL,85,48,13.0,878.0,11414.0,2025-03-24
2025032404014381,DHPL,74,40,500.0,409.0,204500.0,2025-03-24
2025032404014380,DHPL,74,74,500.0,408.7,204350.0,2025-03-24
2025032404014379,DHPL,74,57,500.0,408.6,204300.0,2025-03-24
2025032404014378,DHPL,74,74,300.0,408.5,122550.0,2025-03-24
2025032405013738,VLUCL,4,74,50.0,672.1,33605.0,2025-03-24
2025032403013959,SAPDBL,72,46,44.0,1157.0,50908.0,2025-03-24
2025032403013958,SAPDBL,72,43,156.0,1155.0,180180.0,2025-03-24
2025032403013957,SAPDBL,72,50,100.0,1155.0,115500.0,2025-03-24
2025032403013956,SAPDBL,72,45,60.0,1155.0,69300.0,2025-03-24
2025032403013955,SAPDBL,72,91,40.0,1155.0,46200.0,2025-03-24
2025032403013954,CORBL,72,22,20.0,1859.0,37180.0,2025-03-24
2025032404014377,NICL,32,38,60.0,829.0,49740.0,2025-03-24
2025032404014376,NICL,54,38,10.0,829.0,8290.0,2025-03-24
2025032403013953,SWBBL,36,22,100.0,832.0,83200.0,2025-03-24
2025032405013737,NRIC,6,41,200.0,1280.0,256000.0,2025-03-24
2025032405013736,NRIC,6,62,300.0,1280.0,384000.0,2025-03-24
2025032405013735,NRIC,6,44,2000.0,1280.0,2560000.0,2025-03-24
2025032405013734,NRIC,6,39,25.0,1280.0,32000.0,2025-03-24
2025032405013733,NRIC,6,55,2500.0,1280.0,3200000.0,2025-03-24
2025032405013732,NRIC,6,32,10.0,1280.0,12800.0,2025-03-24
2025032405013731,NRIC,6,39,500.0,1280.0,640000.0,2025-03-24
2025032405013730,NRIC,6,56,100.0,1280.0,128000.0,2025-03-24
2025032405013729,NRIC,6,44,720.0,1280.0,921600.0,2025-03-24
2025032405013728,NRIC,6,47,180.0,1280.0,230400.0,2025-03-24
2025032405013727,NRIC,6,32,103.0,1280.0,131840.0,2025-03-24
2025032405013726,NRIC,6,41,74.0,1280.0,94720.0,2025-03-24
2025032405013725,NRIC,6,21,300.0,1280.0,384000.0,2025-03-24
2025032405013724,NRIC,6,21,300.0,1280.0,384000.0,2025-03-24
2025032405013723,NRIC,6,52,40.0,1280.0,51200.0,2025-03-24
2025032405013722,NRIC,6,34,67.0,1280.0,85760.0,2025-03-24
2025032405013721,NRIC,6,28,25.0,1280.0,32000.0,2025-03-24
2025032405013720,NRIC,6,45,500.0,1280.0,640000.0,2025-03-24
2025032405013719,NRIC,6,38,50.0,1280.0,64000.0,2025-03-24
2025032405013718,NRIC,6,47,100.0,1280.0,128000.0,2025-03-24
2025032405013717,NRIC,6,42,26.0,1280.0,33280.0,2025-03-24
2025032405013716,NRIC,6,32,10.0,1280.0,12800.0,2025-03-24
2025032405013715,NRIC,6,5,25.0,1280.0,32000.0,2025-03-24
2025032405013714,NRIC,6,48,550.0,1280.0,704000.0,2025-03-24
2025032405013713,NRIC,6,35,200.0,1280.0,256000.0,2025-03-24
2025032405013712,NRIC,6,58,49.0,1280.0,62720.0,2025-03-24
2025032405013711,NRIC,6,50,80.0,1280.0,102400.0,2025-03-24
2025032405013710,NRIC,6,58,64.0,1280.0,81920.0,2025-03-24
2025032405013709,NRIC,6,64,200.0,1280.0,256000.0,2025-03-24
2025032405013708,NRIC,6,42,50.0,1280.0,64000.0,2025-03-24
2025032405013707,NRIC,6,5,43.0,1279.9,55035.7,2025-03-24
2025032405013706,NRIC,6,81,500.0,1279.0,639500.0,2025-03-24
2025032405013705,NRIC,6,53,13.0,1279.0,16627.0,2025-03-24
2025032405013704,NRIC,6,34,41.0,1279.0,52439.0,2025-03-24
2025032405013703,NRIC,6,45,285.0,1279.0,364515.0,2025-03-24
2025032405013702,NRIC,6,7,1000.0,1278.0,1278000.0,2025-03-24
2025032405013701,NRIC,6,48,53.0,1278.0,67734.0,2025-03-24
2025032405013700,NRIC,6,63,10.0,1278.0,12780.0,2025-03-24
2025032405013699,NRIC,6,45,53.0,1277.3,67696.9,2025-03-24
2025032405013698,NRIC,6,16,100.0,1277.0,127700.0,2025-03-24
2025032405013697,NRIC,6,52,50.0,1277.0,63850.0,2025-03-24
2025032405013696,NRIC,6,19,50.0,1277.0,63850.0,2025-03-24
2025032405013695,NRIC,6,52,83.0,1277.0,105991.0,2025-03-24
2025032405013694,NRIC,6,43,10.0,1277.0,12770.0,2025-03-24
2025032405013693,NRIC,6,55,200.0,1276.0,255200.0,2025-03-24
2025032405013692,NRIC,6,22,12.0,1276.0,15312.0,2025-03-24
2025032405013691,NRIC,6,25,50.0,1276.0,63800.0,2025-03-24
2025032405013690,NRIC,6,49,100.0,1275.0,127500.0,2025-03-24
2025032405013689,NRIC,6,58,100.0,1275.0,127500.0,2025-03-24
2025032405013688,NRIC,6,52,20.0,1275.0,25500.0,2025-03-24
2025032405013687,NRIC,6,97,10.0,1275.0,12750.0,2025-03-24
2025032405013686,NRIC,6,21,200.0,1275.0,255000.0,2025-03-24
2025032405013685,NRIC,6,52,50.0,1275.0,63750.0,2025-03-24
2025032405013684,NRIC,6,22,80.0,1275.0,102000.0,2025-03-24
2025032405013683,NRIC,6,54,20.0,1275.0,25500.0,2025-03-24
2025032405013682,NRIC,6,39,500.0,1275.0,637500.0,2025-03-24
2025032405013681,NRIC,6,45,34.0,1275.0,43350.0,2025-03-24
2025032405013680,NRIC,6,43,10.0,1275.0,12750.0,2025-03-24
2025032405013679,NRIC,6,45,1000.0,1275.0,1275000.0,2025-03-24
2025032405013678,NRIC,6,50,10.0,1275.0,12750.0,2025-03-24
2025032405013677,NRIC,6,19,53.0,1275.0,67575.0,2025-03-24
2025032405013676,NRIC,6,59,12.0,1275.0,15300.0,2025-03-24
2025032405013675,NRIC,6,71,100.0,1275.0,127500.0,2025-03-24
2025032405013674,NRIC,6,91,53.0,1275.0,67575.0,2025-03-24
2025032405013673,NRIC,6,21,67.0,1275.0,85425.0,2025-03-24
2025032405013672,NRIC,6,52,10.0,1275.0,12750.0,2025-03-24
2025032405013671,NRIC,6,49,74.0,1275.0,94350.0,2025-03-24
2025032405013670,NRIC,6,44,43.0,1275.0,54825.0,2025-03-24
2025032405013669,NRIC,6,86,50.0,1275.0,63750.0,2025-03-24
2025032405013668,NRIC,6,38,50.0,1275.0,63750.0,2025-03-24
2025032405013667,NRIC,6,34,11.0,1275.0,14025.0,2025-03-24
2025032405013666,NRIC,6,49,175.0,1275.0,223125.0,2025-03-24
2025032405013665,NRIC,6,14,100.0,1274.0,127400.0,2025-03-24
2025032405013664,NRIC,6,5,126.0,1274.0,160524.0,2025-03-24
2025032405013663,NRIC,6,96,250.0,1274.0,318500.0,2025-03-24
2025032405013662,NRIC,6,57,50.0,1273.9,63695.0,2025-03-24
2025032405013661,NRIC,6,5,90.0,1273.0,114570.0,2025-03-24
2025032405013660,NRIC,6,34,240.0,1272.0,305280.0,2025-03-24
2025032405013659,NRIC,6,62,200.0,1272.0,254400.0,2025-03-24
2025032405013658,NRIC,6,29,300.0,1272.0,381600.0,2025-03-24
2025032403013952,LICN,58,39,76.0,995.1,75627.6,2025-03-24
2025032404014375,CHCL,52,51,10.0,490.9,4909.0,2025-03-24
2025032403013951,RSDC,62,10,10.0,712.0,7120.0,2025-03-24
2025032401015991,NYADI,41,38,97.0,580.0,56260.0,2025-03-24
2025032401015990,NYADI,41,32,30.0,580.0,17400.0,2025-03-24
2025032401015989,NYADI,41,21,500.0,579.5,289750.0,2025-03-24
2025032401015988,NYADI,41,34,873.0,579.3,505728.9,2025-03-24
2025032401015987,NYADI,41,34,1127.0,579.3,652871.1,2025-03-24
2025032401015986,NYADI,41,52,238.0,579.0,137802.0,2025-03-24
2025032401015985,NYADI,41,70,115.0,579.0,66585.0,2025-03-24
2025032401015984,NYADI,41,81,200.0,579.0,115800.0,2025-03-24
2025032401015983,NYADI,41,43,29.0,579.0,16791.0,2025-03-24
2025032401015982,NYADI,41,28,90.0,579.0,52110.0,2025-03-24
2025032401015981,NYADI,41,41,500.0,578.0,289000.0,2025-03-24
2025032401015980,NYADI,41,58,20.0,578.0,11560.0,2025-03-24
2025032401015979,NYADI,41,48,200.0,577.0,115400.0,2025-03-24
2025032401015978,NYADI,41,40,300.0,577.0,173100.0,2025-03-24
2025032401015977,NYADI,41,89,40.0,576.0,23040.0,2025-03-24
2025032401015976,NYADI,41,35,30.0,576.0,17280.0,2025-03-24
2025032401015975,NYADI,41,4,200.0,575.9,115180.0,2025-03-24
2025032401015974,NYADI,41,74,910.0,575.0,523250.0,2025-03-24
2025032404014374,HEI,48,14,10.0,605.0,6050.0,2025-03-24
2025032403013950,ICFC,16,92,45.0,619.0,27855.0,2025-03-24
2025032403013949,ICFC,16,14,105.0,619.0,64995.0,2025-03-24
2025032403013948,MLBL,14,16,12.0,401.0,4812.0,2025-03-24
2025032404014373,API,47,26,500.0,269.9,134950.0,2025-03-24
2025032401015973,ULHC,26,17,10.0,518.0,5180.0,2025-03-24
2025032404014372,UMHL,8,44,722.0,440.2,317824.4,2025-03-24
2025032404014371,UMHL,42,44,123.0,440.2,54144.6,2025-03-24
2025032404014370,UMHL,36,44,500.0,440.2,220100.0,2025-03-24
2025032404014369,UMHL,25,44,100.0,440.2,44020.0,2025-03-24
2025032404014368,UMHL,64,44,65.0,440.3,28619.5,2025-03-24
2025032404014367,UMHL,64,45,535.0,440.3,235560.5,2025-03-24
2025032404014366,UMHL,56,45,465.0,441.0,205065.0,2025-03-24
2025032401015972,MKHC,17,36,80.0,516.0,41280.0,2025-03-24
2025032404014365,UNHPL,4,45,10.0,307.0,3070.0,2025-03-24
2025032401015971,HIDCLP,38,65,42.0,173.0,7266.0,2025-03-24
2025032401015970,NBL,38,14,50.0,251.2,12560.0,2025-03-24
2025032405013657,SONA,58,57,104.0,460.0,47840.0,2025-03-24
2025032403013947,SHINE,19,58,44.0,414.6,18242.4,2025-03-24
2025032403013946,BFC,58,41,10.0,562.0,5620.0,2025-03-24
2025032405013656,RNLI,67,34,10.0,540.0,5400.0,2025-03-24
2025032404014364,AKPL,14,39,100.0,227.9,22790.0,2025-03-24
2025032403013945,GBLBS,39,10,25.0,817.0,20425.0,2025-03-24
2025032403013944,GBLBS,39,56,10.0,816.5,8165.0,2025-03-24
2025032404014363,UMHL,39,42,10.0,441.9,4419.0,2025-03-24
2025032404014362,SJCL,51,35,15.0,324.8,4872.0,2025-03-24
2025032403013943,ILBS,64,49,10.0,950.0,9500.0,2025-03-24
2025032405013655,SHIVM,34,13,73.0,529.0,38617.0,2025-03-24
2025032405013654,SHIVM,34,57,127.0,529.0,67183.0,2025-03-24
2025032403013942,RLFL,6,63,100.0,533.0,53300.0,2025-03-24
2025032403013941,RLFL,26,63,100.0,533.5,53350.0,2025-03-24
2025032404014361,DHPL,28,74,189.0,407.3,76979.7,2025-03-24
2025032401015969,SPC,55,44,100.0,523.0,52300.0,2025-03-24
2025032405013653,CIT,55,6,10.0,1961.0,19610.0,2025-03-24
2025032404014360,GHL,47,71,200.0,281.0,56200.0,2025-03-24
2025032405013652,NTC,51,4,10.0,905.0,9050.0,2025-03-24
2025032405013651,NTC,51,41,10.0,904.0,9040.0,2025-03-24
2025032404014359,AKPL,14,36,500.0,227.9,113950.0,2025-03-24
2025032403013940,MSLB,26,58,10.0,1275.0,12750.0,2025-03-24
2025032403013939,MSLB,26,57,10.0,1275.0,12750.0,2025-03-24
2025032401015968,MHCL,26,37,10.0,524.0,5240.0,2025-03-24
2025032401015967,GMLI,26,34,10.0,2265.0,22650.0,2025-03-24
2025032405013650,SHIVM,26,57,20.0,529.0,10580.0,2025-03-24
2025032401015966,MKJC,29,14,10.0,538.0,5380.0,2025-03-24
2025032403013938,SADBL,43,32,470.0,405.1,190397.0,2025-03-24
2025032401015965,SNLI,32,33,18.0,646.0,11628.0,2025-03-24
2025032403013937,PFL,42,55,465.0,438.0,203670.0,2025-03-24
2025032404014358,SSHL,42,7,50.0,231.0,11550.0,2025-03-24
2025032403013936,SINDU,48,42,10.0,1135.5,11355.0,2025-03-24
2025032401015964,GBIME,38,36,10.0,218.0,2180.0,2025-03-24
2025032401015963,CITY,38,54,10.0,860.0,8600.0,2025-03-24
2025032401015962,CITY,38,68,10.0,860.0,8600.0,2025-03-24
2025032401015961,CITY,38,59,10.0,860.0,8600.0,2025-03-24
2025032401015960,CITY,38,47,10.0,859.9,8599.0,2025-03-24
2025032401015959,CITY,38,56,10.0,859.9,8599.0,2025-03-24
2025032404014357,JOSHI,47,6,243.0,364.0,88452.0,2025-03-24
2025032401015958,CZBIL,58,35,359.0,209.5,75210.5,2025-03-24
2025032401015957,CZBIL,58,17,397.0,209.5,83171.5,2025-03-24
2025032401015956,CZBIL,58,57,1040.0,209.5,217880.0,2025-03-24
2025032401015955,CZBIL,58,25,1000.0,209.4,209400.0,2025-03-24
2025032401015954,CZBIL,58,37,100.0,209.3,20930.0,2025-03-24
2025032401015953,CZBIL,58,14,104.0,209.3,21767.2,2025-03-24
2025032404014356,NLG,96,58,11.0,865.0,9515.0,2025-03-24
2025032403013935,SKBBL,58,57,12.0,797.3,9567.6,2025-03-24
2025032401015952,SRLI,18,18,50.0,419.0,20950.0,2025-03-24
2025032403013934,EDBL,62,38,30.0,647.9,19437.0,2025-03-24
2025032403013933,EDBL,62,47,30.0,647.8,19434.0,2025-03-24
2025032403013932,EDBL,62,58,160.0,647.0,103520.0,2025-03-24
2025032403013931,EDBL,62,5,80.0,646.9,51752.0,2025-03-24
2025032403013930,EDBL,62,97,200.0,643.0,128600.0,2025-03-24
2025032404014355,HURJA,72,56,238.0,235.0,55930.0,2025-03-24
2025032404014354,HURJA,6,56,31.0,235.0,7285.0,2025-03-24
2025032404014353,HURJA,22,56,50.0,235.0,11750.0,2025-03-24
2025032405013649,NRM,34,36,14.0,468.0,6552.0,2025-03-24
2025032403013929,SFCL,36,16,10.0,539.9,5399.0,2025-03-24
2025032403013928,SFCL,39,16,10.0,539.9,5399.0,2025-03-24
2025032404014352,AKJCL,18,40,130.0,204.2,26546.0,2025-03-24
2025032404014351,AKJCL,16,40,170.0,204.3,34731.0,2025-03-24
2025032401015951,MEHL,34,3,100.0,539.1,53910.0,2025-03-24
2025032401015950,MEHL,16,3,10.0,540.9,5409.0,2025-03-24
2025032401015949,DOLTI,50,7,20.0,697.0,13940.0,2025-03-24
2025032401015948,DOLTI,41,7,10.0,698.0,6980.0,2025-03-24
2025032405013648,CIT,38,55,21.0,1960.0,41160.0,2025-03-24
2025032405013647,CIT,55,55,10.0,1960.0,19600.0,2025-03-24
2025032405013646,CIT,22,55,24.0,1960.9,47061.6,2025-03-24
2025032401015947,MKHC,29,36,40.0,516.0,20640.0,2025-03-24
2025032401015946,SANIMA,29,74,100.0,300.0,30000.0,2025-03-24
2025032401015945,SANIMA,29,45,100.0,300.0,30000.0,2025-03-24
2025032403013927,LLBS,32,36,20.0,1065.0,21300.0,2025-03-24
2025032404014350,NLG,96,44,110.0,865.0,95150.0,2025-03-24
2025032403013926,FMDBL,80,42,417.0,758.0,316086.0,2025-03-24
2025032403013925,FMDBL,65,42,873.0,758.0,661734.0,2025-03-24
2025032404014349,UMHL,56,45,35.0,441.0,15435.0,2025-03-24
2025032405013645,RNLI,46,46,10.0,540.0,5400.0,2025-03-24
2025032404014348,BPCL,43,38,30.0,392.4,11772.0,2025-03-24
2025032401015944,KDL,59,38,10.0,1103.0,11030.0,2025-03-24
2025032404014347,OHL,58,67,40.0,872.0,34880.0,2025-03-24
2025032404014346,OHL,21,67,160.0,872.0,139520.0,2025-03-24
2025032403013924,NLIC,58,16,50.0,770.0,38500.0,2025-03-24
2025032405013644,HATHY,34,26,10.0,1264.0,12640.0,2025-03-24
2025032403013923,SWMF,38,16,28.0,735.0,20580.0,2025-03-24
2025032403013922,SWMF,34,16,10.0,735.0,7350.0,2025-03-24
2025032403013921,SWMF,25,16,10.0,735.1,7351.0,2025-03-24
2025032404014345,UAIL,28,44,12.0,648.0,7776.0,2025-03-24
2025032403013920,LICN,58,81,80.0,995.1,79608.0,2025-03-24
2025032403013919,LICN,48,81,20.0,995.1,19902.0,2025-03-24
2025032403013918,LICN,58,81,40.0,996.0,39840.0,2025-03-24
2025032403013917,LICN,34,81,100.0,996.9,99690.0,2025-03-24
2025032403013916,LICN,35,81,50.0,997.0,49850.0,2025-03-24
2025032403013915,LICN,33,81,10.0,998.0,9980.0,2025-03-24
2025032405013643,HDL,1,57,10.0,1214.0,12140.0,2025-03-24
2025032405013642,LUK,32,42,8900.0,9.6,85440.0,2025-03-24
2025032404014344,AHPC,46,32,309.0,252.5,78022.5,2025-03-24
2025032404014343,AHPC,21,32,51.0,252.5,12877.5,2025-03-24
2025032401015943,NICAD8283,42,46,5.0,1086.0,5430.0,2025-03-24
2025032401015942,MKHL,32,38,300.0,701.3,210390.0,2025-03-24
2025032404014342,SGIC,38,16,20.0,600.0,12000.0,2025-03-24
2025032405013641,HRL,6,34,50.0,966.6,48330.0,2025-03-24
2025032401015941,BEDC,64,6,690.0,794.0,547860.0,2025-03-24
2025032401015940,BEDC,70,6,210.0,794.0,166740.0,2025-03-24
2025032401015939,BEDC,36,6,100.0,795.0,79500.0,2025-03-24
2025032401015938,BEDC,46,6,200.0,795.2,159040.0,2025-03-24
2025032401015937,BEDC,11,6,100.0,796.0,79600.0,2025-03-24
2025032401015936,BEDC,57,6,100.0,796.1,79610.0,2025-03-24
2025032405013640,SAHAS,50,48,55.0,498.0,27390.0,2025-03-24
2025032405013639,SAHAS,57,48,260.0,498.0,129480.0,2025-03-24
2025032405013638,SAHAS,32,48,150.0,498.0,74700.0,2025-03-24
2025032405013637,SAHAS,1,48,500.0,498.1,249050.0,2025-03-24
2025032405013636,SAHAS,51,48,200.0,498.1,99620.0,2025-03-24
2025032405013635,SAHAS,54,48,90.0,498.1,44829.0,2025-03-24
2025032405013634,SAHAS,57,48,695.0,498.2,346249.0,2025-03-24
2025032405013633,SAHAS,22,48,50.0,498.5,24925.0,2025-03-24
2025032403013914,SINDU,22,34,164.0,1136.0,186304.0,2025-03-24
2025032405013632,HIDCL,22,1,200.0,265.0,53000.0,2025-03-24
2025032405013631,SAGF,5,4,8700.0,9.1,79170.0,2025-03-24
2025032403013913,MERO,25,42,26.0,717.9,18665.4,2025-03-24
2025032403013912,ALBSL,25,39,10.0,835.0,8350.0,2025-03-24
2025032403013911,KSBBL,38,38,50.0,439.9,21995.0,2025-03-24
2025032403013910,KSBBL,63,38,50.0,440.0,22000.0,2025-03-24
2025032405013630,HRL,22,59,31.0,966.2,29952.2,2025-03-24
2025032401015935,RAWA,58,29,10.0,874.0,8740.0,2025-03-24
2025032401015934,RAWA,58,34,10.0,874.0,8740.0,2025-03-24
2025032404014341,UAIL,16,44,10.0,648.0,6480.0,2025-03-24
2025032401015933,NBL,55,56,23.0,251.0,5773.0,2025-03-24
2025032405013629,NRIC,63,29,200.0,1272.0,254400.0,2025-03-24
2025032405013628,HRL,22,32,13.0,966.2,12560.6,2025-03-24
2025032403013909,NABBC,51,38,69.0,1915.0,132135.0,2025-03-24
2025032403013908,NABBC,33,38,10.0,1920.0,19200.0,2025-03-24
2025032403013907,NABBC,49,38,11.0,1920.2,21122.2,2025-03-24
2025032403013906,NABBC,11,38,10.0,1920.3,19203.0,2025-03-24
2025032401015932,HHL,38,32,21.0,505.0,10605.0,2025-03-24
2025032401015931,HHL,38,32,10.0,504.9,5049.0,2025-03-24
2025032401015930,HHL,38,32,10.0,504.8,5048.0,2025-03-24
2025032401015929,HHL,38,32,10.0,504.7,5047.0,2025-03-24
2025032401015928,HHL,38,32,10.0,504.6,5046.0,2025-03-24
2025032401015927,HHL,38,32,50.0,504.0,25200.0,2025-03-24
2025032401015926,HHL,38,34,10.0,504.0,5040.0,2025-03-24
2025032401015925,HHL,38,32,10.0,503.9,5039.0,2025-03-24
2025032401015924,HHL,38,32,50.0,503.0,25150.0,2025-03-24
2025032401015923,HHL,38,44,69.0,503.0,34707.0,2025-03-24
2025032405013627,HDL,49,57,22.0,1214.0,26708.0,2025-03-24
2025032405013626,HDL,49,38,30.0,1214.0,36420.0,2025-03-24
2025032404014340,GHL,39,52,323.0,280.1,90472.3,2025-03-24
2025032404014339,GHL,58,52,177.0,281.0,49737.0,2025-03-24
2025032403013905,ILBS,62,49,30.0,950.0,28500.0,2025-03-24
2025032404014338,RHPL,57,3,100.0,386.9,38690.0,2025-03-24
2025032404014337,GLH,41,57,210.0,242.0,50820.0,2025-03-24
2025032404014336,GLH,58,57,40.0,242.0,9680.0,2025-03-24
2025032404014335,GLH,57,57,100.0,242.1,24210.0,2025-03-24
2025032404014334,GLH,35,57,30.0,242.2,7266.0,2025-03-24
2025032404014333,GLH,38,57,1000.0,242.3,242300.0,2025-03-24
2025032404014332,GLH,42,57,400.0,242.4,96960.0,2025-03-24
2025032404014331,GLH,48,57,410.0,242.4,99384.0,2025-03-24
2025032404014330,GLH,4,57,500.0,242.5,121250.0,2025-03-24
2025032404014329,GLH,8,57,200.0,242.6,48520.0,2025-03-24
2025032404014328,GLH,32,57,100.0,243.0,24300.0,2025-03-24
2025032404014327,GLH,14,57,100.0,243.0,24300.0,2025-03-24
2025032404014326,GLH,36,57,200.0,243.0,48600.0,2025-03-24
2025032404014325,GLH,41,57,10.0,243.0,2430.0,2025-03-24
2025032404014324,GLH,22,57,200.0,243.2,48640.0,2025-03-24
2025032404014323,GLH,16,57,1000.0,243.3,243300.0,2025-03-24
2025032404014322,GLH,32,57,500.0,243.4,121700.0,2025-03-24
2025032401015922,RHGCL,34,57,10.0,527.0,5270.0,2025-03-24
2025032403013904,GFCL,4,53,10.0,673.2,6732.0,2025-03-24
2025032403013903,GFCL,21,53,10.0,673.5,6735.0,2025-03-24
2025032403013902,BFC,32,41,25.0,562.0,14050.0,2025-03-24
2025032403013901,BFC,49,41,40.0,562.0,22480.0,2025-03-24
2025032403013900,BFC,47,41,150.0,562.0,84300.0,2025-03-24
2025032403013899,BFC,47,41,50.0,562.1,28105.0,2025-03-24
2025032405013625,ILI,33,57,40.0,462.0,18480.0,2025-03-24
2025032403013898,SLBSL,97,67,20.0,2010.0,40200.0,2025-03-24
2025032404014321,SPDL,48,49,60.0,325.0,19500.0,2025-03-24
2025032404014320,SPDL,48,14,1006.0,325.0,326950.0,2025-03-24
2025032404014319,GHL,16,65,10.0,281.9,2819.0,2025-03-24
2025032403013897,NLIC,17,16,70.0,770.0,53900.0,2025-03-24
2025032403013896,NLIC,53,16,263.0,770.0,202510.0,2025-03-24
2025032401015921,MKHC,14,36,30.0,516.0,15480.0,2025-03-24
2025032404014318,MEN,22,17,17.0,582.0,9894.0,2025-03-24
2025032403013895,NFS,45,49,100.0,705.9,70590.0,2025-03-24
2025032403013894,NFS,45,42,100.0,705.0,70500.0,2025-03-24
2025032401015920,MCHL,42,36,30.0,587.0,17610.0,2025-03-24
2025032404014317,DHPL,74,74,300.0,407.2,122160.0,2025-03-24
2025032405013624,CHDC,36,66,40.0,2203.0,88120.0,2025-03-24
2025032405013623,CHDC,36,71,30.0,2203.0,66090.0,2025-03-24
2025032405013622,CHDC,36,33,50.0,2203.0,110150.0,2025-03-24
2025032405013621,CHDC,36,66,100.0,2200.0,220000.0,2025-03-24
2025032405013620,CHDC,36,29,200.0,2200.0,440000.0,2025-03-24
2025032405013619,CHDC,36,53,12.0,2200.0,26400.0,2025-03-24
2025032405013618,CHDC,36,66,55.0,2200.0,121000.0,2025-03-24
2025032405013617,CHDC,36,38,19.0,2200.0,41800.0,2025-03-24
2025032401015919,NYADI,94,74,90.0,575.0,51750.0,2025-03-24
2025032401015918,NYADI,94,19,10.0,575.0,5750.0,2025-03-24
2025032401015917,NYADI,94,16,10.0,574.7,5747.0,2025-03-24
2025032401015916,NYADI,94,11,10.0,574.0,5740.0,2025-03-24
2025032401015915,NYADI,94,70,200.0,573.9,114780.0,2025-03-24
2025032401015914,NYADI,94,16,10.0,572.4,5724.0,2025-03-24
2025032401015913,NYADI,94,16,10.0,572.3,5723.0,2025-03-24
2025032401015912,NYADI,94,16,10.0,572.1,5721.0,2025-03-24
2025032401015911,NYADI,94,16,60.0,571.9,34314.0,2025-03-24
2025032401015910,NYADI,94,60,90.0,567.0,51030.0,2025-03-24
2025032403013893,SINDU,22,6,36.0,1136.0,40896.0,2025-03-24
2025032403013892,SINDU,55,6,50.0,1136.0,56800.0,2025-03-24
2025032403013891,SINDU,29,6,34.0,1136.0,38624.0,2025-03-24
2025032403013890,SINDU,21,6,30.0,1136.0,34080.0,2025-03-24
2025032405013616,HATHY,34,49,48.0,1253.0,60144.0,2025-03-24
2025032405013615,HATHY,34,49,200.0,1253.0,250600.0,2025-03-24
2025032405013614,HATHY,34,49,200.0,1253.0,250600.0,2025-03-24
2025032405013613,HATHY,51,49,75.0,1253.1,93982.5,2025-03-24
2025032405013612,HATHY,57,49,17.0,1254.0,21318.0,2025-03-24
2025032401015909,SBI,45,35,29.0,407.5,11817.5,2025-03-24
2025032404014316,UMHL,62,26,983.0,442.0,434486.0,2025-03-24
2025032404014315,UMHL,62,37,100.0,441.2,44120.0,2025-03-24
2025032404014314,UMHL,62,11,420.0,441.0,185220.0,2025-03-24
2025032404014313,NHPC,84,34,990.0,209.4,207306.0,2025-03-24
2025032403013889,CBBL,20,52,101.0,841.0,84941.0,2025-03-24
2025032401015908,SHLB,25,10,10.0,2100.0,21000.0,2025-03-24
2025032404014312,UMHL,64,55,400.0,440.3,176120.0,2025-03-24
2025032404014311,UMHL,34,55,500.0,440.5,220250.0,2025-03-24
2025032404014310,UMHL,21,55,100.0,440.9,44090.0,2025-03-24
2025032404014309,UNHPL,45,51,872.0,305.1,266047.2,2025-03-24
2025032404014308,UNHPL,58,51,100.0,305.1,30510.0,2025-03-24
2025032404014307,UNHPL,38,51,105.0,306.0,32130.0,2025-03-24
2025032404014306,UNHPL,45,51,100.0,306.0,30600.0,2025-03-24
2025032404014305,UNHPL,16,51,163.0,306.0,49878.0,2025-03-24
2025032404014304,UNHPL,35,51,100.0,306.0,30600.0,2025-03-24
2025032403013888,PFL,44,55,100.0,438.0,43800.0,2025-03-24
2025032403013887,PFL,4,55,30.0,438.0,13140.0,2025-03-24
2025032403013886,PFL,45,55,50.0,438.0,21900.0,2025-03-24
2025032403013885,PFL,1,55,355.0,438.0,155490.0,2025-03-24
2025032404014303,UPPER,49,14,154.0,201.8,31077.2,2025-03-24
2025032404014302,UPPER,46,14,520.0,201.8,104936.0,2025-03-24
2025032404014301,UPPER,42,14,20.0,201.9,4038.0,2025-03-24
2025032404014300,UPPER,49,14,80.0,201.9,16152.0,2025-03-24
2025032403013884,SKBBL,58,58,14.0,798.5,11179.0,2025-03-24
2025032404014299,SPIL,58,42,15.0,822.0,12330.0,2025-03-24
2025032405013611,ILI,41,57,50.0,462.0,23100.0,2025-03-24
2025032404014298,NICL,4,34,10.0,829.5,8295.0,2025-03-24
2025032405013610,RNLI,17,32,101.0,535.1,54045.1,2025-03-24
2025032405013609,RNLI,19,32,10.0,535.2,5352.0,2025-03-24
2025032401015907,USHL,45,45,100.0,756.9,75690.0,2025-03-24
2025032405013608,MEL,6,42,145.0,315.2,45704.0,2025-03-24
2025032405013607,MEL,48,42,155.0,315.2,48856.0,2025-03-24
2025032405013606,MEL,49,42,300.0,315.2,94560.0,2025-03-24
2025032405013605,MEL,59,42,10.0,315.3,3153.0,2025-03-24
2025032405013604,MEL,16,42,890.0,315.9,281151.0,2025-03-24
2025032404014297,SHEL,25,32,15.0,252.0,3780.0,2025-03-24
2025032401015906,MMKJL,57,66,50.0,699.0,34950.0,2025-03-24
2025032403013883,JFL,38,34,100.0,516.8,51680.0,2025-03-24
2025032401015905,HIDCLP,59,57,10.0,173.9,1739.0,2025-03-24
2025032404014296,AHPC,21,59,449.0,252.5,113372.5,2025-03-24
2025032403013882,NMFBS,62,16,16.0,1228.0,19648.0,2025-03-24
2025032405013603,SONA,57,57,90.0,460.0,41400.0,2025-03-24
2025032401015904,SMH,42,48,40.0,971.3,38852.0,2025-03-24
2025032405013602,NRIC,63,81,100.0,1272.0,127200.0,2025-03-24
2025032403013881,SLBSL,7,67,40.0,2010.0,80400.0,2025-03-24
2025032401015903,BGWT,57,77,50.0,1031.0,51550.0,2025-03-24
2025032403013880,GUFL,5,17,10.0,595.0,5950.0,2025-03-24
2025032403013879,GUFL,42,17,130.0,595.0,77350.0,2025-03-24
2025032403013878,GUFL,42,17,10.0,595.1,5951.0,2025-03-24
2025032403013877,LBBL,42,34,80.0,424.0,33920.0,2025-03-24
2025032401015902,RFPL,1,58,20.0,713.1,14262.0,2025-03-24
2025032405013601,GCIL,72,43,10.0,529.0,5290.0,2025-03-24
2025032404014295,HPPL,16,94,100.0,584.0,58400.0,2025-03-24
2025032404014294,HPPL,91,94,100.0,584.1,58410.0,2025-03-24
2025032401015901,MKHC,3,36,30.0,516.0,15480.0,2025-03-24
2025032401015900,SCB,62,11,59.0,632.1,37293.9,2025-03-24
2025032401015899,MKHC,57,8,11.0,517.9,5696.9,2025-03-24
2025032403013876,SINDU,57,62,10.0,1138.0,11380.0,2025-03-24
2025032404014293,CHL,34,48,150.0,522.0,78300.0,2025-03-24
2025032403013875,JBBL,49,55,295.0,342.5,101037.5,2025-03-24
2025032403013874,JBBL,35,55,65.0,342.5,22262.5,2025-03-24
2025032401015898,MMKJL,57,29,85.0,699.0,59415.0,2025-03-24
2025032404014292,SPDL,29,14,10.0,325.0,3250.0,2025-03-24
2025032404014291,HURJA,1,41,300.0,235.0,70500.0,2025-03-24
2025032404014290,HURJA,25,41,100.0,235.0,23500.0,2025-03-24
2025032404014289,HURJA,34,41,50.0,235.0,11750.0,2025-03-24
2025032404014288,HURJA,1,41,500.0,235.0,117500.0,2025-03-24
2025032405013600,NRM,32,36,20.0,468.0,9360.0,2025-03-24
2025032404014287,SPIL,22,42,50.0,822.0,41100.0,2025-03-24
2025032404014286,SPIL,36,42,50.0,822.0,41100.0,2025-03-24
2025032404014285,SPIL,44,42,19.0,822.0,15618.0,2025-03-24
2025032405013599,HRL,16,45,331.0,966.0,319746.0,2025-03-24
2025032401015897,SRLI,58,18,10.0,419.0,4190.0,2025-03-24
2025032401015896,SHLB,25,4,10.0,2100.0,21000.0,2025-03-24
2025032404014284,SPDL,70,14,11.0,325.0,3575.0,2025-03-24
2025032401015895,AHL,85,39,20.0,740.0,14800.0,2025-03-24
2025032405013598,HATHY,45,8,10.0,1259.8,12598.0,2025-03-24
2025032405013597,CHDC,34,91,100.0,2195.1,219510.0,2025-03-24
2025032405013596,CIT,22,21,20.0,1960.9,39218.0,2025-03-24
2025032401015894,IHL,22,45,200.0,673.0,134600.0,2025-03-24
2025032404014283,NHPC,47,34,10.0,209.4,2094.0,2025-03-24
2025032403013873,ALICL,77,29,13.0,730.0,9490.0,2025-03-24
2025032403013872,ALICL,77,21,23.0,730.0,16790.0,2025-03-24
2025032403013871,ALICL,77,45,64.0,728.0,46592.0,2025-03-24
2025032404014282,SHEL,17,32,10.0,252.0,2520.0,2025-03-24
2025032403013870,PFL,1,32,85.0,438.0,37230.0,2025-03-24
2025032403013869,PFL,10,32,50.0,438.0,21900.0,2025-03-24
2025032403013868,PFL,87,32,10.0,438.0,4380.0,2025-03-24
2025032403013867,PFL,42,32,100.0,438.0,43800.0,2025-03-24
2025032403013866,PFL,38,32,10.0,438.0,4380.0,2025-03-24
2025032403013865,PFL,53,32,30.0,438.0,13140.0,2025-03-24
2025032403013864,PFL,25,32,515.0,438.0,225570.0,2025-03-24
2025032403013863,PFL,4,32,100.0,438.1,43810.0,2025-03-24
2025032403013862,PFL,57,32,100.0,438.1,43810.0,2025-03-24
2025032404014281,NHPC,45,41,194.0,209.0,40546.0,2025-03-24
2025032404014280,NHPC,21,41,27.0,209.0,5643.0,2025-03-24
2025032404014279,BARUN,54,5,50.0,506.5,25325.0,2025-03-24
2025032401015893,HBL,42,63,2500.0,234.9,587250.0,2025-03-24
2025032405013595,HATHY,45,45,10.0,1259.8,12598.0,2025-03-24
2025032405013594,NRM,82,36,200.0,468.0,93600.0,2025-03-24
2025032404014278,PRIN,52,66,175.0,925.0,161875.0,2025-03-24
2025032404014277,PRIN,38,66,25.0,925.1,23127.5,2025-03-24
2025032401015892,HIDCLP,38,48,118.0,173.0,20414.0,2025-03-24
2025032403013861,SFCL,39,72,394.0,539.9,212720.6,2025-03-24
2025032403013860,SFCL,39,21,40.0,539.0,21560.0,2025-03-24
2025032404014276,UMHL,45,11,30.0,441.0,13230.0,2025-03-24
2025032404014275,UMHL,86,11,50.0,441.0,22050.0,2025-03-24
2025032404014274,UMHL,17,11,100.0,441.0,44100.0,2025-03-24
2025032403013859,FMDBL,63,42,10.0,760.0,7600.0,2025-03-24
2025032405013593,NBF2,17,43,100.0,9.45,945.0,2025-03-24
2025032405013592,RNLI,44,54,16.0,540.0,8640.0,2025-03-24
2025032405013591,RNLI,44,58,84.0,540.0,45360.0,2025-03-24
2025032405013590,RNLI,44,52,500.0,539.9,269950.0,2025-03-24
2025032404014273,SSHL,42,7,500.0,231.0,115500.0,2025-03-24
2025032404014272,GLH,58,57,12.0,245.7,2948.4,2025-03-24
2025032404014271,UMHL,95,70,156.0,441.0,68796.0,2025-03-24
2025032401015891,GMLI,38,58,10.0,2261.0,22610.0,2025-03-24
2025032405013589,NTC,38,58,10.0,902.0,9020.0,2025-03-24
2025032405013588,ILI,6,57,50.0,462.0,23100.0,2025-03-24
2025032401015890,MCHL,6,22,200.0,586.9,117380.0,2025-03-24
2025032401015889,MCHL,6,33,50.0,586.9,29345.0,2025-03-24
2025032405013587,SMJC,49,1,50.0,595.9,29795.0,2025-03-24
2025032403013858,SLBSL,74,49,87.0,2003.1,174269.7,2025-03-24
2025032403013857,SLBSL,21,49,158.0,2004.0,316632.0,2025-03-24
2025032404014270,AHPC,21,58,1000.0,252.6,252600.0,2025-03-24
2025032403013856,SFCL,35,21,10.0,539.0,5390.0,2025-03-24
2025032401015888,SARBTM,29,51,100.0,783.0,78300.0,2025-03-24
2025032403013855,LBBL,38,19,69.0,423.1,29193.9,2025-03-24
2025032403013854,LBBL,57,19,81.0,423.1,34271.1,2025-03-24
2025032403013853,MPFL,26,7,300.0,631.0,189300.0,2025-03-24
2025032403013852,MPFL,26,5,200.0,630.5,126100.0,2025-03-24
2025032403013851,LLBS,14,36,10.0,1065.0,10650.0,2025-03-24
2025032403013850,NABBC,65,6,11.0,1921.0,21131.0,2025-03-24
2025032403013849,HLI,50,32,100.0,420.0,42000.0,2025-03-24
2025032403013848,RLFL,38,32,25.0,534.0,13350.0,2025-03-24
2025032405013586,CHDC,36,38,10.0,2195.1,21951.0,2025-03-24
2025032404014269,UMHL,95,52,44.0,441.0,19404.0,2025-03-24
2025032404014268,UMHL,25,52,800.0,441.0,352800.0,2025-03-24
2025032404014267,UMHL,62,52,39.0,441.0,17199.0,2025-03-24
2025032404014266,SGIC,49,16,10.0,600.0,6000.0,2025-03-24
2025032403013847,BFC,47,35,50.0,562.1,28105.0,2025-03-24
2025032404014265,CHL,34,35,50.0,522.0,26100.0,2025-03-24
2025032405013585,NRIC,44,62,300.0,1271.0,381300.0,2025-03-24
2025032401015887,NIMB,57,33,100.0,210.4,21040.0,2025-03-24
2025032403013846,SLBBL,59,34,160.0,975.0,156000.0,2025-03-24
2025032404014264,OHL,21,48,30.0,878.0,26340.0,2025-03-24
2025032401015886,UNLB,47,94,11.0,2298.9,25287.9,2025-03-24
2025032404014263,UAIL,42,44,15.0,648.0,9720.0,2025-03-24
2025032404014262,UAIL,59,44,14.0,648.0,9072.0,2025-03-24
2025032401015885,NIMB,85,32,500.0,210.0,105000.0,2025-03-24
2025032403013845,SFCL,32,72,50.0,539.9,26995.0,2025-03-24
2025032405013584,SHIVM,42,57,10.0,529.0,5290.0,2025-03-24
2025032404014261,UPCL,5,38,300.0,288.1,86430.0,2025-03-24
2025032403013844,MLBL,37,52,200.0,400.0,80000.0,2025-03-24
2025032404014260,GHL,39,60,400.0,280.1,112040.0,2025-03-24
2025032404014259,GHL,29,60,100.0,280.2,28020.0,2025-03-24
2025032404014258,GHL,53,60,500.0,280.3,140150.0,2025-03-24
2025032405013583,RNLI,17,49,66.0,535.1,35316.6,2025-03-24
2025032405013582,RNLI,43,49,100.0,535.2,53520.0,2025-03-24
2025032405013581,RNLI,55,49,34.0,535.2,18196.8,2025-03-24
2025032403013843,HLBSL,55,57,100.0,964.0,96400.0,2025-03-24
2025032403013842,SKBBL,10,33,150.0,797.1,119565.0,2025-03-24
2025032403013841,SKBBL,16,33,10.0,797.3,7973.0,2025-03-24
2025032403013840,SKBBL,34,33,80.0,797.3,63784.0,2025-03-24
2025032403013839,SKBBL,48,33,100.0,797.4,79740.0,2025-03-24
2025032403013838,SKBBL,34,33,60.0,798.0,47880.0,2025-03-24
2025032404014257,HPPL,16,33,510.0,584.0,297840.0,2025-03-24
2025032404014256,HPPL,41,33,490.0,584.1,286209.0,2025-03-24
2025032405013580,HRL,16,58,10.0,966.0,9660.0,2025-03-24
2025032405013579,HRL,16,57,63.0,966.0,60858.0,2025-03-24
2025032401015884,LSL,49,28,25.0,216.5,5412.5,2025-03-24
2025032403013837,SHINE,13,5,10.0,418.0,4180.0,2025-03-24
2025032403013836,SJLIC,44,8,10.0,444.0,4440.0,2025-03-24
2025032403013835,SJLIC,44,49,10.0,444.0,4440.0,2025-03-24
2025032403013834,PMLI,45,45,329.0,573.0,188517.0,2025-03-24
2025032403013833,PMLI,45,42,12.0,572.3,6867.6,2025-03-24
2025032403013832,PMLI,45,29,300.0,572.0,171600.0,2025-03-24
2025032403013831,PMLI,45,57,115.0,572.0,65780.0,2025-03-24
2025032403013830,PMLI,45,19,244.0,572.0,139568.0,2025-03-24
2025032404014255,DHPL,25,74,500.0,407.3,203650.0,2025-03-24
2025032405013578,NRIC,6,5,10.0,1273.0,12730.0,2025-03-24
2025032403013829,SIFC,38,57,100.0,528.0,52800.0,2025-03-24
2025032401015883,MBL,50,38,100.0,226.0,22600.0,2025-03-24
2025032401015882,NYADI,29,60,410.0,567.0,232470.0,2025-03-24
2025032401015881,NYADI,42,60,100.0,567.1,56710.0,2025-03-24
2025032401015880,NYADI,41,60,10.0,568.0,5680.0,2025-03-24
2025032401015879,NYADI,58,60,20.0,568.0,11360.0,2025-03-24
2025032401015878,NYADI,58,60,10.0,569.0,5690.0,2025-03-24
2025032401015877,NYADI,58,60,10.0,570.0,5700.0,2025-03-24
2025032401015876,RHGCL,34,58,10.0,527.0,5270.0,2025-03-24
2025032401015875,MKHC,49,8,10.0,517.9,5179.0,2025-03-24
2025032401015874,SARBTM,59,48,38.0,785.0,29830.0,2025-03-24
2025032401015873,SARBTM,59,55,20.0,785.0,15700.0,2025-03-24
2025032401015872,SARBTM,59,34,42.0,784.0,32928.0,2025-03-24
2025032404014254,UMHL,62,43,300.0,441.0,132300.0,2025-03-24
2025032401015871,NESDO,57,4,100.0,1785.0,178500.0,2025-03-24
2025032404014253,GHL,39,77,1100.0,280.1,308110.0,2025-03-24
2025032404014252,GHL,55,77,500.0,280.2,140100.0,2025-03-24
2025032404014251,GHL,14,77,400.0,281.2,112480.0,2025-03-24
2025032404014250,RIDI,19,36,100.0,221.0,22100.0,2025-03-24
2025032403013828,CFCL,32,35,300.0,563.0,168900.0,2025-03-24
2025032403013827,CFCL,32,16,200.0,563.0,112600.0,2025-03-24
2025032404014249,NLG,96,32,191.0,865.0,165215.0,2025-03-24
2025032404014248,NLG,52,32,67.0,865.0,57955.0,2025-03-24
2025032401015870,NICA,41,71,100.0,369.9,36990.0,2025-03-24
2025032401015869,GMLI,62,45,10.0,2266.0,22660.0,2025-03-24
2025032404014247,PRIN,55,54,100.0,925.1,92510.0,2025-03-24
2025032401015868,KBSH,70,17,10.0,2517.9,25179.0,2025-03-24
2025032401015867,KBSH,70,17,10.0,2517.9,25179.0,2025-03-24
2025032405013577,NRN,52,72,48.0,1390.0,66720.0,2025-03-24
2025032405013576,NRN,52,8,10.0,1389.0,13890.0,2025-03-24
2025032405013575,NRN,52,71,20.0,1389.0,27780.0,2025-03-24
2025032405013574,NRN,52,94,90.0,1388.9,125001.0,2025-03-24
2025032405013573,NRN,52,74,32.0,1388.0,44416.0,2025-03-24
2025032405013572,HDL,38,26,10.0,1213.0,12130.0,2025-03-24
2025032401015866,SRLI,35,18,10.0,419.0,4190.0,2025-03-24
2025032404014246,DHPL,81,74,11.0,407.3,4480.3,2025-03-24
2025032403013826,RSDC,34,10,10.0,712.0,7120.0,2025-03-24
2025032401015865,MKCL,34,99,10.0,1570.0,15700.0,2025-03-24
2025032403013825,GFCL,19,21,16.0,673.5,10776.0,2025-03-24
2025032404014245,HURJA,98,51,10.0,235.9,2359.0,2025-03-24
2025032405013571,VLUCL,4,51,10.0,672.1,6721.0,2025-03-24
2025032401015864,CZBIL,51,25,58.0,209.2,12133.6,2025-03-24
2025032404014244,SALICO,39,13,10.0,710.0,7100.0,2025-03-24
2025032404014243,SALICO,39,13,100.0,709.5,70950.0,2025-03-24
2025032401015863,HHL,37,44,11.0,503.0,5533.0,2025-03-24
2025032401015862,HHL,37,45,89.0,502.9,44758.1,2025-03-24
2025032404014242,API,35,34,200.0,270.0,54000.0,2025-03-24
2025032403013824,SLBSL,97,67,40.0,2010.0,80400.0,2025-03-24
2025032401015861,SCB,62,48,31.0,632.1,19595.1,2025-03-24
2025032401015860,MBL,50,20,15.0,226.0,3390.0,2025-03-24
2025032404014241,RIDI,55,36,50.0,221.0,11050.0,2025-03-24
2025032404014240,RIDI,29,36,10.0,221.0,2210.0,2025-03-24
2025032404014239,RHPL,41,3,50.0,386.9,19345.0,2025-03-24
2025032405013570,HRL,42,42,200.0,965.0,193000.0,2025-03-24
2025032401015859,KBL,45,14,150.0,204.5,30675.0,2025-03-24
2025032404014238,UMHL,45,26,100.0,442.0,44200.0,2025-03-24
2025032405013569,CHDC,25,38,30.0,2200.0,66000.0,2025-03-24
2025032404014237,RIDI,86,36,100.0,221.0,22100.0,2025-03-24
2025032404014236,RIDI,42,36,345.0,221.0,76245.0,2025-03-24
2025032404014235,RIDI,35,36,40.0,221.0,8840.0,2025-03-24
2025032404014234,RIDI,38,36,31.0,221.0,6851.0,2025-03-24
2025032404014233,GHL,14,52,500.0,281.2,140600.0,2025-03-24
2025032401015858,HIDCLP,35,48,30.0,173.0,5190.0,2025-03-24
2025032401015857,SNLI,49,33,23.0,646.0,14858.0,2025-03-24
2025032404014232,AKPL,14,36,350.0,227.9,79765.0,2025-03-24
2025032405013568,HRL,3,57,181.0,966.0,174846.0,2025-03-24
2025032405013567,HRL,3,17,100.0,966.0,96600.0,2025-03-24
2025032405013566,HRL,3,34,50.0,966.0,48300.0,2025-03-24
2025032405013565,HRL,3,34,48.0,966.0,46368.0,2025-03-24
2025032405013564,HRL,3,42,11.0,966.0,10626.0,2025-03-24
2025032405013563,HRL,3,49,62.0,966.0,59892.0,2025-03-24
2025032405013562,HRL,3,81,448.0,966.0,432768.0,2025-03-24
2025032404014231,API,47,99,250.0,269.9,67475.0,2025-03-24
2025032404014230,SSHL,58,7,40.0,231.0,9240.0,2025-03-24
2025032405013561,NRIC,29,5,100.0,1273.0,127300.0,2025-03-24
2025032404014229,CHL,34,42,277.0,522.0,144594.0,2025-03-24
2025032405013560,GCIL,49,42,13.0,525.0,6825.0,2025-03-24
2025032404014228,BARUN,54,21,30.0,506.5,15195.0,2025-03-24
2025032401015856,SMH,42,69,100.0,971.3,97130.0,2025-03-24
2025032405013559,NRM,38,36,10.0,468.0,4680.0,2025-03-24
2025032401015855,MKHC,3,35,20.0,516.0,10320.0,2025-03-24
2025032401015854,SGHC,62,22,20.0,533.9,10678.0,2025-03-24
2025032405013558,HRL,3,81,100.0,966.0,96600.0,2025-03-24
2025032404014227,NLG,52,33,33.0,865.0,28545.0,2025-03-24
2025032404014226,NLG,58,33,25.0,865.1,21627.5,2025-03-24
2025032401015853,NBL,33,14,204.0,251.2,51244.8,2025-03-24
2025032404014225,SPDL,51,7,500.0,324.1,162050.0,2025-03-24
2025032401015852,PRVU,22,48,76.0,212.0,16112.0,2025-03-24
2025032404014224,HDHPC,7,58,100.0,200.0,20000.0,2025-03-24
2025032404014223,HDHPC,58,58,30.0,200.0,6000.0,2025-03-24
2025032404014222,HDHPC,57,58,350.0,200.0,70000.0,2025-03-24
2025032405013557,SHIVM,58,57,10.0,529.0,5290.0,2025-03-24
2025032404014221,SHPC,17,41,73.0,455.2,33229.6,2025-03-24
2025032403013823,NUBL,41,41,120.0,672.0,80640.0,2025-03-24
2025032403013822,NUBL,58,41,30.0,674.0,20220.0,2025-03-24
2025032403013821,KSBBL,66,67,17.0,441.0,7497.0,2025-03-24
2025032403013820,KSBBL,66,57,123.0,440.9,54230.7,2025-03-24
2025032403013819,KSBBL,66,25,200.0,440.0,88000.0,2025-03-24
2025032403013818,KSBBL,66,34,160.0,440.0,70400.0,2025-03-24
2025032404014220,KPCL,45,6,25.0,527.0,13175.0,2025-03-24
2025032405013556,HATHY,67,26,200.0,1264.0,252800.0,2025-03-24
2025032405013555,HATHY,67,14,800.0,1259.9,1007920.0,2025-03-24
2025032401015851,NIMB,85,50,236.0,210.0,49560.0,2025-03-24
2025032401015850,NIMB,36,50,300.0,210.1,63030.0,2025-03-24
2025032401015849,NIMB,8,50,50.0,210.1,10505.0,2025-03-24
2025032401015848,NIMB,1,50,67.0,210.1,14076.7,2025-03-24
2025032401015847,NIMB,13,50,247.0,210.2,51919.4,2025-03-24
2025032401015846,NIMB,21,50,100.0,210.3,21030.0,2025-03-24
2025032401015845,BEDC,28,6,18.0,800.0,14400.0,2025-03-24
2025032404014219,NHDL,88,62,10.0,824.0,8240.0,2025-03-24
2025032404014218,NHDL,88,94,500.0,823.9,411950.0,2025-03-24
2025032401015844,MKHC,38,11,10.0,516.0,5160.0,2025-03-24
2025032403013817,SADBL,43,11,30.0,405.1,12153.0,2025-03-24
2025032401015843,HIDCLP,38,48,352.0,173.0,60896.0,2025-03-24
2025032401015842,HIDCLP,38,45,148.0,173.0,25604.0,2025-03-24
2025032401015841,SBI,84,51,270.0,409.8,110646.0,2025-03-24
2025032401015840,SBI,84,28,480.0,409.4,196512.0,2025-03-24
2025032401015839,SBI,84,8,250.0,409.3,102325.0,2025-03-24
2025032404014217,UMRH,63,5,20.0,627.9,12558.0,2025-03-24
2025032404014216,UMRH,63,21,30.0,627.9,18837.0,2025-03-24
2025032403013816,RLFL,7,63,100.0,533.0,53300.0,2025-03-24
2025032403013815,RLFL,7,63,175.0,533.0,93275.0,2025-03-24
2025032404014215,JOSHI,52,16,220.0,365.0,80300.0,2025-03-24
2025032404014214,UMHL,62,21,915.0,441.0,403515.0,2025-03-24
2025032404014213,UMHL,61,21,85.0,441.3,37510.5,2025-03-24
2025032404014212,IGI,37,26,134.0,575.0,77050.0,2025-03-24
2025032404014211,IGI,42,26,200.0,575.1,115020.0,2025-03-24
2025032404014210,IGI,69,26,200.0,575.1,115020.0,2025-03-24
2025032404014209,IGI,55,26,100.0,575.1,57510.0,2025-03-24
2025032404014208,IGI,55,26,66.0,575.5,37983.0,2025-03-24
2025032403013814,PFL,34,55,120.0,439.0,52680.0,2025-03-24
2025032403013813,PFL,48,55,200.0,439.0,87800.0,2025-03-24
2025032404014207,CGH,42,17,90.0,878.0,79020.0,2025-03-24
2025032404014206,CGH,41,17,10.0,878.0,8780.0,2025-03-24
2025032405013554,HRL,58,81,43.0,966.0,41538.0,2025-03-24
2025032405013553,RNLI,44,58,22.0,540.0,11880.0,2025-03-24
2025032405013552,RNLI,44,11,78.0,540.0,42120.0,2025-03-24
2025032405013551,HIDCL,45,1,2034.0,265.0,539010.0,2025-03-24
2025032405013550,HATHY,45,29,100.0,1259.8,125980.0,2025-03-24
2025032403013812,MDB,56,35,87.0,629.0,54723.0,2025-03-24
2025032403013811,JFL,29,94,46.0,515.0,23690.0,2025-03-24
2025032403013810,JFL,45,94,20.0,515.0,10300.0,2025-03-24
2025032403013809,JFL,3,94,134.0,515.0,69010.0,2025-03-24
2025032403013808,SFCL,35,35,10.0,539.0,5390.0,2025-03-24
2025032405013549,VLUCL,49,1,10.0,675.0,6750.0,2025-03-24
2025032401015838,RFPL,62,45,10.0,715.0,7150.0,2025-03-24
2025032401015837,RFPL,62,39,40.0,715.0,28600.0,2025-03-24
2025032403013807,ILBS,62,43,50.0,950.0,47500.0,2025-03-24
2025032403013806,MPFL,38,7,84.0,631.0,53004.0,2025-03-24
2025032403013805,MPFL,38,56,16.0,631.0,10096.0,2025-03-24
2025032403013804,LBBL,16,53,50.0,423.5,21175.0,2025-03-24
2025032401015836,TPC,3,58,200.0,524.0,104800.0,2025-03-24
2025032405013548,MEL,16,16,990.0,315.9,312741.0,2025-03-24
2025032405013547,MEL,16,45,10.0,315.8,3158.0,2025-03-24
2025032405013546,MEL,16,58,110.0,315.8,34738.0,2025-03-24
2025032405013545,SONA,57,57,20.0,460.0,9200.0,2025-03-24
2025032405013544,SHIVM,57,57,10.0,529.0,5290.0,2025-03-24
2025032405013543,SHIVM,21,57,20.0,529.0,10580.0,2025-03-24
2025032405013542,SHIVM,7,57,50.0,529.0,26450.0,2025-03-24
2025032405013541,SHIVM,40,57,15.0,529.0,7935.0,2025-03-24
2025032401015835,ADBL,58,34,30.0,286.5,8595.0,2025-03-24
2025032404014205,SSHL,45,7,100.0,231.0,23100.0,2025-03-24
2025032405013540,ILI,14,39,66.0,461.0,30426.0,2025-03-24
2025032405013539,ILI,22,39,50.0,461.0,23050.0,2025-03-24
2025032405013538,ILI,5,39,100.0,461.0,46100.0,2025-03-24
2025032405013537,ILI,39,57,50.0,462.0,23100.0,2025-03-24
2025032403013803,NABBC,35,6,16.0,1921.0,30736.0,2025-03-24
2025032401015834,MKHC,38,8,10.0,517.9,5179.0,2025-03-24
2025032401015833,PCBL,59,57,100.0,252.0,25200.0,2025-03-24
2025032404014204,UPCL,93,45,150.0,289.0,43350.0,2025-03-24
2025032403013802,NLIC,53,21,15.0,770.0,11550.0,2025-03-24
2025032404014203,DHPL,74,34,660.0,407.2,268752.0,2025-03-24
2025032404014202,DHPL,49,34,160.0,407.3,65168.0,2025-03-24
2025032403013801,SHINE,51,5,90.0,418.0,37620.0,2025-03-24
2025032403013800,SHINE,51,45,90.0,417.9,37611.0,2025-03-24
2025032403013799,SHINE,51,32,300.0,417.0,125100.0,2025-03-24
2025032404014201,UNHPL,41,51,150.0,307.0,46050.0,2025-03-24
2025032403013798,ALICL,77,45,36.0,728.0,26208.0,2025-03-24
2025032403013797,NFS,58,17,100.0,703.0,70300.0,2025-03-24
2025032403013796,NFS,58,17,60.0,703.0,42180.0,2025-03-24
2025032403013795,NFS,21,17,100.0,703.0,70300.0,2025-03-24
2025032403013794,NFS,50,17,200.0,703.1,140620.0,2025-03-24
2025032403013793,NFS,39,17,50.0,703.1,35155.0,2025-03-24
2025032403013792,NFS,17,17,40.0,703.2,28128.0,2025-03-24
2025032403013791,NFS,4,17,45.0,705.0,31725.0,2025-03-24
2025032403013790,MLBL,37,14,100.0,400.0,40000.0,2025-03-24
2025032403013789,SLBSL,21,45,18.0,2004.0,36072.0,2025-03-24
2025032405013536,HRL,42,69,273.0,965.0,263445.0,2025-03-24
2025032405013535,HRL,21,69,527.0,965.0,508555.0,2025-03-24
2025032403013788,FMDBL,8,42,200.0,760.0,152000.0,2025-03-24
2025032405013534,NRM,56,36,126.0,468.1,58980.6,2025-03-24
2025032405013533,NRM,58,36,50.0,468.2,23410.0,2025-03-24
2025032401015832,ULHC,18,17,10.0,518.0,5180.0,2025-03-24
2025032405013532,MBJC,25,36,20.0,324.1,6482.0,2025-03-24
2025032403013787,GFCL,19,53,40.0,673.5,26940.0,2025-03-24
2025032403013786,GFCL,34,53,20.0,673.5,13470.0,2025-03-24
2025032403013785,GFCL,59,53,20.0,673.5,13470.0,2025-03-24
2025032401015831,GMLI,38,58,10.0,2266.0,22660.0,2025-03-24
2025032405013531,CLI,48,45,240.0,509.0,122160.0,2025-03-24
2025032405013530,CLI,48,28,50.0,509.0,25450.0,2025-03-24
2025032405013529,CLI,48,47,290.0,509.0,147610.0,2025-03-24
2025032405013528,CLI,48,4,100.0,506.0,50600.0,2025-03-24
2025032405013527,CLI,48,6,320.0,505.0,161600.0,2025-03-24
2025032404014200,UMHL,62,57,200.0,441.0,88200.0,2025-03-24
2025032404014199,UMHL,68,57,300.0,441.2,132360.0,2025-03-24
2025032404014198,KKHC,47,34,17.0,341.0,5797.0,2025-03-24
2025032404014197,DHPL,49,26,40.0,407.3,16292.0,2025-03-24
2025032405013526,HIDCL,45,1,2106.0,266.0,560196.0,2025-03-24
2025032401015830,MBL,50,4,50.0,226.0,11300.0,2025-03-24
2025032404014196,NLG,32,36,25.0,866.0,21650.0,2025-03-24
2025032404014195,UPPER,58,46,15.0,202.0,3030.0,2025-03-24
2025032404014194,IGI,21,45,311.0,577.0,179447.0,2025-03-24
2025032404014193,AHPC,21,25,55.0,252.4,13882.0,2025-03-24
2025032404014192,AHPC,45,25,460.0,252.5,116150.0,2025-03-24
2025032403013784,SKBBL,6,45,10.0,798.8,7988.0,2025-03-24
2025032404014191,IGI,21,36,20.0,577.0,11540.0,2025-03-24
2025032404014190,SHPC,53,52,10.0,457.0,4570.0,2025-03-24
2025032405013525,CLI,53,6,10.0,505.0,5050.0,2025-03-24
2025032405013524,CHDC,38,38,28.0,2200.0,61600.0,2025-03-24
2025032405013523,CHDC,38,66,22.0,2200.0,48400.0,2025-03-24
2025032403013783,RLFL,40,32,50.0,534.0,26700.0,2025-03-24
2025032404014189,HDHPC,48,21,56.0,200.9,11250.4,2025-03-24
2025032404014188,HDHPC,48,17,175.0,200.8,35140.0,2025-03-24
2025032404014187,HDHPC,48,45,200.0,200.8,40160.0,2025-03-24
2025032404014186,HDHPC,48,99,69.0,200.7,13848.3,2025-03-24
2025032401015829,DOLTI,50,7,111.0,697.0,77367.0,2025-03-24
2025032401015828,TVCL,29,74,10.0,526.0,5260.0,2025-03-24
2025032405013522,HATHY,28,32,21.0,1253.0,26313.0,2025-03-24
2025032405013521,HATHY,38,32,20.0,1253.1,25062.0,2025-03-24
2025032404014185,AKJCL,18,58,25.0,204.2,5105.0,2025-03-24
2025032405013520,SONA,42,58,10.0,459.9,4599.0,2025-03-24
2025032405013519,PHCL,39,44,100.0,591.0,59100.0,2025-03-24
2025032405013518,PHCL,39,58,360.0,591.0,212760.0,2025-03-24
2025032405013517,PHCL,39,38,10.0,591.0,5910.0,2025-03-24
2025032405013516,PHCL,39,58,10.0,591.0,5910.0,2025-03-24
2025032405013515,PHCL,39,29,10.0,591.0,5910.0,2025-03-24
2025032405013514,PHCL,39,49,10.0,591.0,5910.0,2025-03-24
2025032405013513,HRL,39,81,250.0,966.0,241500.0,2025-03-24
2025032403013782,WNLB,45,80,10.0,3112.1,31121.0,2025-03-24
2025032401015827,MBL,14,43,3750.0,226.0,847500.0,2025-03-24
2025032401015826,SPC,45,44,500.0,523.0,261500.0,2025-03-24
2025032404014184,AHPC,45,22,50.0,252.5,12625.0,2025-03-24
2025032404014183,AHPC,45,11,490.0,252.5,123725.0,2025-03-24
2025032403013781,PFL,56,57,78.0,440.0,34320.0,2025-03-24
2025032403013780,PFL,56,42,422.0,440.0,185680.0,2025-03-24
2025032405013512,HDL,45,8,20.0,1210.0,24200.0,2025-03-24
2025032405013511,HDL,17,8,10.0,1210.1,12101.0,2025-03-24
2025032401015825,JBLB,58,58,10.0,1326.5,13265.0,2025-03-24
2025032401015824,JBLB,45,58,15.0,1326.5,19897.5,2025-03-24
2025032401015823,JBLB,28,58,10.0,1326.5,13265.0,2025-03-24
2025032401015822,JBLB,49,58,10.0,1326.6,13266.0,2025-03-24
2025032401015821,SMHL,35,6,10.0,923.9,9239.0,2025-03-24
2025032401015820,SRLI,18,18,500.0,419.0,209500.0,2025-03-24
2025032401015819,SRLI,52,18,200.0,419.0,83800.0,2025-03-24
2025032401015818,SRLI,21,18,75.0,419.0,31425.0,2025-03-24
2025032401015817,SRLI,54,18,10.0,419.1,4191.0,2025-03-24
2025032401015816,SARBTM,29,62,20.0,783.0,15660.0,2025-03-24
2025032405013510,PHCL,53,76,69.0,590.0,40710.0,2025-03-24
2025032405013509,PHCL,53,42,10.0,590.0,5900.0,2025-03-24
2025032405013508,PHCL,53,100,16.0,590.0,9440.0,2025-03-24
2025032403013779,SIFC,28,57,10.0,528.0,5280.0,2025-03-24
2025032404014182,SALICO,34,14,206.0,705.0,145230.0,2025-03-24
2025032404014181,KKHC,45,34,233.0,341.0,79453.0,2025-03-24
2025032405013507,HRL,21,22,30.0,965.0,28950.0,2025-03-24
2025032401015815,HHL,32,45,11.0,502.9,5531.9,2025-03-24
2025032403013778,SINDU,21,32,70.0,1136.0,79520.0,2025-03-24
2025032404014180,KKHC,45,32,237.0,341.0,80817.0,2025-03-24
2025032404014179,UPCL,48,56,80.0,288.0,23040.0,2025-03-24
2025032404014178,UPCL,34,56,1000.0,288.0,288000.0,2025-03-24
2025032404014177,UPCL,51,56,750.0,288.0,216000.0,2025-03-24
2025032404014176,UPCL,36,56,112.0,288.0,32256.0,2025-03-24
2025032404014175,UPCL,16,56,500.0,288.1,144050.0,2025-03-24
2025032404014174,UPCL,34,56,500.0,288.1,144050.0,2025-03-24
2025032404014173,UPCL,49,56,10.0,288.2,2882.0,2025-03-24
2025032404014172,UPCL,45,56,48.0,288.2,13833.6,2025-03-24
2025032403013777,HLI,37,32,100.0,420.0,42000.0,2025-03-24
2025032403013776,NLICL,39,59,200.0,635.0,127000.0,2025-03-24
2025032403013775,NLICL,39,60,54.0,635.0,34290.0,2025-03-24
2025032403013774,NLICL,39,5,10.0,635.0,6350.0,2025-03-24
2025032404014171,UPCL,38,6,250.0,288.2,72050.0,2025-03-24
2025032401015814,ULBSL,62,48,11.0,3591.0,39501.0,2025-03-24
2025032401015813,ULBSL,62,49,10.0,3520.1,35201.0,2025-03-24
2025032401015812,MKHL,64,49,40.0,701.2,28048.0,2025-03-24
2025032405013506,RNLI,55,48,56.0,535.2,29971.2,2025-03-24
2025032405013505,NRIC,28,96,1000.0,1274.0,1274000.0,2025-03-24
2025032405013504,HRL,21,75,443.0,965.0,427495.0,2025-03-24
2025032405013503,HRL,48,75,57.0,965.0,55005.0,2025-03-24
2025032404014170,HPPL,41,57,10.0,584.1,5841.0,2025-03-24
2025032404014169,HPPL,34,57,100.0,584.2,58420.0,2025-03-24
2025032404014168,HPPL,13,57,100.0,584.5,58450.0,2025-03-24
2025032404014167,HPPL,7,57,240.0,584.5,140280.0,2025-03-24
2025032404014166,HPPL,14,57,50.0,585.0,29250.0,2025-03-24
2025032403013773,NLIC,53,34,22.0,770.0,16940.0,2025-03-24
2025032403013772,NLIC,97,34,78.0,770.0,60060.0,2025-03-24
2025032403013771,VLBS,34,55,10.0,843.0,8430.0,2025-03-24
2025032405013502,SAGF,10,4,50000.0,9.1,455000.0,2025-03-24
2025032403013770,SFCL,44,34,10.0,538.1,5381.0,2025-03-24
2025032405013501,HRL,34,81,159.0,966.0,153594.0,2025-03-24
2025032405013500,HRL,34,49,50.0,966.0,48300.0,2025-03-24
2025032405013499,HRL,34,82,91.0,966.0,87906.0,2025-03-24
2025032403013769,NFS,4,42,50.0,705.0,35250.0,2025-03-24
2025032401015811,SARBTM,29,44,20.0,783.0,15660.0,2025-03-24
2025032403013768,GRDBL,44,75,10.0,1390.0,13900.0,2025-03-24
2025032401015810,HIDCLP,45,45,12.0,173.0,2076.0,2025-03-24
2025032404014165,AKPL,14,45,100.0,227.9,22790.0,2025-03-24
2025032401015809,LSL,49,45,200.0,216.5,43300.0,2025-03-24
2025032405013498,HIDCL,45,25,100.0,266.0,26600.0,2025-03-24
2025032403013767,GUFL,42,58,100.0,595.0,59500.0,2025-03-24
2025032401015808,BNHC,57,58,10.0,495.6,4956.0,2025-03-24
2025032403013766,MNBBL,49,49,63.0,363.5,22900.5,2025-03-24
2025032405013497,HRL,40,82,100.0,966.0,96600.0,2025-03-24
2025032403013765,NLIC,72,16,30.0,771.9,23157.0,2025-03-24
2025032401015807,NABIL,13,57,19.0,484.0,9196.0,2025-03-24
2025032401015806,HEIP,22,7,10.0,377.0,3770.0,2025-03-24
2025032404014164,NGPL,1,67,500.0,270.0,135000.0,2025-03-24
2025032404014163,NGPL,1,44,357.0,270.0,96390.0,2025-03-24
2025032404014162,HURJA,1,4,400.0,235.0,94000.0,2025-03-24
2025032403013764,HLBSL,44,22,50.0,966.5,48325.0,2025-03-24
2025032403013763,HLBSL,44,19,30.0,966.0,28980.0,2025-03-24
2025032403013762,HLBSL,44,45,20.0,965.0,19300.0,2025-03-24
2025032403013761,CBBL,42,52,78.0,841.0,65598.0,2025-03-24
2025032403013760,CBBL,42,6,22.0,841.0,18502.0,2025-03-24
2025032404014161,AKJCL,18,94,50.0,204.2,10210.0,2025-03-24
2025032403013759,ACLBSL,45,38,13.0,1060.1,13781.3,2025-03-24
2025032404014160,SPDL,57,14,10.0,325.0,3250.0,2025-03-24
2025032404014159,NICL,57,34,50.0,829.5,41475.0,2025-03-24
2025032404014158,SALICO,22,14,54.0,705.0,38070.0,2025-03-24
2025032401015805,SMHL,65,14,830.0,920.0,763600.0,2025-03-24
2025032405013496,NRN,49,95,145.0,1382.0,200390.0,2025-03-24
2025032405013495,NRN,34,95,200.0,1382.3,276460.0,2025-03-24
2025032405013494,NRN,47,95,300.0,1382.3,414690.0,2025-03-24
2025032405013493,NRN,16,95,25.0,1382.4,34560.0,2025-03-24
2025032405013492,NRN,42,95,30.0,1382.5,41475.0,2025-03-24
2025032405013491,NRN,47,95,200.0,1383.0,276600.0,2025-03-24
2025032405013490,SONA,41,57,165.0,460.0,75900.0,2025-03-24
2025032405013489,SONA,41,58,10.0,460.0,4600.0,2025-03-24
2025032405013488,SONA,41,42,50.0,460.0,23000.0,2025-03-24
2025032405013487,SONA,41,22,10.0,460.0,4600.0,2025-03-24
2025032405013486,SONA,41,57,10.0,460.0,4600.0,2025-03-24
2025032405013485,SONA,41,70,255.0,460.0,117300.0,2025-03-24
2025032403013758,MPFL,56,56,44.0,631.0,27764.0,2025-03-24
2025032403013757,MDB,42,35,300.0,629.0,188700.0,2025-03-24
2025032404014157,GHL,39,52,450.0,280.1,126045.0,2025-03-24
2025032404014156,GHL,22,52,50.0,281.1,14055.0,2025-03-24
2025032404014155,RBCL,26,59,15.0,14495.0,217425.0,2025-03-24
2025032404014154,RBCL,21,59,20.0,14496.0,289920.0,2025-03-24
2025032404014153,RBCL,52,59,10.0,14496.5,144965.0,2025-03-24
2025032404014152,RBCL,50,59,10.0,14500.0,145000.0,2025-03-24
2025032404014151,SHL,49,58,100.0,485.0,48500.0,2025-03-24
2025032404014150,UPPER,3,46,394.0,202.0,79588.0,2025-03-24
2025032404014149,UPPER,3,58,200.0,202.0,40400.0,2025-03-24
2025032404014148,UPPER,3,28,402.0,202.0,81204.0,2025-03-24
2025032404014147,NGPL,16,44,153.0,270.0,41310.0,2025-03-24
2025032401015804,SNLI,48,33,35.0,646.0,22610.0,2025-03-24
2025032404014146,UAIL,59,21,50.0,648.0,32400.0,2025-03-24
2025032404014145,SHEL,42,13,508.0,251.0,127508.0,2025-03-24
2025032404014144,SHEL,44,13,500.0,251.5,125750.0,2025-03-24
2025032403013756,SIFC,42,34,27.0,525.0,14175.0,2025-03-24
2025032403013755,SIFC,28,34,10.0,525.0,5250.0,2025-03-24
2025032403013754,SIFC,75,34,163.0,525.0,85575.0,2025-03-24
2025032403013753,SKBBL,74,45,10.0,798.8,7988.0,2025-03-24
2025032403013752,NLIC,72,34,70.0,771.9,54033.0,2025-03-24
2025032405013484,RNLI,46,11,10.0,540.0,5400.0,2025-03-24
2025032403013751,PMLI,45,19,186.0,572.0,106392.0,2025-03-24
2025032403013750,PMLI,45,33,500.0,571.0,285500.0,2025-03-24
2025032403013749,PMLI,45,59,12.0,571.0,6852.0,2025-03-24
2025032403013748,PMLI,45,34,91.0,570.2,51888.2,2025-03-24
2025032403013747,PMLI,45,49,50.0,570.0,28500.0,2025-03-24
2025032403013746,PMLI,45,45,10.0,570.0,5700.0,2025-03-24
2025032403013745,PMLI,45,14,10.0,570.0,5700.0,2025-03-24
2025032403013744,PMLI,45,45,10.0,570.0,5700.0,2025-03-24
2025032403013743,PMLI,45,47,10.0,570.0,5700.0,2025-03-24
2025032403013742,PMLI,45,42,12.0,570.0,6840.0,2025-03-24
2025032403013741,PMLI,45,34,109.0,570.0,62130.0,2025-03-24
2025032401015803,USHEC,25,38,470.0,595.0,279650.0,2025-03-24
2025032401015802,EBL,59,34,491.0,605.0,297055.0,2025-03-24
2025032401015801,EBL,59,41,159.0,605.0,96195.0,2025-03-24
2025032401015800,EBL,59,46,780.0,605.0,471900.0,2025-03-24
2025032401015799,EBL,59,49,480.0,604.8,290304.0,2025-03-24
2025032401015798,EBL,59,45,90.0,604.0,54360.0,2025-03-24
2025032403013740,GRDBL,62,75,60.0,1390.0,83400.0,2025-03-24
2025032404014143,AKJCL,58,14,50.0,204.5,10225.0,2025-03-24
2025032404014142,BARUN,58,21,10.0,506.5,5065.0,2025-03-24
2025032401015797,PPL,57,11,190.0,541.0,102790.0,2025-03-24
2025032401015796,NYADI,17,16,440.0,571.9,251636.0,2025-03-24
2025032401015795,NYADI,17,35,10.0,570.0,5700.0,2025-03-24
2025032401015794,NYADI,17,50,250.0,570.0,142500.0,2025-03-24
2025032404014141,CHCL,50,19,241.0,490.0,118090.0,2025-03-24
2025032404014140,CHCL,52,19,30.0,490.0,14700.0,2025-03-24
2025032404014139,AHPC,72,11,10.0,252.5,2525.0,2025-03-24
2025032405013483,SHIVM,40,32,25.0,529.0,13225.0,2025-03-24
2025032404014138,NHPC,21,32,23.0,209.0,4807.0,2025-03-24
2025032404014137,NHPC,36,32,137.0,209.2,28660.4,2025-03-24
2025032404014136,NHPC,45,32,410.0,209.4,85854.0,2025-03-24
2025032404014135,NHPC,52,32,300.0,209.4,62820.0,2025-03-24
2025032404014134,NHPC,41,32,60.0,209.4,12564.0,2025-03-24
2025032404014133,NHPC,77,32,45.0,209.6,9432.0,2025-03-24
2025032404014132,NHPC,48,32,25.0,209.6,5240.0,2025-03-24
2025032403013739,SKBBL,34,54,20.0,797.3,15946.0,2025-03-24
2025032401015793,SBL,50,48,10.0,281.0,2810.0,2025-03-24
2025032403013738,BFC,37,41,200.0,564.0,112800.0,2025-03-24
2025032401015792,UHEWA,40,35,10.0,800.0,8000.0,2025-03-24
2025032404014131,RURU,42,58,50.0,736.0,36800.0,2025-03-24
2025032404014130,UPPER,75,28,10.0,202.0,2020.0,2025-03-24
2025032404014129,SHL,42,16,100.0,484.0,48400.0,2025-03-24
2025032404014128,AHPC,21,14,319.0,252.4,80515.6,2025-03-24
2025032401015791,IHL,81,17,100.0,672.9,67290.0,2025-03-24
2025032401015790,SHLB,16,55,100.0,2090.1,209010.0,2025-03-24
2025032404014127,HEI,53,19,21.0,604.0,12684.0,2025-03-24
2025032404014126,HEI,38,19,100.0,604.0,60400.0,2025-03-24
2025032404014125,HEI,32,19,200.0,604.1,120820.0,2025-03-24
2025032404014124,HEI,41,19,129.0,604.9,78032.1,2025-03-24
2025032405013482,RNLI,44,11,100.0,540.0,54000.0,2025-03-24
2025032401015789,NWCL,71,67,240.0,951.5,228360.0,2025-03-24
2025032404014123,API,42,34,241.0,270.0,65070.0,2025-03-24
2025032404014122,API,42,45,78.0,270.0,21060.0,2025-03-24
2025032404014121,API,42,44,141.0,270.0,38070.0,2025-03-24
2025032404014120,API,42,38,40.0,269.9,10796.0,2025-03-24
2025032401015788,KBL,42,43,1726.0,204.0,352104.0,2025-03-24
2025032401015787,KBL,57,43,274.0,204.0,55896.0,2025-03-24
2025032401015786,MEHL,58,57,820.0,542.0,444440.0,2025-03-24
2025032401015785,MEHL,58,82,180.0,541.0,97380.0,2025-03-24
2025032405013481,HRL,48,7,50.0,965.0,48250.0,2025-03-24
2025032405013480,NTC,51,42,101.0,903.9,91293.9,2025-03-24
2025032404014119,UMHL,56,22,500.0,441.2,220600.0,2025-03-24
2025032401015784,MKHC,55,8,30.0,517.9,15537.0,2025-03-24
2025032401015783,NYADI,58,34,20.0,568.0,11360.0,2025-03-24
2025032404014118,GHL,4,71,40.0,282.0,11280.0,2025-03-24
2025032401015782,GMLI,29,47,30.0,2268.9,68067.0,2025-03-24
2025032401015781,GMLI,29,45,10.0,2268.0,22680.0,2025-03-24
2025032401015780,GMLI,29,22,10.0,2268.0,22680.0,2025-03-24
2025032401015779,GMLI,29,45,10.0,2268.0,22680.0,2025-03-24
2025032401015778,GMLI,29,40,10.0,2268.0,22680.0,2025-03-24
2025032401015777,GMLI,29,51,10.0,2268.0,22680.0,2025-03-24
2025032401015776,GMLI,29,51,325.0,2268.0,737100.0,2025-03-24
2025032401015775,GMLI,29,7,10.0,2267.8,22678.0,2025-03-24
2025032401015774,GMLI,29,60,85.0,2267.0,192695.0,2025-03-24
2025032403013737,GFCL,59,50,30.0,673.5,20205.0,2025-03-24
2025032401015773,GMLI,92,60,200.0,2267.0,453400.0,2025-03-24
2025032403013736,NABBC,46,6,13.0,1926.0,25038.0,2025-03-24
2025032405013479,HRL,49,82,120.0,966.0,115920.0,2025-03-24
2025032401015772,IHL,81,3,10.0,672.9,6729.0,2025-03-24
2025032401015771,IHL,81,3,10.0,672.8,6728.0,2025-03-24
2025032401015770,IHL,81,45,200.0,672.7,134540.0,2025-03-24
2025032401015769,IHL,81,71,10.0,672.7,6727.0,2025-03-24
2025032401015768,NBL,55,57,500.0,251.0,125500.0,2025-03-24
2025032404014117,DHPL,49,74,500.0,407.3,203650.0,2025-03-24
2025032401015767,CKHL,45,58,122.0,715.0,87230.0,2025-03-24
2025032401015766,CKHL,58,58,362.0,715.5,259011.0,2025-03-24
2025032401015765,CKHL,55,58,205.0,716.0,146780.0,2025-03-24
2025032401015764,CKHL,17,58,11.0,721.0,7931.0,2025-03-24
2025032401015763,CKHL,39,58,50.0,721.0,36050.0,2025-03-24
2025032401015762,CKHL,48,58,50.0,721.0,36050.0,2025-03-24
2025032401015761,CKHL,25,58,30.0,722.0,21660.0,2025-03-24
2025032401015760,CKHL,25,58,30.0,722.0,21660.0,2025-03-24
2025032401015759,CKHL,41,58,50.0,722.0,36100.0,2025-03-24
2025032401015758,CKHL,13,58,50.0,723.0,36150.0,2025-03-24
2025032401015757,CKHL,55,58,10.0,725.0,7250.0,2025-03-24
2025032401015756,CKHL,6,58,30.0,725.0,21750.0,2025-03-24
2025032401015755,CKHL,25,58,110.0,725.0,79750.0,2025-03-24
2025032401015754,CKHL,43,58,10.0,725.2,7252.0,2025-03-24
2025032401015753,CKHL,67,58,20.0,726.0,14520.0,2025-03-24
2025032401015752,CKHL,41,58,10.0,727.0,7270.0,2025-03-24
2025032404014116,HEI,41,82,371.0,604.9,224417.9,2025-03-24
2025032405013478,HIDCL,45,47,500.0,266.0,133000.0,2025-03-24
2025032405013477,HIDCL,45,58,22.0,266.0,5852.0,2025-03-24
2025032405013476,HIDCL,45,58,40.0,266.0,10640.0,2025-03-24
2025032405013475,HIDCL,45,4,119.0,266.0,31654.0,2025-03-24
2025032405013474,HIDCL,45,16,366.0,266.0,97356.0,2025-03-24
2025032405013473,HIDCL,45,57,100.0,266.0,26600.0,2025-03-24
2025032405013472,HIDCL,45,62,70.0,266.0,18620.0,2025-03-24
2025032405013471,HIDCL,45,1,490.0,265.9,130291.0,2025-03-24
2025032405013470,HIDCL,45,1,500.0,265.9,132950.0,2025-03-24
2025032405013469,HIDCL,45,1,74.0,265.9,19676.6,2025-03-24
2025032405013468,HIDCL,45,1,1000.0,265.9,265900.0,2025-03-24
2025032405013467,HIDCL,45,91,35.0,265.9,9306.5,2025-03-24
2025032405013466,HIDCL,45,13,500.0,265.8,132900.0,2025-03-24
2025032405013465,HIDCL,45,51,1000.0,265.6,265600.0,2025-03-24
2025032405013464,HIDCL,45,47,50.0,265.5,13275.0,2025-03-24
2025032405013463,HIDCL,45,46,100.0,265.5,26550.0,2025-03-24
2025032405013462,HIDCL,45,75,250.0,265.0,66250.0,2025-03-24
2025032405013461,HIDCL,45,87,150.0,265.0,39750.0,2025-03-24
2025032405013460,HIDCL,45,32,4000.0,265.0,1060000.0,2025-03-24
2025032405013459,HIDCL,45,42,567.0,265.0,150255.0,2025-03-24
2025032405013458,HIDCL,45,83,1000.0,265.0,265000.0,2025-03-24
2025032405013457,HIDCL,45,34,10.0,265.0,2650.0,2025-03-24
2025032405013456,HIDCL,45,38,835.0,265.0,221275.0,2025-03-24
2025032405013455,HIDCL,45,19,90.0,264.9,23841.0,2025-03-24
2025032405013454,HIDCL,45,45,926.0,264.5,244927.0,2025-03-24
2025032403013735,EDBL,62,45,80.0,640.1,51208.0,2025-03-24
2025032403013734,EDBL,26,45,90.0,643.0,57870.0,2025-03-24
2025032403013733,EDBL,28,45,40.0,645.0,25800.0,2025-03-24
2025032404014115,BPCL,58,52,56.0,394.0,22064.0,2025-03-24
2025032404014114,BPCL,58,52,256.0,394.0,100864.0,2025-03-24
2025032404014113,BPCL,6,52,30.0,395.0,11850.0,2025-03-24
2025032404014112,BPCL,21,52,10.0,395.0,3950.0,2025-03-24
2025032404014111,BPCL,58,52,46.0,395.0,18170.0,2025-03-24
2025032401015751,HIDCLP,59,57,10.0,173.9,1739.0,2025-03-24
2025032405013453,ILI,62,57,20.0,462.0,9240.0,2025-03-24
2025032404014110,PRIN,52,64,291.0,925.0,269175.0,2025-03-24
2025032404014109,PRIN,14,64,100.0,925.1,92510.0,2025-03-24
2025032403013732,SFCL,49,34,110.0,539.0,59290.0,2025-03-24
2025032403013731,SFCL,49,32,310.0,539.0,167090.0,2025-03-24
2025032405013452,ILI,41,57,38.0,462.0,17556.0,2025-03-24
2025032405013451,ILI,6,57,50.0,462.0,23100.0,2025-03-24
2025032405013450,ILI,14,57,100.0,462.0,46200.0,2025-03-24
2025032405013449,ILI,35,57,40.0,462.0,18480.0,2025-03-24
2025032405013448,ILI,47,57,50.0,462.0,23100.0,2025-03-24
2025032405013447,ILI,57,57,98.0,462.0,45276.0,2025-03-24
2025032405013446,ILI,58,57,30.0,462.0,13860.0,2025-03-24
2025032405013445,ILI,53,57,50.0,462.0,23100.0,2025-03-24
2025032405013444,ILI,14,57,10.0,462.0,4620.0,2025-03-24
2025032405013443,ILI,62,57,15.0,462.0,6930.0,2025-03-24
2025032405013442,ILI,47,57,24.0,462.1,11090.4,2025-03-24
2025032405013441,ILI,36,57,100.0,462.5,46250.0,2025-03-24
2025032405013440,ILI,42,57,100.0,463.0,46300.0,2025-03-24
2025032405013439,ILI,14,57,38.0,463.0,17594.0,2025-03-24
2025032405013438,ILI,40,57,194.0,463.1,89841.4,2025-03-24
2025032405013437,ILI,46,57,30.0,464.0,13920.0,2025-03-24
2025032405013436,ILI,58,57,200.0,464.0,92800.0,2025-03-24
2025032405013435,ILI,49,57,40.0,464.1,18564.0,2025-03-24
2025032403013730,SMB,67,26,17.0,2539.0,43163.0,2025-03-24
2025032403013729,SINDU,48,14,20.0,1135.5,22710.0,2025-03-24
2025032401015750,MEHL,34,82,10.0,541.0,5410.0,2025-03-24
2025032405013434,NRN,86,94,10.0,1388.9,13889.0,2025-03-24
2025032405013433,NRN,86,51,80.0,1384.0,110720.0,2025-03-24
2025032403013728,SHINE,41,45,10.0,417.9,4179.0,2025-03-24
2025032403013727,MLBBL,21,41,60.0,1570.0,94200.0,2025-03-24
2025032401015749,SNLI,89,33,113.0,646.0,72998.0,2025-03-24
2025032401015748,SNLI,89,32,187.0,645.8,120764.6,2025-03-24
2025032401015747,DLBS,38,22,25.0,1550.0,38750.0,2025-03-24
2025032401015746,DLBS,4,22,15.0,1550.0,23250.0,2025-03-24
2025032401015745,DLBS,63,22,15.0,1550.0,23250.0,2025-03-24
2025032401015744,DLBS,34,22,10.0,1555.0,15550.0,2025-03-24
2025032403013726,ILBS,45,43,15.0,950.0,14250.0,2025-03-24
2025032401015743,SANIMA,38,56,739.0,299.2,221108.8,2025-03-24
2025032401015742,SANIMA,11,56,185.0,299.2,55352.0,2025-03-24
2025032401015741,SANIMA,89,56,46.0,299.3,13767.8,2025-03-24
2025032401015740,SANIMA,25,56,30.0,299.3,8979.0,2025-03-24
2025032401015739,GMLI,42,60,70.0,2267.0,158690.0,2025-03-24
2025032401015738,GMLI,42,81,20.0,2267.0,45340.0,2025-03-24
2025032404014108,CHL,13,42,500.0,522.2,261100.0,2025-03-24
2025032403013725,PROFL,52,1,40.0,545.0,21800.0,2025-03-24
2025032401015737,MHCL,17,11,10.0,521.0,5210.0,2025-03-24
2025032405013432,HATHY,3,45,39.0,1255.0,48945.0,2025-03-24
2025032403013724,NMFBS,10,16,10.0,1228.0,12280.0,2025-03-24
2025032403013723,NMFBS,10,41,90.0,1228.0,110520.0,2025-03-24
2025032404014107,SPDL,40,14,100.0,325.0,32500.0,2025-03-24
2025032404014106,SPDL,44,14,500.0,325.0,162500.0,2025-03-24
2025032404014105,SPDL,71,14,500.0,325.0,162500.0,2025-03-24
2025032404014104,SPDL,14,14,100.0,325.0,32500.0,2025-03-24
2025032404014103,SPDL,32,14,13.0,325.0,4225.0,2025-03-24
2025032403013722,MLBL,37,34,750.0,400.0,300000.0,2025-03-24
2025032403013721,MLBL,21,34,60.0,400.0,24000.0,2025-03-24
2025032403013720,MLBL,5,34,50.0,400.0,20000.0,2025-03-24
2025032403013719,MLBL,32,34,100.0,400.0,40000.0,2025-03-24
2025032405013431,NIFRA,49,66,54.0,266.0,14364.0,2025-03-24
2025032401015736,GMLI,58,81,80.0,2267.0,181360.0,2025-03-24
2025032401015735,GMLI,58,19,20.0,2266.0,45320.0,2025-03-24
2025032405013430,HATHY,11,45,30.0,1255.0,37650.0,2025-03-24
2025032405013429,HATHY,46,45,100.0,1255.0,125500.0,2025-03-24
2025032405013428,CLI,50,6,200.0,505.0,101000.0,2025-03-24
2025032401015734,HIDCLP,28,57,635.0,173.9,110426.5,2025-03-24
2025032401015733,HIDCLP,28,33,20.0,173.8,3476.0,2025-03-24
2025032401015732,HIDCLP,28,38,900.0,173.8,156420.0,2025-03-24
2025032401015731,HIDCLP,28,38,500.0,173.6,86800.0,2025-03-24
2025032401015730,HIDCLP,28,55,500.0,173.5,86750.0,2025-03-24
2025032401015729,HIDCLP,28,6,2480.0,173.4,430032.0,2025-03-24
2025032401015728,HIDCLP,28,17,1990.0,173.2,344668.0,2025-03-24
2025032401015727,HIDCLP,28,38,500.0,173.1,86550.0,2025-03-24
2025032401015726,HIDCLP,28,38,500.0,173.0,86500.0,2025-03-24
2025032401015725,HIDCLP,28,17,1975.0,173.0,341675.0,2025-03-24
2025032403013718,NABBC,1,38,200.0,1926.0,385200.0,2025-03-24
2025032401015724,SARBTM,57,34,50.0,784.0,39200.0,2025-03-24
2025032403013717,FMDBL,65,57,63.0,758.0,47754.0,2025-03-24
2025032403013716,FMDBL,8,57,57.0,760.0,43320.0,2025-03-24
2025032404014102,KPCL,13,96,750.0,526.0,394500.0,2025-03-24
2025032403013715,BFC,47,32,350.0,562.0,196700.0,2025-03-24
2025032403013714,SFCL,1,32,150.0,539.0,80850.0,2025-03-24
2025032403013713,SFCL,58,32,20.0,539.0,10780.0,2025-03-24
2025032403013712,SFCL,45,32,20.0,539.0,10780.0,2025-03-24
2025032401015723,HIDCLP,22,17,15.0,173.0,2595.0,2025-03-24
2025032405013427,NRIC,6,22,67.0,1270.0,85090.0,2025-03-24
2025032405013426,NRIC,56,96,750.0,1274.0,955500.0,2025-03-24
2025032405013425,NRIC,56,91,200.0,1274.0,254800.0,2025-03-24
2025032405013424,NRIC,56,44,100.0,1274.0,127400.0,2025-03-24
2025032405013423,NRIC,56,45,50.0,1274.0,63700.0,2025-03-24
2025032405013422,NRIC,56,38,100.0,1274.0,127400.0,2025-03-24
2025032405013421,HRL,56,82,400.0,966.0,386400.0,2025-03-24
2025032405013420,HRL,50,82,50.0,966.0,48300.0,2025-03-24
2025032403013711,FMDBL,25,63,500.0,764.0,382000.0,2025-03-24
2025032403013710,MFIL,6,33,62.0,617.0,38254.0,2025-03-24
2025032404014101,HEI,52,82,100.0,604.9,60490.0,2025-03-24
2025032403013709,SHINE,13,22,10.0,417.8,4178.0,2025-03-24
2025032401015722,HHL,66,81,50.0,502.0,25100.0,2025-03-24
2025032401015721,HHL,66,8,450.0,502.0,225900.0,2025-03-24
2025032403013708,SLBSL,58,48,17.0,2025.0,34425.0,2025-03-24
2025032401015720,SARBTM,29,45,20.0,783.0,15660.0,2025-03-24
2025032401015719,NMB,56,49,16.0,246.0,3936.0,2025-03-24
2025032401015718,NMB,56,41,19.0,246.0,4674.0,2025-03-24
2025032401015717,NMB,56,19,50.0,246.0,12300.0,2025-03-24
2025032401015716,NMB,56,45,28.0,246.0,6888.0,2025-03-24
2025032401015715,NMB,56,36,1625.0,245.9,399587.5,2025-03-24
2025032401015714,NMB,56,1,500.0,245.9,122950.0,2025-03-24
2025032401015713,NMB,56,42,120.0,245.9,29508.0,2025-03-24
2025032401015712,NMB,56,14,497.0,245.8,122162.6,2025-03-24
2025032401015711,NMB,56,25,100.0,245.8,24580.0,2025-03-24
2025032401015710,NMB,56,1,500.0,245.7,122850.0,2025-03-24
2025032401015709,NMB,56,41,45.0,245.0,11025.0,2025-03-24
2025032405013419,HRL,50,82,30.0,966.0,28980.0,2025-03-24
2025032404014100,CHL,62,33,20.0,524.8,10496.0,2025-03-24
2025032401015708,MMKJL,57,63,75.0,699.0,52425.0,2025-03-24
2025032404014099,RIDI,38,21,269.0,221.0,59449.0,2025-03-24
2025032403013707,MSLB,61,7,40.0,1277.0,51080.0,2025-03-24
2025032404014098,API,25,38,10.0,269.9,2699.0,2025-03-24
2025032401015707,TPC,59,58,259.0,524.0,135716.0,2025-03-24
2025032404014097,SHPC,42,52,200.0,457.0,91400.0,2025-03-24
2025032403013706,DDBL,40,29,45.0,775.5,34897.5,2025-03-24
2025032403013705,NLIC,97,16,22.0,770.0,16940.0,2025-03-24
2025032403013704,NLIC,4,16,178.0,771.0,137238.0,2025-03-24
2025032404014096,HDHPC,51,99,10.0,200.7,2007.0,2025-03-24
2025032404014095,PRIN,58,57,200.0,925.2,185040.0,2025-03-24
2025032401015706,UNLB,47,8,11.0,2295.0,25245.0,2025-03-24
2025032401015705,GMLI,43,19,80.0,2266.0,181280.0,2025-03-24
2025032403013703,SAPDBL,55,72,200.0,1143.0,228600.0,2025-03-24
2025032403013702,SAPDBL,7,72,10.0,1143.0,11430.0,2025-03-24
2025032403013701,SAPDBL,53,72,200.0,1143.1,228620.0,2025-03-24
2025032403013700,SAPDBL,1,72,20.0,1145.0,22900.0,2025-03-24
2025032403013699,SAPDBL,16,72,70.0,1145.0,80150.0,2025-03-24
2025032405013418,HRL,58,82,310.0,966.0,299460.0,2025-03-24
2025032404014094,UMHL,86,42,1000.0,441.1,441100.0,2025-03-24
2025032405013417,HATHY,54,3,50.0,1255.0,62750.0,2025-03-24
2025032405013416,HATHY,61,3,10.0,1255.0,12550.0,2025-03-24
2025032405013415,HATHY,8,3,382.0,1255.0,479410.0,2025-03-24
2025032405013414,HATHY,3,3,26.0,1255.0,32630.0,2025-03-24
2025032405013413,HATHY,25,3,50.0,1255.1,62755.0,2025-03-24
2025032405013412,HATHY,38,3,20.0,1255.1,25102.0,2025-03-24
2025032405013411,HATHY,53,3,130.0,1255.5,163215.0,2025-03-24
2025032405013410,CIT,28,6,10.0,1961.0,19610.0,2025-03-24
2025032404014093,CHL,28,33,100.0,524.8,52480.0,2025-03-24
2025032404014092,PMHPL,26,16,190.0,286.0,54340.0,2025-03-24
2025032404014091,PMHPL,57,16,200.0,286.0,57200.0,2025-03-24
2025032404014090,PMHPL,41,16,10.0,286.2,2862.0,2025-03-24
2025032404014089,PMHPL,33,16,170.0,286.4,48688.0,2025-03-24
2025032405013409,NRN,47,51,20.0,1384.0,27680.0,2025-03-24
2025032401015704,GMLI,43,51,10.0,2266.0,22660.0,2025-03-24
2025032404014088,HURJA,1,18,100.0,235.0,23500.0,2025-03-24
2025032401015703,TPC,45,6,60.0,524.9,31494.0,2025-03-24
2025032405013408,SHIVM,56,57,100.0,530.0,53000.0,2025-03-24
2025032401015702,SRLI,54,58,10.0,419.1,4191.0,2025-03-24
2025032401015701,NYADI,58,60,160.0,568.0,90880.0,2025-03-24
2025032401015700,USHEC,18,62,460.0,594.0,273240.0,2025-03-24
2025032403013698,SINDU,48,48,25.0,1135.5,28387.5,2025-03-24
2025032404014087,SALICO,16,14,30.0,705.0,21150.0,2025-03-24
2025032404014086,SALICO,34,14,100.0,705.0,70500.0,2025-03-24
2025032404014085,SALICO,58,14,35.0,705.0,24675.0,2025-03-24
2025032404014084,SALICO,80,14,24.0,705.1,16922.4,2025-03-24
2025032405013407,HRL,41,82,500.0,966.0,483000.0,2025-03-24
2025032404014083,SHPC,22,52,10.0,457.0,4570.0,2025-03-24
2025032404014082,HDHPC,57,1,150.0,200.0,30000.0,2025-03-24
2025032404014081,HDHPC,57,1,320.0,200.0,64000.0,2025-03-24
2025032403013697,NUBL,58,4,10.0,674.0,6740.0,2025-03-24
2025032405013406,CLI,58,6,50.0,505.0,25250.0,2025-03-24
2025032404014080,GHL,39,52,87.0,280.1,24368.7,2025-03-24
2025032404014079,GHL,65,52,413.0,280.1,115681.3,2025-03-24
2025032401015699,GMLI,91,51,100.0,2268.0,226800.0,2025-03-24
2025032401015698,MKJC,21,5,100.0,539.8,53980.0,2025-03-24
2025032405013405,HATHY,53,57,70.0,1255.5,87885.0,2025-03-24
2025032405013404,HATHY,43,57,50.0,1256.0,62800.0,2025-03-24
2025032405013403,HATHY,22,57,50.0,1256.0,62800.0,2025-03-24
2025032405013402,HATHY,34,57,10.0,1256.0,12560.0,2025-03-24
2025032405013401,HATHY,46,57,10.0,1256.0,12560.0,2025-03-24
2025032405013400,HATHY,40,57,10.0,1256.1,12561.0,2025-03-24
2025032401015697,DORDI,52,13,163.0,377.0,61451.0,2025-03-24
2025032403013696,SINDU,5,1,80.0,1140.0,91200.0,2025-03-24
2025032403013695,SINDU,5,56,10.0,1140.0,11400.0,2025-03-24
2025032403013694,BFC,19,45,20.0,562.0,11240.0,2025-03-24
2025032403013693,JFL,3,34,11.0,515.0,5665.0,2025-03-24
2025032405013399,SAHAS,57,41,85.0,498.2,42347.0,2025-03-24
2025032405013398,SAHAS,22,41,10.0,498.3,4983.0,2025-03-24
2025032405013397,SAHAS,41,41,50.0,498.4,24920.0,2025-03-24
2025032405013396,SAHAS,22,41,45.0,498.4,22428.0,2025-03-24
2025032405013395,SAHAS,55,41,20.0,498.6,9972.0,2025-03-24
2025032405013394,SAHAS,21,41,50.0,498.6,24930.0,2025-03-24
2025032405013393,SAHAS,58,41,40.0,498.7,19948.0,2025-03-24
2025032405013392,SAHAS,58,41,200.0,498.8,99760.0,2025-03-24
2025032403013692,ICFC,1,57,300.0,617.5,185250.0,2025-03-24
2025032403013691,GBBL,42,35,85.0,394.0,33490.0,2025-03-24
2025032403013690,GBBL,42,1,15.0,393.0,5895.0,2025-03-24
2025032405013391,NRIC,6,37,20.0,1273.9,25478.0,2025-03-24
2025032403013689,HLI,35,48,15.0,419.9,6298.5,2025-03-24
2025032405013390,NIFRA,49,36,54.0,266.0,14364.0,2025-03-24
2025032404014078,NGPL,52,10,111.0,269.0,29859.0,2025-03-24
2025032404014077,NGPL,56,10,200.0,269.1,53820.0,2025-03-24
2025032404014076,NGPL,8,10,689.0,269.2,185478.8,2025-03-24
2025032404014075,SALICO,80,55,10.0,705.1,7051.0,2025-03-24
2025032404014074,SALICO,42,55,15.0,705.5,10582.5,2025-03-24
2025032404014073,SALICO,46,55,15.0,705.6,10584.0,2025-03-24
2025032404014072,AKPL,14,57,50.0,227.9,11395.0,2025-03-24
2025032404014071,SPDL,29,52,10.0,327.5,3275.0,2025-03-24
2025032404014070,SPDL,70,52,23.0,327.5,7532.5,2025-03-24
2025032405013389,NIFRA,60,22,10.0,266.3,2663.0,2025-03-24
2025032404014069,CHCL,50,51,100.0,490.9,49090.0,2025-03-24
2025032405013388,NTC,39,48,100.0,905.0,90500.0,2025-03-24
2025032403013688,MLBL,50,25,250.0,400.1,100025.0,2025-03-24
2025032403013687,MLBL,4,25,25.0,400.1,10002.5,2025-03-24
2025032403013686,MLBL,17,25,100.0,400.1,40010.0,2025-03-24
2025032403013685,MLBL,50,25,100.0,400.1,40010.0,2025-03-24
2025032403013684,MLBL,49,25,1000.0,400.1,400100.0,2025-03-24
2025032403013683,MLBL,51,25,1000.0,400.2,400200.0,2025-03-24
2025032403013682,MLBL,34,25,50.0,400.5,20025.0,2025-03-24
2025032403013681,MLBL,58,25,200.0,400.5,80100.0,2025-03-24
2025032403013680,MLBL,72,25,100.0,400.5,40050.0,2025-03-24
2025032403013679,MLBL,17,25,550.0,400.5,220275.0,2025-03-24
2025032403013678,MLBL,60,25,80.0,400.6,32048.0,2025-03-24
2025032403013677,MLBL,17,25,50.0,401.0,20050.0,2025-03-24
2025032405013387,NIFRA,58,22,20.0,266.3,5326.0,2025-03-24
2025032404014068,NHPC,58,74,10.0,209.9,2099.0,2025-03-24
2025032403013676,GRDBL,35,35,10.0,1375.0,13750.0,2025-03-24
2025032401015696,MKHC,57,8,10.0,517.9,5179.0,2025-03-24
2025032403013675,NLIC,4,26,20.0,771.0,15420.0,2025-03-24
2025032401015695,MHCL,65,37,10.0,524.0,5240.0,2025-03-24
2025032401015694,MHCL,65,45,10.0,524.0,5240.0,2025-03-24
2025032405013386,MBJC,38,14,155.0,324.0,50220.0,2025-03-24
2025032404014067,NLG,66,36,50.0,866.0,43300.0,2025-03-24
2025032403013674,JBBL,35,45,59.0,342.5,20207.5,2025-03-24
2025032403013673,JBBL,38,45,941.0,342.6,322386.6,2025-03-24
2025032403013672,JBBL,26,45,1000.0,342.8,342800.0,2025-03-24
2025032404014066,UMHL,62,25,500.0,441.0,220500.0,2025-03-24
2025032404014065,UMHL,34,25,60.0,441.1,26466.0,2025-03-24
2025032404014064,UMHL,14,25,10.0,441.1,4411.0,2025-03-24
2025032404014063,GLH,25,41,49.0,245.8,12044.2,2025-03-24
2025032404014062,GLH,25,56,10.0,245.1,2451.0,2025-03-24
2025032404014061,GLH,25,58,15.0,245.0,3675.0,2025-03-24
2025032404014060,GLH,25,16,126.0,245.0,30870.0,2025-03-24
2025032405013385,NRIC,6,53,10.0,1270.0,12700.0,2025-03-24
2025032401015693,SARBTM,43,34,198.0,784.0,155232.0,2025-03-24
2025032405013384,HIDCL,7,45,58.0,264.5,15341.0,2025-03-24
2025032404014059,NLG,48,36,50.0,866.0,43300.0,2025-03-24
2025032404014058,LEC,58,72,200.0,209.1,41820.0,2025-03-24
2025032405013383,CIT,22,14,20.0,1960.9,39218.0,2025-03-24
2025032401015692,DORDI,88,57,10.0,378.0,3780.0,2025-03-24
2025032403013671,PFL,39,42,64.0,440.0,28160.0,2025-03-24
2025032403013670,PFL,39,55,80.0,440.0,35200.0,2025-03-24
2025032403013669,PFL,39,49,85.0,439.9,37391.5,2025-03-24
2025032403013668,PFL,39,22,268.0,439.9,117893.2,2025-03-24
2025032403013667,PFL,39,55,503.0,439.0,220817.0,2025-03-24
2025032401015691,DLBS,42,25,53.0,1557.9,82568.7,2025-03-24
2025032404014057,HURJA,11,18,500.0,235.0,117500.0,2025-03-24
2025032401015690,MKHL,64,75,10.0,701.0,7010.0,2025-03-24
2025032401015689,MKHL,85,75,50.0,702.0,35100.0,2025-03-24
2025032403013666,LBBL,57,48,419.0,423.1,177278.9,2025-03-24
2025032401015688,CZBIL,14,57,28.0,209.0,5852.0,2025-03-24
2025032404014056,UPPER,46,7,100.0,201.8,20180.0,2025-03-24
2025032401015687,SBL,56,44,100.0,280.0,28000.0,2025-03-24
2025032401015686,SBL,32,44,100.0,280.1,28010.0,2025-03-24
2025032401015685,HIDCLP,22,48,500.0,172.9,86450.0,2025-03-24
2025032401015684,HIDCLP,22,14,1000.0,172.9,172900.0,2025-03-24
2025032405013382,SONA,42,25,40.0,459.9,18396.0,2025-03-24
2025032401015683,DLBS,42,56,40.0,1557.9,62316.0,2025-03-24
2025032404014055,SSHL,33,7,400.0,231.0,92400.0,2025-03-24
2025032404014054,SSHL,10,7,50.0,231.0,11550.0,2025-03-24
2025032404014053,SSHL,28,7,100.0,231.0,23100.0,2025-03-24
2025032404014052,SSHL,41,7,385.0,232.0,89320.0,2025-03-24
2025032404014051,SSHL,13,7,200.0,232.0,46400.0,2025-03-24
2025032404014050,SSHL,26,7,116.0,232.0,26912.0,2025-03-24
2025032403013665,NFS,38,51,15.0,706.0,10590.0,2025-03-24
2025032404014049,AHPC,38,13,141.0,252.1,35546.1,2025-03-24
2025032401015682,SPC,57,44,250.0,524.0,131000.0,2025-03-24
2025032404014048,RHPL,57,3,392.0,386.9,151664.8,2025-03-24
2025032404014047,RHPL,57,58,82.0,386.9,31725.8,2025-03-24
2025032404014046,RHPL,57,1,126.0,386.9,48749.4,2025-03-24
2025032404014045,RHPL,57,52,400.0,386.0,154400.0,2025-03-24
2025032403013664,NFS,38,48,20.0,706.0,14120.0,2025-03-24
2025032403013663,NFS,38,26,30.0,705.0,21150.0,2025-03-24
2025032405013381,GCIL,55,43,10.0,529.0,5290.0,2025-03-24
2025032404014044,UMHL,52,37,13.0,442.9,5757.7,2025-03-24
2025032403013662,GFCL,59,53,20.0,676.0,13520.0,2025-03-24
2025032401015681,USHEC,18,41,291.0,593.0,172563.0,2025-03-24
2025032401015680,USHEC,18,57,10.0,592.0,5920.0,2025-03-24
2025032404014043,DHPL,74,16,100.0,407.2,40720.0,2025-03-24
2025032401015679,NYADI,29,90,90.0,567.0,51030.0,2025-03-24
2025032403013661,MSLB,61,38,20.0,1277.0,25540.0,2025-03-24
2025032405013380,HRL,36,82,200.0,966.0,193200.0,2025-03-24
2025032405013379,HRL,34,82,100.0,966.0,96600.0,2025-03-24
2025032405013378,HRL,17,82,20.0,966.0,19320.0,2025-03-24
2025032405013377,HRL,22,82,153.0,966.0,147798.0,2025-03-24
2025032405013376,HRL,58,82,40.0,966.6,38664.0,2025-03-24
2025032401015678,MMKJL,55,32,14.0,700.0,9800.0,2025-03-24
2025032401015677,MMKJL,55,34,10.0,700.0,7000.0,2025-03-24
2025032403013660,NFS,17,62,60.0,703.2,42192.0,2025-03-24
2025032403013659,NFS,7,62,140.0,703.4,98476.0,2025-03-24
2025032403013658,MDB,1,35,20.0,629.0,12580.0,2025-03-24
2025032403013657,MDB,58,35,100.0,629.0,62900.0,2025-03-24
2025032403013656,MDB,32,35,93.0,629.0,58497.0,2025-03-24
2025032401015676,SGHC,58,48,86.0,532.0,45752.0,2025-03-24
2025032401015675,SGHC,32,48,70.0,532.0,37240.0,2025-03-24
2025032405013375,STC,57,59,20.0,5230.0,104600.0,2025-03-24
2025032405013374,STC,57,5,10.0,5229.0,52290.0,2025-03-24
2025032405013373,HIDCL,45,57,230.0,264.0,60720.0,2025-03-24
2025032404014042,BARUN,5,21,50.0,506.5,25325.0,2025-03-24
2025032404014041,BARUN,5,34,200.0,506.1,101220.0,2025-03-24
2025032401015674,GMLI,43,55,10.0,2266.0,22660.0,2025-03-24
2025032401015673,PPL,32,55,10.0,549.0,5490.0,2025-03-24
2025032405013372,MEL,34,51,35.0,315.8,11053.0,2025-03-24
2025032404014040,RIDI,32,42,93.0,221.0,20553.0,2025-03-24
2025032404014039,RIDI,46,42,97.0,221.0,21437.0,2025-03-24
2025032404014038,RIDI,33,42,10.0,221.1,2211.0,2025-03-24
2025032401015672,MHCL,17,11,287.0,521.0,149527.0,2025-03-24
2025032401015671,MHCL,59,11,86.0,521.0,44806.0,2025-03-24
2025032401015670,MHCL,11,11,500.0,521.1,260550.0,2025-03-24
2025032401015669,MHCL,65,11,100.0,521.2,52120.0,2025-03-24
2025032401015668,MHCL,55,11,10.0,521.2,5212.0,2025-03-24
2025032401015667,MHCL,17,11,87.0,521.2,45344.4,2025-03-24
2025032401015666,GMLI,28,51,90.0,2268.0,204120.0,2025-03-24
2025032401015665,GMLI,28,57,10.0,2267.9,22679.0,2025-03-24
2025032405013371,MEL,16,51,20.0,315.8,6316.0,2025-03-24
2025032405013370,NTC,51,26,91.0,904.9,82345.9,2025-03-24
2025032401015664,SNLI,32,51,12.0,645.1,7741.2,2025-03-24
2025032403013655,NFS,57,26,20.0,705.0,14100.0,2025-03-24
2025032403013654,NFS,57,14,80.0,705.0,56400.0,2025-03-24
2025032403013653,SFCL,45,95,10.0,539.0,5390.0,2025-03-24
2025032404014037,GHL,65,66,152.0,280.1,42575.2,2025-03-24
2025032404014036,GHL,53,66,200.0,280.5,56100.0,2025-03-24
2025032404014035,GHL,39,66,5000.0,280.8,1404000.0,2025-03-24
2025032404014034,GHL,58,66,101.0,281.0,28381.0,2025-03-24
2025032404014033,GHL,58,66,200.0,281.0,56200.0,2025-03-24
2025032404014032,GHL,46,66,21.0,281.0,5901.0,2025-03-24
2025032404014031,GHL,41,66,20.0,281.0,5620.0,2025-03-24
2025032404014030,GHL,57,66,150.0,281.0,42150.0,2025-03-24
2025032404014029,GHL,38,66,50.0,281.0,14050.0,2025-03-24
2025032404014028,GHL,58,66,36.0,281.0,10116.0,2025-03-24
2025032404014027,GHL,62,66,1000.0,281.0,281000.0,2025-03-24
2025032404014026,GHL,41,66,170.0,281.0,47770.0,2025-03-24
2025032404014025,GHL,35,66,1000.0,281.1,281100.0,2025-03-24
2025032404014024,GHL,28,66,500.0,281.1,140550.0,2025-03-24
2025032404014023,GHL,34,66,400.0,281.2,112480.0,2025-03-24
2025032405013369,SONA,34,25,50.0,459.9,22995.0,2025-03-24
2025032401015663,UHEWA,52,88,40.0,796.0,31840.0,2025-03-24
2025032401015662,UHEWA,58,88,80.0,796.1,63688.0,2025-03-24
2025032401015661,UHEWA,38,88,20.0,796.1,15922.0,2025-03-24
2025032401015660,UHEWA,21,88,40.0,796.1,31844.0,2025-03-24
2025032401015659,UHEWA,40,88,10.0,796.2,7962.0,2025-03-24
2025032401015658,UHEWA,40,88,10.0,796.3,7963.0,2025-03-24
2025032404014022,API,25,98,190.0,269.9,51281.0,2025-03-24
2025032401015657,KBL,13,7,882.0,204.6,180457.2,2025-03-24
2025032401015656,KBL,13,21,290.0,204.5,59305.0,2025-03-24
2025032401015655,KBL,13,38,328.0,204.5,67076.0,2025-03-24
2025032404014021,GHL,26,71,90.0,282.0,25380.0,2025-03-24
2025032403013652,SKBBL,34,45,10.0,798.8,7988.0,2025-03-24
2025032403013651,CFCL,45,60,196.0,558.0,109368.0,2025-03-24
2025032403013650,CFCL,45,60,50.0,558.5,27925.0,2025-03-24
2025032404014020,SSHL,26,69,284.0,232.0,65888.0,2025-03-24
2025032404014019,SSHL,10,69,50.0,232.0,11600.0,2025-03-24
2025032404014018,SSHL,6,69,100.0,232.0,23200.0,2025-03-24
2025032404014017,SSHL,26,69,100.0,232.0,23200.0,2025-03-24
2025032404014016,SSHL,58,69,200.0,232.0,46400.0,2025-03-24
2025032404014015,SSHL,49,69,50.0,232.0,11600.0,2025-03-24
2025032404014014,SSHL,35,69,216.0,232.3,50176.8,2025-03-24
2025032404014013,DHPL,58,74,83.0,408.0,33864.0,2025-03-24
2025032403013649,SWBBL,57,10,50.0,837.0,41850.0,2025-03-24
2025032403013648,WNLB,45,57,60.0,3112.1,186726.0,2025-03-24
2025032404014012,HEI,50,82,150.0,604.9,90735.0,2025-03-24
2025032403013647,MLBBL,45,68,100.0,1586.5,158650.0,2025-03-24
2025032404014011,SSHL,42,45,20.0,232.4,4648.0,2025-03-24
2025032405013368,HRL,58,59,60.0,966.6,57996.0,2025-03-24
2025032405013367,HRL,8,59,20.0,966.8,19336.0,2025-03-24
2025032405013366,HRL,62,59,420.0,967.0,406140.0,2025-03-24
2025032404014010,GHL,34,71,100.0,281.2,28120.0,2025-03-24
2025032404014009,UPPER,28,22,25.0,201.7,5042.5,2025-03-24
2025032404014008,UPPER,58,22,175.0,201.8,35315.0,2025-03-24
2025032404014007,SHL,22,58,156.0,485.0,75660.0,2025-03-24
2025032401015654,MHL,36,25,40.0,713.1,28524.0,2025-03-24
2025032401015653,MHL,36,25,160.0,714.0,114240.0,2025-03-24
2025032404014006,AKPL,25,43,33.0,226.0,7458.0,2025-03-24
2025032403013646,LBBL,40,48,75.0,423.1,31732.5,2025-03-24
2025032404014005,IGI,21,56,169.0,576.0,97344.0,2025-03-24
2025032401015652,NABIL,38,57,498.0,485.0,241530.0,2025-03-24
2025032401015651,NABIL,38,54,50.0,484.9,24245.0,2025-03-24
2025032401015650,NABIL,38,58,100.0,484.9,48490.0,2025-03-24
2025032401015649,NABIL,38,44,50.0,484.8,24240.0,2025-03-24
2025032401015648,NABIL,38,57,302.0,484.0,146168.0,2025-03-24
2025032401015647,NBL,55,28,69.0,251.0,17319.0,2025-03-24
2025032401015646,RHGCL,34,44,206.0,527.0,108562.0,2025-03-24
2025032404014004,SGIC,22,16,100.0,600.0,60000.0,2025-03-24
2025032401015645,UHEWA,42,45,255.0,797.0,203235.0,2025-03-24
2025032404014003,RURU,42,56,10.0,735.0,7350.0,2025-03-24
2025032404014002,RURU,42,6,140.0,735.0,102900.0,2025-03-24
2025032403013645,LBBL,98,48,100.0,423.1,42310.0,2025-03-24
2025032403013644,ALICL,77,45,164.0,727.0,119228.0,2025-03-24
2025032405013365,HRL,62,58,10.0,967.0,9670.0,2025-03-24
2025032401015644,GBIME,49,32,85.0,217.0,18445.0,2025-03-24
2025032405013364,CHDC,3,66,10.0,2200.0,22000.0,2025-03-24
2025032405013363,CHDC,99,66,148.0,2200.0,325600.0,2025-03-24
2025032401015643,GMLI,46,57,10.0,2267.9,22679.0,2025-03-24
2025032404014001,JOSHI,29,16,10.0,365.5,3655.0,2025-03-24
2025032404014000,KKHC,45,34,1000.0,341.0,341000.0,2025-03-24
2025032403013643,PROFL,25,1,10.0,545.0,5450.0,2025-03-24
2025032401015642,NYADI,32,60,40.0,568.0,22720.0,2025-03-24
2025032405013362,RMF1,56,41,2900.0,8.66,25114.0,2025-03-24
2025032403013642,NFS,7,34,60.0,703.4,42204.0,2025-03-24
2025032403013641,NFS,34,34,50.0,703.4,35170.0,2025-03-24
2025032403013640,NFS,1,34,60.0,704.0,42240.0,2025-03-24
2025032403013639,NFS,58,34,20.0,704.0,14080.0,2025-03-24
2025032403013638,NFS,4,34,10.0,704.1,7041.0,2025-03-24
2025032401015641,ADBL,1,34,40.0,286.5,11460.0,2025-03-24
2025032401015640,SPL,88,7,10.0,868.9,8689.0,2025-03-24
2025032403013637,BFC,36,45,80.0,562.0,44960.0,2025-03-24
2025032404013999,GHL,28,52,500.0,281.1,140550.0,2025-03-24
2025032405013361,ILI,6,57,10.0,465.0,4650.0,2025-03-24
2025032404013998,SPDL,32,10,187.0,325.0,60775.0,2025-03-24
2025032404013997,SPDL,45,10,100.0,325.0,32500.0,2025-03-24
2025032404013996,SPDL,57,10,203.0,325.1,65995.3,2025-03-24
2025032401015639,KBL,57,38,226.0,204.0,46104.0,2025-03-24
2025032405013360,HRL,62,81,100.0,967.0,96700.0,2025-03-24
2025032405013359,HRL,62,32,50.0,967.0,48350.0,2025-03-24
2025032405013358,HRL,62,75,31.0,967.0,29977.0,2025-03-24
2025032405013357,HRL,62,57,100.0,967.0,96700.0,2025-03-24
2025032405013356,HRL,62,45,29.0,967.0,28043.0,2025-03-24
2025032405013355,HRL,62,57,250.0,966.9,241725.0,2025-03-24
2025032405013354,HRL,62,6,10.0,966.8,9668.0,2025-03-24
2025032401015638,LSL,59,45,252.0,217.0,54684.0,2025-03-24
2025032403013636,SMFBS,18,45,10.0,1900.0,19000.0,2025-03-24
2025032403013635,SFCL,58,72,56.0,539.9,30234.4,2025-03-24
2025032403013634,SFCL,58,49,90.0,539.9,48591.0,2025-03-24
2025032403013633,NLIC,4,40,50.0,770.0,38500.0,2025-03-24
2025032403013632,NLIC,4,47,52.0,770.0,40040.0,2025-03-24
2025032405013353,HRL,38,6,170.0,966.8,164356.0,2025-03-24
2025032405013352,HRL,38,38,10.0,966.8,9668.0,2025-03-24
2025032405013351,HRL,38,44,20.0,966.8,19336.0,2025-03-24
2025032401015637,SBI,57,28,10.0,409.4,4094.0,2025-03-24
2025032401015636,SPC,53,44,500.0,524.0,262000.0,2025-03-24
2025032401015635,SPC,43,44,50.0,524.0,26200.0,2025-03-24
2025032401015634,SPC,48,44,35.0,524.0,18340.0,2025-03-24
2025032401015633,SPC,63,44,50.0,524.0,26200.0,2025-03-24
2025032401015632,SPC,41,44,150.0,524.0,78600.0,2025-03-24
2025032401015631,SPC,55,44,50.0,524.0,26200.0,2025-03-24
2025032401015630,SPC,72,44,41.0,524.0,21484.0,2025-03-24
2025032405013350,NBF3,22,22,100.0,9.07,907.0,2025-03-24
2025032403013631,MDB,39,55,200.0,630.0,126000.0,2025-03-24
2025032403013630,SLBSL,97,48,10.0,2025.0,20250.0,2025-03-24
2025032403013629,SLBSL,97,53,10.0,2024.0,20240.0,2025-03-24
2025032405013349,NTC,51,54,11.0,904.0,9944.0,2025-03-24
2025032405013348,NTC,51,42,20.0,904.0,18080.0,2025-03-24
2025032405013347,NTC,51,25,77.0,904.0,69608.0,2025-03-24
2025032405013346,NTC,51,44,10.0,904.0,9040.0,2025-03-24
2025032403013628,RSDC,47,17,10.0,703.0,7030.0,2025-03-24
2025032401015629,KBL,66,38,300.0,204.0,61200.0,2025-03-24
2025032403013627,JBBL,59,55,140.0,344.0,48160.0,2025-03-24
2025032403013626,MFIL,57,33,38.0,617.0,23446.0,2025-03-24
2025032403013625,MNBBL,32,49,13.0,364.0,4732.0,2025-03-24
2025032401015628,PRVU,16,42,10.0,210.5,2105.0,2025-03-24
2025032401015627,EBL,81,45,10.0,604.0,6040.0,2025-03-24
2025032401015626,MEHL,57,3,100.0,540.0,54000.0,2025-03-24
2025032401015625,MEHL,40,3,170.0,540.0,91800.0,2025-03-24
2025032401015624,SRLI,21,16,57.0,419.0,23883.0,2025-03-24
2025032401015623,SRLI,48,16,100.0,419.0,41900.0,2025-03-24
2025032401015622,SRLI,35,16,18.0,419.0,7542.0,2025-03-24
2025032405013345,NRM,56,44,129.0,468.1,60384.9,2025-03-24
2025032401015621,HHL,32,8,10.0,502.0,5020.0,2025-03-24
2025032404013995,BARUN,57,22,220.0,506.0,111320.0,2025-03-24
2025032405013344,NIFRA,49,34,500.0,266.0,133000.0,2025-03-24
2025032403013624,VLBS,34,16,23.0,842.9,19386.7,2025-03-24
2025032403013623,VLBS,34,19,75.0,840.0,63000.0,2025-03-24
2025032405013343,HRL,34,44,30.0,966.8,29004.0,2025-03-24
2025032401015620,GBIME,45,32,100.0,217.0,21700.0,2025-03-24
2025032405013342,HIDCL,45,58,140.0,264.0,36960.0,2025-03-24
2025032405013341,HIDCL,45,58,20.0,264.0,5280.0,2025-03-24
2025032405013340,HIDCL,45,40,200.0,264.0,52800.0,2025-03-24
2025032405013339,HIDCL,45,47,100.0,264.0,26400.0,2025-03-24
2025032405013338,HIDCL,45,32,343.0,264.0,90552.0,2025-03-24
2025032401015619,GMLI,95,51,490.0,2268.0,1111320.0,2025-03-24
2025032401015618,GMLI,95,16,10.0,2268.0,22680.0,2025-03-24
2025032405013337,ILI,49,57,25.0,465.0,11625.0,2025-03-24
2025032403013622,NMLBBL,22,58,10.0,659.0,6590.0,2025-03-24
2025032404013994,HDHPC,57,50,630.0,200.0,126000.0,2025-03-24
2025032404013993,HDHPC,57,50,1000.0,200.0,200000.0,2025-03-24
2025032404013992,HDHPC,41,50,20.0,200.0,4000.0,2025-03-24
2025032404013991,HDHPC,7,50,100.0,200.0,20000.0,2025-03-24
2025032404013990,HDHPC,55,50,50.0,200.0,10000.0,2025-03-24
2025032404013989,HDHPC,33,50,40.0,200.0,8000.0,2025-03-24
2025032404013988,HDHPC,55,50,50.0,200.5,10025.0,2025-03-24
2025032404013987,HDHPC,58,50,65.0,200.5,13032.5,2025-03-24
2025032404013986,HDHPC,55,50,45.0,200.6,9027.0,2025-03-24
2025032401015617,HBL,56,11,10.0,235.0,2350.0,2025-03-24
2025032404013985,GLH,45,16,10.0,245.0,2450.0,2025-03-24
2025032404013984,GLH,45,58,10.0,245.0,2450.0,2025-03-24
2025032404013983,GLH,45,45,480.0,244.0,117120.0,2025-03-24
2025032403013621,GUFL,28,45,14.0,596.0,8344.0,2025-03-24
2025032403013620,GUFL,40,45,50.0,596.0,29800.0,2025-03-24
2025032401015616,ULBSL,62,51,10.0,3591.9,35919.0,2025-03-24
2025032401015615,GMLI,58,6,10.0,2265.0,22650.0,2025-03-24
2025032403013619,NICLBSL,51,51,100.0,654.0,65400.0,2025-03-24
2025032401015614,SRLI,35,57,11.0,419.0,4609.0,2025-03-24
2025032405013336,SHIVM,50,57,438.0,530.0,232140.0,2025-03-24
2025032404013982,LEC,58,21,140.0,210.0,29400.0,2025-03-24
2025032405013335,NRIC,29,42,50.0,1270.0,63500.0,2025-03-24
2025032403013618,RLFL,91,32,200.0,534.0,106800.0,2025-03-24
2025032404013981,HDHPC,21,99,11.0,200.7,2207.7,2025-03-24
2025032404013980,AKJCL,58,77,100.0,204.1,20410.0,2025-03-24
2025032405013334,NIFRA,49,47,54.0,266.0,14364.0,2025-03-24
2025032405013333,HDL,19,40,66.0,1214.9,80183.4,2025-03-24
2025032405013332,HDL,19,38,34.0,1214.0,41276.0,2025-03-24
2025032401015613,CZBIL,14,33,15.0,209.0,3135.0,2025-03-24
2025032401015612,CZBIL,63,33,200.0,209.0,41800.0,2025-03-24
2025032401015611,CZBIL,35,33,200.0,209.0,41800.0,2025-03-24
2025032401015610,CZBIL,19,33,80.0,209.0,16720.0,2025-03-24
2025032401015609,CZBIL,43,33,10.0,209.0,2090.0,2025-03-24
2025032401015608,CZBIL,33,33,57.0,209.0,11913.0,2025-03-24
2025032404013979,SPIL,41,45,10.0,825.0,8250.0,2025-03-24
2025032404013978,HURJA,25,18,100.0,235.0,23500.0,2025-03-24
2025032401015607,ULBSL,62,49,10.0,3591.9,35919.0,2025-03-24
2025032405013331,SHIVM,50,36,62.0,530.0,32860.0,2025-03-24
2025032401015606,NYADI,82,60,50.0,568.0,28400.0,2025-03-24
2025032405013330,MBJC,38,45,200.0,324.0,64800.0,2025-03-24
