transaction,symbol,buyer,seller,quantity,rate,amount,date
2024123101021223,JBLB,45,38,35.0,1395.0,48825.0,2024-12-31
2024123101021222,JBLB,57,38,10.0,1396.0,13960.0,2024-12-31
2024123105011471,NTC,11,58,205.0,952.1,195180.5,2024-12-31
2024123101021221,BEDC,88,96,10.0,680.0,6800.0,2024-12-31
2024123105011470,HDL,7,49,10.0,1357.0,13570.0,2024-12-31
2024123104014485,HURJA,79,7,66.0,220.9,14579.4,2024-12-31
2024123103022744,ILBS,45,45,16.0,959.0,15344.0,2024-12-31
2024123103022743,NFS,72,45,100.0,974.9,97490.0,2024-12-31
2024123105011469,SHIVM,58,45,21.0,556.0,11676.0,2024-12-31
2024123105011468,SHIVM,42,45,50.0,556.0,27800.0,2024-12-31
2024123105011467,SHIVM,58,45,29.0,556.0,16124.0,2024-12-31
2024123103022742,SAPDBL,65,55,71.0,815.4,57893.4,2024-12-31
2024123103022741,SAPDBL,54,55,490.0,816.0,399840.0,2024-12-31
2024123103022740,SAPDBL,66,55,100.0,817.0,81700.0,2024-12-31
2024123103022739,SAPDBL,71,55,500.0,818.0,409000.0,2024-12-31
2024123103022738,SAPDBL,74,55,99.0,818.1,80991.9,2024-12-31
2024123103022737,SAPDBL,26,55,50.0,820.0,41000.0,2024-12-31
2024123103022736,SAPDBL,42,55,50.0,820.0,41000.0,2024-12-31
2024123103022735,SAPDBL,45,55,40.0,823.2,32928.0,2024-12-31
2024123103022734,SJLIC,33,34,935.0,440.1,411493.5,2024-12-31
2024123103022733,SJLIC,91,34,35.0,441.0,15435.0,2024-12-31
2024123103022732,SJLIC,39,34,30.0,441.0,13230.0,2024-12-31
2024123103022731,BFC,41,55,100.0,605.0,60500.0,2024-12-31
2024123105011466,NRM,34,41,10.0,430.0,4300.0,2024-12-31
2024123101021220,SMH,34,80,10.0,999.0,9990.0,2024-12-31
2024123101021219,MCHL,34,52,10.0,585.0,5850.0,2024-12-31
2024123104014484,AKPL,50,29,50.0,225.0,11250.0,2024-12-31
2024123103022730,CORBL,34,47,10.0,1325.0,13250.0,2024-12-31
2024123104014483,SICL,34,32,10.0,799.0,7990.0,2024-12-31
2024123104014482,SICL,34,22,15.0,798.1,11971.5,2024-12-31
2024123104014481,SICL,34,48,175.0,795.0,139125.0,2024-12-31
2024123104014480,JOSHI,22,66,447.0,397.0,177459.0,2024-12-31
2024123104014479,JOSHI,22,41,230.0,397.0,91310.0,2024-12-31
2024123104014478,JOSHI,22,55,100.0,396.0,39600.0,2024-12-31
2024123104014477,JOSHI,22,49,53.0,395.0,20935.0,2024-12-31
2024123104014476,JOSHI,22,58,100.0,391.0,39100.0,2024-12-31
2024123104014475,JOSHI,22,55,70.0,391.0,27370.0,2024-12-31
2024123104014474,AHPC,11,64,50.0,243.4,12170.0,2024-12-31
2024123104014473,AHPC,32,64,170.0,243.4,41378.0,2024-12-31
2024123104014472,KKHC,4,4,10.0,347.0,3470.0,2024-12-31
2024123101021218,CITY,58,71,10.0,854.8,8548.0,2024-12-31
2024123105011465,NTC,7,58,150.0,952.1,142815.0,2024-12-31
2024123105011464,NTC,51,58,85.0,952.1,80928.5,2024-12-31
2024123104014471,RHPL,58,25,30.0,433.0,12990.0,2024-12-31
2024123101021217,PCBL,14,39,132.0,259.0,34188.0,2024-12-31
2024123103022729,KSBBL,14,60,13.0,423.0,5499.0,2024-12-31
2024123103022728,KSBBL,14,17,20.0,423.0,8460.0,2024-12-31
2024123104014470,CGH,46,43,75.0,889.0,66675.0,2024-12-31
2024123104014469,CGH,67,43,10.0,890.0,8900.0,2024-12-31
2024123104014468,CGH,45,43,20.0,890.0,17800.0,2024-12-31
2024123104014467,CGH,74,43,95.0,890.0,84550.0,2024-12-31
2024123101021216,MCHL,56,52,50.0,585.0,29250.0,2024-12-31
2024123101021215,MCHL,56,58,250.0,585.0,146250.0,2024-12-31
2024123103022727,NADEP,66,50,10.0,985.0,9850.0,2024-12-31
2024123103022726,NADEP,66,16,90.0,985.0,88650.0,2024-12-31
2024123101021214,BEDC,10,35,10.0,683.0,6830.0,2024-12-31
2024123104014466,SSHL,10,32,1000.0,221.0,221000.0,2024-12-31
2024123103022725,CORBL,13,47,10.0,1325.0,13250.0,2024-12-31
2024123103022724,GRDBL,92,14,10.0,880.0,8800.0,2024-12-31
2024123103022723,HLBSL,62,35,10.0,959.0,9590.0,2024-12-31
2024123103022722,HLBSL,62,34,50.0,958.9,47945.0,2024-12-31
2024123105011463,SHIVM,62,94,10.0,557.0,5570.0,2024-12-31
2024123101021213,MLBS,34,29,10.0,2025.1,20251.0,2024-12-31
2024123103022721,SAPDBL,91,29,10.0,840.0,8400.0,2024-12-31
2024123101021212,SPHL,60,77,10.0,789.0,7890.0,2024-12-31
2024123104014465,RURU,18,45,10.0,665.0,6650.0,2024-12-31
2024123101021211,ULBSL,60,48,74.0,4174.0,308876.0,2024-12-31
2024123101021210,ULBSL,60,62,10.0,4174.0,41740.0,2024-12-31
2024123101021209,ULBSL,60,11,16.0,4008.6,64137.6,2024-12-31
2024123101021208,NABIL,16,58,10.0,502.0,5020.0,2024-12-31
2024123103022720,SAPDBL,60,29,10.0,840.0,8400.0,2024-12-31
2024123103022719,NFS,72,71,50.0,974.9,48745.0,2024-12-31
2024123103022718,SJLIC,71,4,10.0,444.0,4440.0,2024-12-31
2024123101021207,RFPL,60,37,100.0,1016.0,101600.0,2024-12-31
2024123103022717,JSLBB,54,35,10.0,1602.0,16020.0,2024-12-31
2024123105011462,PHCL,65,62,510.0,516.3,263313.0,2024-12-31
2024123105011461,PHCL,65,25,100.0,516.2,51620.0,2024-12-31
2024123105011460,PHCL,65,25,20.0,516.1,10322.0,2024-12-31
2024123105011459,PHCL,65,59,10.0,516.0,5160.0,2024-12-31
2024123105011458,PHCL,65,58,10.0,516.0,5160.0,2024-12-31
2024123105011457,PHCL,65,22,10.0,515.0,5150.0,2024-12-31
2024123105011456,PHCL,65,10,290.0,515.0,149350.0,2024-12-31
2024123105011455,PHCL,65,58,50.0,514.9,25745.0,2024-12-31
2024123101021206,GBIME,28,81,2425.0,227.0,550475.0,2024-12-31
2024123101021205,GBIME,28,38,65.0,226.9,14748.5,2024-12-31
2024123101021204,GBIME,28,69,1000.0,226.9,226900.0,2024-12-31
2024123101021203,GBIME,28,34,359.0,226.9,81457.1,2024-12-31
2024123101021202,GBIME,28,90,1101.0,226.7,249596.7,2024-12-31
2024123101021201,GBIME,28,42,50.0,226.6,11330.0,2024-12-31
2024123101021200,BNHC,32,33,10.0,459.0,4590.0,2024-12-31
2024123101021199,SARBTM,49,21,22.0,705.0,15510.0,2024-12-31
2024123101021198,SARBTM,13,21,20.0,705.0,14100.0,2024-12-31
2024123101021197,SARBTM,21,21,20.0,705.0,14100.0,2024-12-31
2024123101021196,SARBTM,48,21,100.0,705.0,70500.0,2024-12-31
2024123101021195,SARBTM,58,21,10.0,705.5,7055.0,2024-12-31
2024123104014464,AKPL,17,52,82.0,226.8,18597.6,2024-12-31
2024123104014463,AKPL,17,38,1718.0,225.0,386550.0,2024-12-31
2024123101021194,DLBS,42,88,10.0,1642.0,16420.0,2024-12-31
2024123105011454,SONA,57,45,535.0,452.0,241820.0,2024-12-31
2024123105011453,SONA,57,38,10.0,452.0,4520.0,2024-12-31
2024123105011452,SONA,57,45,10.0,451.3,4513.0,2024-12-31
2024123105011451,SONA,57,49,110.0,450.0,49500.0,2024-12-31
2024123105011450,SONA,57,48,140.0,448.0,62720.0,2024-12-31
2024123105011449,SONA,57,55,195.0,448.0,87360.0,2024-12-31
2024123103022716,SFCL,58,14,50.0,568.0,28400.0,2024-12-31
2024123101021193,USHL,80,58,500.0,756.0,378000.0,2024-12-31
2024123101021192,USHL,88,58,60.0,760.0,45600.0,2024-12-31
2024123101021191,MEHL,57,48,100.0,442.0,44200.0,2024-12-31
2024123105011448,HIDCL,1,45,10.0,229.9,2299.0,2024-12-31
2024123101021190,MKHC,42,33,15.0,514.0,7710.0,2024-12-31
2024123103022715,GUFL,49,42,340.0,631.0,214540.0,2024-12-31
2024123103022714,MFIL,45,39,10.0,629.2,6292.0,2024-12-31
2024123104014462,UPPER,3,32,1000.0,201.3,201300.0,2024-12-31
2024123104014461,MHNL,32,32,10.0,249.0,2490.0,2024-12-31
2024123104014460,HPPL,53,57,10.0,399.0,3990.0,2024-12-31
2024123104014459,UAIL,53,11,10.0,625.0,6250.0,2024-12-31
2024123103022713,NADEP,58,16,10.0,985.0,9850.0,2024-12-31
2024123105011447,STC,84,45,10.0,5675.0,56750.0,2024-12-31
2024123105011446,STC,84,49,10.0,5630.0,56300.0,2024-12-31
2024123105011445,STC,84,5,20.0,5630.0,112600.0,2024-12-31
2024123105011444,STC,84,25,10.0,5620.0,56200.0,2024-12-31
2024123105011443,STC,84,34,10.0,5620.0,56200.0,2024-12-31
2024123101021189,MKHC,58,33,15.0,514.0,7710.0,2024-12-31
2024123103022712,GFCL,58,11,18.0,764.0,13752.0,2024-12-31
2024123103022711,GFCL,36,11,82.0,764.0,62648.0,2024-12-31
2024123105011442,NRM,51,41,45.0,430.0,19350.0,2024-12-31
2024123105011441,NRM,51,58,10.0,429.0,4290.0,2024-12-31
2024123105011440,NRM,51,45,100.0,429.0,42900.0,2024-12-31
2024123105011439,NRM,51,20,10.0,428.0,4280.0,2024-12-31
2024123105011438,NRM,51,17,35.0,428.0,14980.0,2024-12-31
2024123101021188,RHGCL,7,63,10.0,519.6,5196.0,2024-12-31
2024123101021187,MHCL,55,77,369.0,510.0,188190.0,2024-12-31
2024123101021186,MHCL,55,77,50.0,510.0,25500.0,2024-12-31
2024123101021185,MHCL,55,58,10.0,510.0,5100.0,2024-12-31
2024123101021184,MHCL,55,58,500.0,510.0,255000.0,2024-12-31
2024123101021183,MHCL,55,58,100.0,509.9,50990.0,2024-12-31
2024123101021182,MHCL,55,21,100.0,505.1,50510.0,2024-12-31
2024123101021181,MHCL,55,42,20.0,505.1,10102.0,2024-12-31
2024123101021180,MHCL,55,58,50.0,505.0,25250.0,2024-12-31
2024123101021179,MHCL,55,89,1000.0,505.0,505000.0,2024-12-31
2024123101021178,MHCL,55,6,1601.0,505.0,808505.0,2024-12-31
2024123101021177,MHCL,55,19,100.0,504.9,50490.0,2024-12-31
2024123101021176,MHCL,55,19,100.0,504.9,50490.0,2024-12-31
2024123101021175,MHCL,55,95,1000.0,504.0,504000.0,2024-12-31
2024123104014458,KKHC,6,45,1193.0,342.0,408006.0,2024-12-31
2024123101021174,TAMOR,45,42,10.0,490.6,4906.0,2024-12-31
2024123105011437,MEL,55,45,1440.0,309.0,444960.0,2024-12-31
2024123105011436,MEL,55,52,10.0,309.0,3090.0,2024-12-31
2024123105011435,MEL,55,49,10.0,309.0,3090.0,2024-12-31
2024123105011434,MEL,55,49,10.0,309.0,3090.0,2024-12-31
2024123105011433,MEL,55,45,10.0,309.0,3090.0,2024-12-31
2024123105011432,MEL,55,17,50.0,308.9,15445.0,2024-12-31
2024123105011431,MEL,55,45,200.0,308.0,61600.0,2024-12-31
2024123105011430,MEL,55,42,100.0,308.0,30800.0,2024-12-31
2024123105011429,MEL,55,6,100.0,308.0,30800.0,2024-12-31
2024123105011428,MEL,55,38,10.0,308.0,3080.0,2024-12-31
2024123105011427,MEL,55,45,10.0,308.0,3080.0,2024-12-31
2024123105011426,MEL,55,22,10.0,308.0,3080.0,2024-12-31
2024123105011425,MEL,55,49,40.0,308.0,12320.0,2024-12-31
2024123101021173,NWCL,45,90,20.0,930.0,18600.0,2024-12-31
2024123103022710,SAPDBL,45,29,10.0,840.0,8400.0,2024-12-31
2024123101021172,SGHC,45,48,20.0,444.0,8880.0,2024-12-31
2024123103022709,SAPDBL,45,72,10.0,823.2,8232.0,2024-12-31
2024123104014457,NHDL,50,54,56.0,709.0,39704.0,2024-12-31
2024123104014456,NHDL,50,20,94.0,709.0,66646.0,2024-12-31
2024123104014455,NHDL,50,45,20.0,705.2,14104.0,2024-12-31
2024123104014454,NHDL,50,17,25.0,705.0,17625.0,2024-12-31
2024123104014453,NHDL,50,19,50.0,704.0,35200.0,2024-12-31
2024123104014452,KKHC,36,4,20.0,347.0,6940.0,2024-12-31
2024123104014451,GHL,34,43,129.0,199.0,25671.0,2024-12-31
2024123103022708,SAPDBL,34,29,100.0,840.0,84000.0,2024-12-31
2024123104014450,NGPL,4,34,310.0,252.1,78151.0,2024-12-31
2024123103022707,MLBBL,11,98,87.0,1556.0,135372.0,2024-12-31
2024123103022706,SINDU,37,22,10.0,697.0,6970.0,2024-12-31
2024123101021171,NICA,47,45,100.0,385.0,38500.0,2024-12-31
2024123104014449,MEN,64,38,10.0,597.9,5979.0,2024-12-31
2024123105011424,RNLI,50,14,69.0,494.9,34148.1,2024-12-31
2024123103022705,NFS,72,43,50.0,974.9,48745.0,2024-12-31
2024123103022704,NMBMF,56,54,10.0,695.9,6959.0,2024-12-31
2024123105011423,NRN,13,17,10.0,1017.0,10170.0,2024-12-31
2024123103022703,SLBSL,62,86,50.0,1897.0,94850.0,2024-12-31
2024123101021170,RFPL,62,37,20.0,1016.0,20320.0,2024-12-31
2024123101021169,RFPL,62,69,20.0,1015.4,20308.0,2024-12-31
2024123101021168,RFPL,62,49,10.0,1015.0,10150.0,2024-12-31
2024123101021167,RFPL,62,85,850.0,1015.0,862750.0,2024-12-31
2024123101021166,RFPL,62,46,100.0,1014.9,101490.0,2024-12-31
2024123103022702,MDB,38,62,15.0,600.0,9000.0,2024-12-31
2024123103022701,MDB,34,62,10.0,600.9,6009.0,2024-12-31
2024123101021165,IHL,16,38,452.0,625.0,282500.0,2024-12-31
2024123103022700,CORBL,60,47,20.0,1325.0,26500.0,2024-12-31
2024123101021164,MHL,6,77,10.0,800.0,8000.0,2024-12-31
2024123105011422,NRN,60,17,10.0,1017.0,10170.0,2024-12-31
2024123104014448,NICL,75,42,15.0,950.0,14250.0,2024-12-31
2024123104014447,NICL,75,44,100.0,949.8,94980.0,2024-12-31
2024123104014446,NICL,75,38,210.0,948.0,199080.0,2024-12-31
2024123104014445,NICL,75,38,245.0,947.0,232015.0,2024-12-31
2024123101021163,NYADI,70,14,50.0,436.5,21825.0,2024-12-31
2024123101021162,NYADI,70,69,100.0,436.5,43650.0,2024-12-31
2024123101021161,NYADI,70,29,10.0,436.5,4365.0,2024-12-31
2024123101021160,NYADI,70,58,160.0,436.0,69760.0,2024-12-31
2024123101021159,NYADI,70,11,100.0,432.0,43200.0,2024-12-31
2024123101021158,NYADI,70,1,300.0,431.4,129420.0,2024-12-31
2024123101021157,NYADI,70,51,10.0,429.4,4294.0,2024-12-31
2024123101021156,NYADI,70,52,40.0,429.0,17160.0,2024-12-31
2024123101021155,NYADI,70,26,50.0,428.9,21445.0,2024-12-31
2024123101021154,NYADI,70,32,300.0,428.8,128640.0,2024-12-31
2024123101021153,NYADI,70,86,31.0,428.4,13280.4,2024-12-31
2024123101021152,NYADI,70,4,50.0,428.0,21400.0,2024-12-31
2024123101021151,NYADI,70,50,111.0,428.0,47508.0,2024-12-31
2024123101021150,NYADI,70,69,300.0,428.0,128400.0,2024-12-31
2024123101021149,NYADI,70,42,300.0,428.0,128400.0,2024-12-31
2024123101021148,NYADI,70,52,40.0,428.0,17120.0,2024-12-31
2024123101021147,NYADI,70,77,1500.0,427.2,640800.0,2024-12-31
2024123101021146,NYADI,70,34,10.0,426.0,4260.0,2024-12-31
2024123101021145,NYADI,70,32,40.0,426.0,17040.0,2024-12-31
2024123101021144,NYADI,70,54,100.0,425.3,42530.0,2024-12-31
2024123101021143,NYADI,70,55,350.0,425.3,148855.0,2024-12-31
2024123101021142,NYADI,70,4,100.0,425.0,42500.0,2024-12-31
2024123101021141,NYADI,70,69,74.0,425.0,31450.0,2024-12-31
2024123101021140,NYADI,70,94,250.0,425.0,106250.0,2024-12-31
2024123101021139,NYADI,70,38,300.0,425.0,127500.0,2024-12-31
2024123101021138,NYADI,70,69,100.0,425.0,42500.0,2024-12-31
2024123101021137,NYADI,70,94,200.0,425.0,85000.0,2024-12-31
2024123101021136,NYADI,70,26,500.0,425.0,212500.0,2024-12-31
2024123101021135,NYADI,70,16,10.0,425.0,4250.0,2024-12-31
2024123101021134,NYADI,70,34,15.0,424.9,6373.5,2024-12-31
2024123101021133,NYADI,70,28,50.0,424.0,21200.0,2024-12-31
2024123101021132,NYADI,70,22,10.0,424.0,4240.0,2024-12-31
2024123101021131,NYADI,70,49,10.0,424.0,4240.0,2024-12-31
2024123101021130,NYADI,70,42,59.0,423.3,24974.7,2024-12-31
2024123101021129,NYADI,70,4,50.0,423.0,21150.0,2024-12-31
2024123101021128,NYADI,70,22,10.0,423.0,4230.0,2024-12-31
2024123101021127,NYADI,70,4,20.0,423.0,8460.0,2024-12-31
2024123101021126,NYADI,70,55,10.0,423.0,4230.0,2024-12-31
2024123101021125,NYADI,70,26,150.0,422.9,63435.0,2024-12-31
2024123101021124,NYADI,70,45,10.0,422.2,4222.0,2024-12-31
2024123101021123,NYADI,70,34,250.0,421.0,105250.0,2024-12-31
2024123101021122,NYADI,70,58,70.0,421.0,29470.0,2024-12-31
2024123101021121,NYADI,70,42,30.0,421.0,12630.0,2024-12-31
2024123101021120,NYADI,70,48,100.0,421.0,42100.0,2024-12-31
2024123101021119,NYADI,70,22,165.0,421.0,69465.0,2024-12-31
2024123104014444,HURJA,33,51,468.0,222.7,104223.6,2024-12-31
2024123104014443,HURJA,33,45,2532.0,221.0,559572.0,2024-12-31
2024123104014442,HPPL,21,57,10.0,399.0,3990.0,2024-12-31
2024123105011421,HATHY,69,20,45.0,1320.0,59400.0,2024-12-31
2024123105011420,HATHY,69,62,400.0,1319.0,527600.0,2024-12-31
2024123105011419,HATHY,69,57,255.0,1318.0,336090.0,2024-12-31
2024123101021118,BEDC,88,58,101.0,693.8,70073.8,2024-12-31
2024123101021117,BEDC,88,3,1000.0,693.8,693800.0,2024-12-31
2024123101021116,BEDC,88,17,100.0,693.6,69360.0,2024-12-31
2024123101021115,BEDC,88,14,499.0,693.0,345807.0,2024-12-31
2024123101021114,BEDC,88,42,10.0,693.0,6930.0,2024-12-31
2024123101021113,BEDC,88,34,100.0,693.0,69300.0,2024-12-31
2024123101021112,BEDC,88,42,120.0,693.0,83160.0,2024-12-31
2024123101021111,BEDC,88,35,10.0,692.0,6920.0,2024-12-31
2024123101021110,BEDC,88,49,500.0,692.0,346000.0,2024-12-31
2024123101021109,BEDC,88,34,10.0,690.0,6900.0,2024-12-31
2024123101021108,BEDC,88,11,35.0,690.0,24150.0,2024-12-31
2024123101021107,BEDC,88,91,295.0,689.0,203255.0,2024-12-31
2024123101021106,BEDC,88,29,452.0,688.0,310976.0,2024-12-31
2024123101021105,BEDC,88,29,500.0,688.0,344000.0,2024-12-31
2024123101021104,BEDC,88,29,220.0,688.0,151360.0,2024-12-31
2024123101021103,BEDC,88,43,600.0,687.9,412740.0,2024-12-31
2024123101021102,BEDC,88,1,30.0,685.0,20550.0,2024-12-31
2024123101021101,BEDC,88,38,145.0,685.0,99325.0,2024-12-31
2024123101021100,BEDC,88,36,273.0,683.0,186459.0,2024-12-31
2024123103022699,SINDU,88,71,40.0,719.0,28760.0,2024-12-31
2024123101021099,KDL,42,42,20.0,1078.0,21560.0,2024-12-31
2024123105011418,CHDC,42,70,10.0,1578.0,15780.0,2024-12-31
2024123104014441,BPCL,42,49,168.0,384.0,64512.0,2024-12-31
2024123104014440,BPCL,42,45,100.0,383.5,38350.0,2024-12-31
2024123104014439,BPCL,42,3,385.0,383.0,147455.0,2024-12-31
2024123104014438,BPCL,42,81,10.0,383.0,3830.0,2024-12-31
2024123104014437,BPCL,42,35,100.0,380.0,38000.0,2024-12-31
2024123104014436,BPCL,42,42,500.0,380.0,190000.0,2024-12-31
2024123104014435,BPCL,42,33,100.0,380.0,38000.0,2024-12-31
2024123104014434,BPCL,42,58,90.0,380.0,34200.0,2024-12-31
2024123104014433,BPCL,42,17,80.0,380.0,30400.0,2024-12-31
2024123104014432,BPCL,42,46,30.0,380.0,11400.0,2024-12-31
2024123104014431,BPCL,42,42,100.0,380.0,38000.0,2024-12-31
2024123104014430,BPCL,42,32,100.0,379.9,37990.0,2024-12-31
2024123104014429,BPCL,42,49,77.0,379.9,29252.3,2024-12-31
2024123104014428,BPCL,42,51,160.0,377.0,60320.0,2024-12-31
2024123103022698,NFS,49,21,40.0,975.0,39000.0,2024-12-31
2024123103022697,MLBBL,99,7,10.0,1568.0,15680.0,2024-12-31
2024123105011417,MBJC,32,34,27.0,333.0,8991.0,2024-12-31
2024123105011416,MBJC,32,5,10.0,333.0,3330.0,2024-12-31
2024123105011415,MBJC,32,58,10.0,333.0,3330.0,2024-12-31
2024123105011414,MBJC,32,58,10.0,332.8,3328.0,2024-12-31
2024123105011413,MBJC,32,6,90.0,332.8,29952.0,2024-12-31
2024123105011412,MBJC,32,43,50.0,332.8,16640.0,2024-12-31
2024123105011411,MBJC,32,58,10.0,332.5,3325.0,2024-12-31
2024123105011410,MBJC,32,41,10.0,332.5,3325.0,2024-12-31
2024123105011409,MBJC,32,47,10.0,332.0,3320.0,2024-12-31
2024123105011408,MBJC,32,45,10.0,332.0,3320.0,2024-12-31
2024123105011407,MBJC,32,48,90.0,332.0,29880.0,2024-12-31
2024123105011406,MBJC,32,42,10.0,332.0,3320.0,2024-12-31
2024123105011405,MBJC,32,42,10.0,332.0,3320.0,2024-12-31
2024123105011404,MBJC,32,42,10.0,332.0,3320.0,2024-12-31
2024123105011403,MBJC,32,45,50.0,331.8,16590.0,2024-12-31
2024123105011402,MBJC,32,58,100.0,331.5,33150.0,2024-12-31
2024123105011401,MBJC,32,19,100.0,331.0,33100.0,2024-12-31
2024123105011400,MBJC,32,22,90.0,331.0,29790.0,2024-12-31
2024123105011399,MBJC,32,45,10.0,331.0,3310.0,2024-12-31
2024123105011398,MBJC,32,48,10.0,331.0,3310.0,2024-12-31
2024123105011397,MBJC,32,5,10.0,331.0,3310.0,2024-12-31
2024123105011396,MBJC,32,28,100.0,330.3,33030.0,2024-12-31
2024123105011395,MBJC,32,58,100.0,330.0,33000.0,2024-12-31
2024123105011394,MBJC,32,49,150.0,330.0,49500.0,2024-12-31
2024123105011393,MBJC,32,17,10.0,330.0,3300.0,2024-12-31
2024123105011392,MBJC,32,19,100.0,330.0,33000.0,2024-12-31
2024123105011391,MBJC,32,7,90.0,330.0,29700.0,2024-12-31
2024123105011390,MBJC,32,58,50.0,330.0,16500.0,2024-12-31
2024123105011389,MBJC,32,45,190.0,330.0,62700.0,2024-12-31
2024123105011388,MBJC,32,17,10.0,330.0,3300.0,2024-12-31
2024123105011387,MBJC,32,38,30.0,330.0,9900.0,2024-12-31
2024123105011386,MBJC,32,58,10.0,330.0,3300.0,2024-12-31
2024123105011385,MBJC,32,46,40.0,330.0,13200.0,2024-12-31
2024123105011384,MBJC,32,4,33.0,330.0,10890.0,2024-12-31
2024123103022696,GRDBL,32,14,10.0,880.0,8800.0,2024-12-31
2024123103022695,NFS,72,39,1329.0,974.9,1295642.1,2024-12-31
2024123103022694,JFL,5,88,400.0,750.1,300040.0,2024-12-31
2024123105011383,NTC,51,58,125.0,952.1,119012.5,2024-12-31
2024123105011382,NTC,22,58,25.0,952.5,23812.5,2024-12-31
2024123101021098,PRVU,21,59,300.0,238.0,71400.0,2024-12-31
2024123104014427,UMRH,38,32,50.0,597.4,29870.0,2024-12-31
2024123101021097,NIMB,16,45,50.0,219.0,10950.0,2024-12-31
2024123101021096,NIMB,21,45,186.0,219.0,40734.0,2024-12-31
2024123101021095,NIMB,99,45,100.0,219.0,21900.0,2024-12-31
2024123101021094,NIMB,57,45,135.0,219.9,29686.5,2024-12-31
2024123103022693,ICFC,50,22,200.0,640.0,128000.0,2024-12-31
2024123104014426,HURJA,34,45,10.0,221.0,2210.0,2024-12-31
2024123101021093,KDL,34,42,10.0,1078.0,10780.0,2024-12-31
2024123103022692,CORBL,72,22,30.0,1240.0,37200.0,2024-12-31
2024123103022691,JFL,86,88,500.0,750.1,375050.0,2024-12-31
2024123104014425,SJCL,58,14,59.0,344.0,20296.0,2024-12-31
2024123104014424,SJCL,58,20,50.0,344.0,17200.0,2024-12-31
2024123104014423,SJCL,58,42,30.0,343.0,10290.0,2024-12-31
2024123104014422,SJCL,58,58,40.0,343.0,13720.0,2024-12-31
2024123104014421,SJCL,58,25,26.0,342.0,8892.0,2024-12-31
2024123104014420,SJCL,58,58,40.0,342.0,13680.0,2024-12-31
2024123104014419,SJCL,58,34,50.0,342.0,17100.0,2024-12-31
2024123104014418,SJCL,58,46,40.0,342.0,13680.0,2024-12-31
2024123104014417,SJCL,58,22,50.0,341.9,17095.0,2024-12-31
2024123104014416,SJCL,58,17,40.0,341.9,13676.0,2024-12-31
2024123104014415,SJCL,58,46,150.0,341.8,51270.0,2024-12-31
2024123104014414,SJCL,58,19,200.0,341.5,68300.0,2024-12-31
2024123104014413,SJCL,58,22,40.0,341.0,13640.0,2024-12-31
2024123104014412,SJCL,58,55,20.0,340.0,6800.0,2024-12-31
2024123104014411,SJCL,58,14,150.0,340.0,51000.0,2024-12-31
2024123104014410,SJCL,58,35,40.0,340.0,13600.0,2024-12-31
2024123104014409,SJCL,58,45,375.0,340.0,127500.0,2024-12-31
2024123104014408,SJCL,58,4,100.0,339.0,33900.0,2024-12-31
2024123101021092,ULHC,43,44,500.0,465.0,232500.0,2024-12-31
2024123101021091,BEDC,43,36,10.0,683.0,6830.0,2024-12-31
2024123104014407,HEI,58,58,60.0,612.0,36720.0,2024-12-31
2024123101021090,NIMB,58,51,186.0,220.4,40994.4,2024-12-31
2024123101021089,NIMB,58,32,64.0,220.0,14080.0,2024-12-31
2024123105011381,SHIVM,58,94,100.0,557.0,55700.0,2024-12-31
2024123105011380,NRM,14,17,10.0,428.0,4280.0,2024-12-31
2024123103022690,SINDU,14,71,10.0,719.0,7190.0,2024-12-31
2024123103022689,SINDU,14,49,10.0,710.0,7100.0,2024-12-31
2024123103022688,SINDU,14,66,60.0,710.0,42600.0,2024-12-31
2024123101021088,AVYAN,43,17,11.0,1014.0,11154.0,2024-12-31
2024123101021087,HBL,56,55,10.0,239.0,2390.0,2024-12-31
2024123104014406,UPCL,36,47,140.0,261.9,36666.0,2024-12-31
2024123103022687,MSLB,13,70,33.0,1539.0,50787.0,2024-12-31
2024123101021086,AVYAN,62,17,10.0,1014.0,10140.0,2024-12-31
2024123103022686,SLBSL,62,86,98.0,1897.0,185906.0,2024-12-31
2024123103022685,SLBSL,62,26,20.0,1897.0,37940.0,2024-12-31
2024123103022684,SLBSL,62,57,300.0,1897.0,569100.0,2024-12-31
2024123103022683,SLBSL,62,75,14.0,1897.0,26558.0,2024-12-31
2024123103022682,SLBSL,62,25,190.0,1896.9,360411.0,2024-12-31
2024123103022681,SLBSL,62,19,50.0,1896.0,94800.0,2024-12-31
2024123103022680,SLBSL,62,43,200.0,1895.9,379180.0,2024-12-31
2024123103022679,SLBSL,62,33,83.0,1880.0,156040.0,2024-12-31
2024123103022678,SLBSL,62,28,15.0,1879.5,28192.5,2024-12-31
2024123103022677,SLBSL,62,44,10.0,1877.0,18770.0,2024-12-31
2024123103022676,SLBSL,62,41,20.0,1865.0,37300.0,2024-12-31
2024123104014405,MEN,21,16,11.0,590.0,6490.0,2024-12-31
2024123103022675,CORBL,71,47,10.0,1325.0,13250.0,2024-12-31
2024123101021085,TAMOR,71,42,10.0,490.6,4906.0,2024-12-31
2024123103022674,JSLBB,16,32,10.0,1627.0,16270.0,2024-12-31
2024123104014404,RHPL,6,32,100.0,433.5,43350.0,2024-12-31
2024123103022673,SFCL,35,6,273.0,566.0,154518.0,2024-12-31
2024123103022672,SFCL,42,6,100.0,566.0,56600.0,2024-12-31
2024123103022671,SFCL,47,6,50.0,567.0,28350.0,2024-12-31
2024123103022670,SFCL,32,6,100.0,567.0,56700.0,2024-12-31
2024123103022669,SFCL,45,6,12.0,567.0,6804.0,2024-12-31
2024123103022668,SFCL,4,6,200.0,567.0,113400.0,2024-12-31
2024123103022667,SFCL,58,6,50.0,567.0,28350.0,2024-12-31
2024123103022666,SFCL,47,6,15.0,567.0,8505.0,2024-12-31
2024123103022665,SFCL,18,6,60.0,567.1,34026.0,2024-12-31
2024123101021084,MHCL,35,95,10.0,504.0,5040.0,2024-12-31
2024123101021083,TSHL,35,29,10.0,815.0,8150.0,2024-12-31
2024123101021082,TVCL,80,70,10.0,553.0,5530.0,2024-12-31
2024123103022664,RLFL,57,19,10.0,529.0,5290.0,2024-12-31
2024123103022663,GUFL,57,21,268.0,630.0,168840.0,2024-12-31
2024123103022662,GUFL,40,21,40.0,630.5,25220.0,2024-12-31
2024123103022661,GUFL,42,21,42.0,630.5,26481.0,2024-12-31
2024123103022660,GUFL,49,21,50.0,630.9,31545.0,2024-12-31
2024123105011379,MBJC,21,4,57.0,330.0,18810.0,2024-12-31
2024123105011378,MBJC,21,34,10.0,330.0,3300.0,2024-12-31
2024123105011377,MBJC,21,61,10.0,330.0,3300.0,2024-12-31
2024123105011376,MBJC,21,42,10.0,330.0,3300.0,2024-12-31
2024123105011375,MBJC,21,7,10.0,330.0,3300.0,2024-12-31
2024123105011374,MBJC,21,58,15.0,330.0,4950.0,2024-12-31
2024123105011373,MBJC,21,25,10.0,330.0,3300.0,2024-12-31
2024123105011372,MBJC,21,21,50.0,330.0,16500.0,2024-12-31
2024123105011371,MBJC,21,59,10.0,330.0,3300.0,2024-12-31
2024123105011370,MBJC,21,19,100.0,329.9,32990.0,2024-12-31
2024123105011369,MBJC,21,19,100.0,329.5,32950.0,2024-12-31
2024123105011368,MBJC,21,39,118.0,329.5,38881.0,2024-12-31
2024123105011367,MEL,34,1,10.0,303.5,3035.0,2024-12-31
2024123101021081,MKJC,68,22,10.0,529.0,5290.0,2024-12-31
2024123103022659,NFS,72,68,300.0,974.9,292470.0,2024-12-31
2024123103022658,NFS,72,42,160.0,974.9,155984.0,2024-12-31
2024123105011366,CIT,42,57,30.0,2090.0,62700.0,2024-12-31
2024123103022657,NFS,72,57,570.0,974.9,555693.0,2024-12-31
2024123104014403,UNHPL,49,45,20.0,267.0,5340.0,2024-12-31
2024123101021080,ULHC,44,44,200.0,465.0,93000.0,2024-12-31
2024123103022656,MLBBL,38,7,10.0,1568.0,15680.0,2024-12-31
2024123101021079,BNHC,48,42,10.0,462.8,4628.0,2024-12-31
2024123101021078,USHL,88,58,240.0,760.0,182400.0,2024-12-31
2024123101021077,USHL,33,58,200.0,760.0,152000.0,2024-12-31
2024123101021076,USHL,88,58,90.0,761.0,68490.0,2024-12-31
2024123101021075,USHL,88,58,100.0,761.0,76100.0,2024-12-31
2024123101021074,USHL,11,58,300.0,761.1,228330.0,2024-12-31
2024123101021073,USHL,61,58,100.0,761.1,76110.0,2024-12-31
2024123101021072,USHL,38,58,200.0,780.0,156000.0,2024-12-31
2024123101021071,USHL,47,58,10.0,783.1,7831.0,2024-12-31
2024123101021070,USHL,34,58,100.0,784.0,78400.0,2024-12-31
2024123101021069,USHL,50,58,50.0,784.0,39200.0,2024-12-31
2024123101021068,USHL,37,58,200.0,784.0,156800.0,2024-12-31
2024123101021067,USHL,61,58,200.0,784.0,156800.0,2024-12-31
2024123101021066,USHL,22,58,100.0,784.0,78400.0,2024-12-31
2024123101021065,USHL,35,58,50.0,784.0,39200.0,2024-12-31
2024123101021064,USHL,48,58,100.0,785.0,78500.0,2024-12-31
2024123101021063,USHL,42,58,100.0,785.0,78500.0,2024-12-31
2024123101021062,USHL,50,58,50.0,790.0,39500.0,2024-12-31
2024123101021061,USHL,49,58,50.0,790.0,39500.0,2024-12-31
2024123101021060,USHL,29,58,100.0,790.0,79000.0,2024-12-31
2024123101021059,USHL,42,58,100.0,790.0,79000.0,2024-12-31
2024123101021058,USHL,13,58,100.0,790.0,79000.0,2024-12-31
2024123101021057,USHL,16,58,40.0,792.0,31680.0,2024-12-31
2024123101021056,USHL,34,58,100.0,794.0,79400.0,2024-12-31
2024123101021055,USHL,14,58,40.0,794.0,31760.0,2024-12-31
2024123101021054,USHL,54,58,10.0,795.0,7950.0,2024-12-31
2024123101021053,USHL,61,58,100.0,795.0,79500.0,2024-12-31
2024123101021052,USHL,28,58,50.0,795.0,39750.0,2024-12-31
2024123101021051,USHL,34,58,50.0,795.0,39750.0,2024-12-31
2024123101021050,USHL,4,58,100.0,795.0,79500.0,2024-12-31
2024123101021049,USHL,13,58,500.0,795.0,397500.0,2024-12-31
2024123101021048,USHL,80,58,100.0,795.0,79500.0,2024-12-31
2024123101021047,USHL,29,58,50.0,795.0,39750.0,2024-12-31
2024123101021046,USHL,58,58,50.0,795.1,39755.0,2024-12-31
2024123101021045,USHL,21,58,130.0,796.0,103480.0,2024-12-31
2024123101021044,USHL,35,58,50.0,796.0,39800.0,2024-12-31
2024123101021043,USHL,34,58,90.0,797.0,71730.0,2024-12-31
2024123101021042,HIDCLP,35,58,100.0,161.0,16100.0,2024-12-31
2024123101021041,HIDCLP,77,58,30.0,161.0,4830.0,2024-12-31
2024123101021040,HIDCLP,25,58,100.0,161.0,16100.0,2024-12-31
2024123101021039,HIDCLP,44,58,50.0,161.0,8050.0,2024-12-31
2024123101021038,HIDCLP,28,58,1000.0,161.1,161100.0,2024-12-31
2024123101021037,HIDCLP,44,58,1000.0,161.1,161100.0,2024-12-31
2024123101021036,HIDCLP,53,58,50.0,161.1,8055.0,2024-12-31
2024123101021035,HIDCLP,16,58,500.0,161.1,80550.0,2024-12-31
2024123101021034,HIDCLP,16,58,100.0,161.2,16120.0,2024-12-31
2024123101021033,HIDCLP,49,58,11.0,161.2,1773.2,2024-12-31
2024123101021032,HIDCLP,16,58,500.0,161.2,80600.0,2024-12-31
2024123101021031,HIDCLP,17,58,2000.0,161.2,322400.0,2024-12-31
2024123101021030,HIDCLP,16,58,1000.0,161.3,161300.0,2024-12-31
2024123101021029,HIDCLP,16,58,200.0,161.3,32260.0,2024-12-31
2024123103022655,JSLBB,48,32,10.0,1627.0,16270.0,2024-12-31
2024123101021028,HIDCLP,32,58,81.0,161.3,13065.3,2024-12-31
2024123101021027,HIDCLP,44,58,2000.0,161.4,322800.0,2024-12-31
2024123101021026,HIDCLP,43,58,1650.0,161.8,266970.0,2024-12-31
2024123103022654,SFCL,58,14,30.0,568.0,17040.0,2024-12-31
2024123104014402,UNHPL,41,34,53.0,266.0,14098.0,2024-12-31
2024123104014401,UNHPL,16,34,775.0,266.0,206150.0,2024-12-31
2024123104014400,UNHPL,44,34,150.0,266.5,39975.0,2024-12-31
2024123104014399,UNHPL,43,34,100.0,266.6,26660.0,2024-12-31
2024123101021025,USHEC,86,58,50.0,575.0,28750.0,2024-12-31
2024123104014398,KKHC,4,57,10.0,347.0,3470.0,2024-12-31
2024123103022653,GUFL,49,4,50.0,630.9,31545.0,2024-12-31
2024123103022652,NFS,72,58,50.0,974.9,48745.0,2024-12-31
2024123105011365,NIFRA,58,16,175.0,255.0,44625.0,2024-12-31
2024123105011364,NIFRA,58,90,200.0,254.0,50800.0,2024-12-31
2024123105011363,NIFRA,58,43,100.0,254.0,25400.0,2024-12-31
2024123105011362,NIFRA,58,44,500.0,251.0,125500.0,2024-12-31
2024123105011361,NIFRA,58,45,25.0,250.0,6250.0,2024-12-31
2024123105011360,RMF1,58,91,100.0,9.15,915.0,2024-12-31
2024123105011359,SHIVM,58,52,71.0,556.0,39476.0,2024-12-31
2024123105011358,SHIVM,13,52,129.0,556.0,71724.0,2024-12-31
2024123101021024,NBL,29,32,32.0,266.0,8512.0,2024-12-31
2024123104014397,NLG,65,45,250.0,969.9,242475.0,2024-12-31
2024123104014396,NLG,65,36,50.0,969.0,48450.0,2024-12-31
2024123104014395,NLG,65,35,800.0,969.0,775200.0,2024-12-31
2024123105011357,SHIVM,35,94,693.0,557.0,386001.0,2024-12-31
2024123105011356,SHIVM,35,51,50.0,557.0,27850.0,2024-12-31
2024123105011355,SHIVM,35,21,157.0,557.0,87449.0,2024-12-31
2024123105011354,SHIVM,35,58,100.0,556.8,55680.0,2024-12-31
2024123101021023,USHL,49,17,90.0,797.1,71739.0,2024-12-31
2024123104014394,SPDL,44,88,1000.0,316.0,316000.0,2024-12-31
2024123105011353,CHDC,19,19,10.0,1578.9,15789.0,2024-12-31
2024123103022651,JFL,19,88,100.0,750.1,75010.0,2024-12-31
2024123101021022,BEDC,88,42,10.0,680.0,6800.0,2024-12-31
2024123104014393,UPCL,57,47,100.0,261.9,26190.0,2024-12-31
2024123103022650,MFIL,49,58,10.0,630.0,6300.0,2024-12-31
2024123101021021,SMH,39,80,10.0,999.0,9990.0,2024-12-31
2024123101021020,EBL,81,13,10.0,581.0,5810.0,2024-12-31
2024123101021019,CYCL,77,32,20.0,1670.0,33400.0,2024-12-31
2024123104014392,SSHL,46,32,40.0,221.0,8840.0,2024-12-31
2024123104014391,SSHL,46,32,20.0,221.0,4420.0,2024-12-31
2024123104014390,KPCL,44,77,10.0,515.0,5150.0,2024-12-31
2024123103022649,NFS,72,44,50.0,974.9,48745.0,2024-12-31
2024123104014389,NLG,55,45,950.0,961.0,912950.0,2024-12-31
2024123104014388,NLG,17,45,50.0,961.1,48055.0,2024-12-31
2024123103022648,NFS,72,45,10.0,974.9,9749.0,2024-12-31
2024123103022647,GRDBL,21,72,10.0,825.0,8250.0,2024-12-31
2024123103022646,GRDBL,87,72,100.0,825.1,82510.0,2024-12-31
2024123103022645,GRDBL,80,72,89.0,849.5,75605.5,2024-12-31
2024123103022644,GRDBL,38,72,57.0,850.0,48450.0,2024-12-31
2024123103022643,GRDBL,45,72,400.0,862.4,344960.0,2024-12-31
2024123105011352,RNLI,50,85,25.0,494.9,12372.5,2024-12-31
2024123105011351,RNLI,50,50,100.0,494.8,49480.0,2024-12-31
2024123105011350,RNLI,50,85,50.0,494.8,24740.0,2024-12-31
2024123105011349,RNLI,50,42,50.0,494.0,24700.0,2024-12-31
2024123105011348,RNLI,50,58,11.0,494.0,5434.0,2024-12-31
2024123105011347,RNLI,50,44,11.0,494.0,5434.0,2024-12-31
2024123105011346,RNLI,50,85,50.0,493.8,24690.0,2024-12-31
2024123104014387,MEN,21,38,314.0,590.0,185260.0,2024-12-31
2024123104014386,MEN,34,38,56.0,590.1,33045.6,2024-12-31
2024123104014385,MEN,13,38,100.0,590.6,59060.0,2024-12-31
2024123104014384,MEN,25,38,30.0,590.7,17721.0,2024-12-31
2024123104014383,HDHPC,62,4,136.0,194.0,26384.0,2024-12-31
2024123104014382,HDHPC,22,4,294.0,194.0,57036.0,2024-12-31
2024123104014381,HDHPC,49,4,70.0,194.1,13587.0,2024-12-31
2024123101021018,USHEC,25,58,10.0,575.0,5750.0,2024-12-31
2024123103022642,MFIL,43,58,25.0,630.0,15750.0,2024-12-31
2024123105011345,NRN,66,17,100.0,1017.0,101700.0,2024-12-31
2024123103022641,GRDBL,71,14,30.0,880.0,26400.0,2024-12-31
2024123101021017,PRVU,38,28,259.0,237.5,61512.5,2024-12-31
2024123103022640,NICLBSL,25,35,20.0,653.0,13060.0,2024-12-31
2024123103022639,PROFL,70,57,10.0,585.0,5850.0,2024-12-31
2024123103022638,CBBL,90,26,10.0,855.0,8550.0,2024-12-31
2024123103022637,MLBBL,11,42,113.0,1556.0,175828.0,2024-12-31
2024123101021016,PRVU,37,54,100.0,238.9,23890.0,2024-12-31
2024123101021015,NYADI,42,22,35.0,421.0,14735.0,2024-12-31
2024123101021014,NYADI,42,16,65.0,420.0,27300.0,2024-12-31
2024123103022636,SMFBS,49,43,10.0,1975.0,19750.0,2024-12-31
2024123103022635,ICFC,16,57,115.0,632.0,72680.0,2024-12-31
2024123103022634,ICFC,34,57,100.0,632.1,63210.0,2024-12-31
2024123103022633,ICFC,13,57,50.0,632.1,31605.0,2024-12-31
2024123103022632,ICFC,57,57,25.0,634.0,15850.0,2024-12-31
2024123103022631,ICFC,57,57,100.0,635.0,63500.0,2024-12-31
2024123103022630,ICFC,42,57,100.0,635.0,63500.0,2024-12-31
2024123103022629,ICFC,32,57,10.0,635.0,6350.0,2024-12-31
2024123105011344,SHIVM,61,58,400.0,556.8,222720.0,2024-12-31
2024123101021013,USHL,53,57,25.0,799.0,19975.0,2024-12-31
2024123103022628,GLBSL,46,42,10.0,2290.0,22900.0,2024-12-31
2024123101021012,MEHL,45,48,90.0,442.0,39780.0,2024-12-31
2024123103022627,GUFL,34,42,100.0,631.0,63100.0,2024-12-31
2024123105011343,SAHAS,66,58,280.0,468.0,131040.0,2024-12-31
2024123105011342,MEL,65,16,857.0,303.2,259842.4,2024-12-31
2024123105011341,MEL,21,16,100.0,303.2,30320.0,2024-12-31
2024123105011340,MEL,87,16,200.0,303.3,60660.0,2024-12-31
2024123105011339,SHIVM,13,74,50.0,556.0,27800.0,2024-12-31
2024123101021011,HBL,41,70,100.0,236.0,23600.0,2024-12-31
2024123101021010,HBL,13,70,800.0,236.0,188800.0,2024-12-31
2024123103022626,LBBL,33,42,100.0,464.0,46400.0,2024-12-31
2024123101021009,TSHL,4,17,30.0,810.0,24300.0,2024-12-31
2024123101021008,TSHL,49,17,10.0,811.0,8110.0,2024-12-31
2024123101021007,TSHL,17,17,10.0,811.0,8110.0,2024-12-31
2024123101021006,RHGCL,17,16,100.0,519.5,51950.0,2024-12-31
2024123101021005,LSL,42,51,90.0,236.0,21240.0,2024-12-31
2024123101021004,SIKLES,49,8,350.0,806.0,282100.0,2024-12-31
2024123101021003,SIKLES,49,61,100.0,805.0,80500.0,2024-12-31
2024123101021002,DORDI,52,49,135.0,498.0,67230.0,2024-12-31
2024123101021001,DORDI,19,49,490.0,498.0,244020.0,2024-12-31
2024123104014380,SHL,35,61,20.0,463.0,9260.0,2024-12-31
2024123104014379,SHL,34,61,100.0,463.1,46310.0,2024-12-31
2024123104014378,DHPL,8,35,10.0,288.0,2880.0,2024-12-31
2024123104014377,KKHC,6,96,507.0,342.0,173394.0,2024-12-31
2024123104014376,KKHC,25,96,100.0,342.0,34200.0,2024-12-31
2024123104014375,KKHC,40,96,100.0,342.0,34200.0,2024-12-31
2024123104014374,KKHC,25,96,100.0,342.0,34200.0,2024-12-31
2024123104014373,KKHC,36,96,153.0,342.0,52326.0,2024-12-31
2024123104014372,KKHC,16,96,40.0,344.5,13780.0,2024-12-31
2024123101021000,SRLI,7,57,100.0,419.9,41990.0,2024-12-31
2024123105011338,GCIL,59,57,19.0,488.0,9272.0,2024-12-31
2024123103022625,PFL,59,22,30.0,519.3,15579.0,2024-12-31
2024123103022624,NFS,51,21,10.0,975.0,9750.0,2024-12-31
2024123103022623,NFS,51,32,60.0,975.0,58500.0,2024-12-31
2024123103022622,GRDBL,45,48,100.0,862.4,86240.0,2024-12-31
2024123103022621,MPFL,17,41,23.0,600.0,13800.0,2024-12-31
2024123103022620,MPFL,65,41,100.0,600.1,60010.0,2024-12-31
2024123103022619,MPFL,20,41,466.0,603.1,281044.6,2024-12-31
2024123103022618,MPFL,45,41,90.0,605.1,54459.0,2024-12-31
2024123103022617,MPFL,32,41,200.0,606.7,121340.0,2024-12-31
2024123103022616,MPFL,25,41,50.0,607.0,30350.0,2024-12-31
2024123103022615,MPFL,4,41,18.0,608.0,10944.0,2024-12-31
2024123103022614,MPFL,42,41,100.0,608.0,60800.0,2024-12-31
2024123103022613,MPFL,54,41,37.0,608.1,22499.7,2024-12-31
2024123103022612,MPFL,58,41,80.0,610.0,48800.0,2024-12-31
2024123103022611,MPFL,25,41,50.0,610.0,30500.0,2024-12-31
2024123103022610,MPFL,20,41,500.0,610.1,305050.0,2024-12-31
2024123103022609,MPFL,26,41,195.0,611.5,119242.5,2024-12-31
2024123103022608,MPFL,13,41,500.0,615.0,307500.0,2024-12-31
2024123103022607,MPFL,42,41,50.0,615.1,30755.0,2024-12-31
2024123103022606,MPFL,4,41,60.0,616.0,36960.0,2024-12-31
2024123103022605,MPFL,57,41,25.0,617.0,15425.0,2024-12-31
2024123103022604,MPFL,58,41,100.0,619.0,61900.0,2024-12-31
2024123103022603,MPFL,51,41,50.0,619.0,30950.0,2024-12-31
2024123103022602,MPFL,57,41,306.0,619.0,189414.0,2024-12-31
2024123103022601,MLBBL,22,7,10.0,1568.0,15680.0,2024-12-31
2024123104014371,UNHPL,4,45,10.0,267.0,2670.0,2024-12-31
2024123104014370,BARUN,4,58,431.0,386.0,166366.0,2024-12-31
2024123104014369,BARUN,4,16,100.0,385.0,38500.0,2024-12-31
2024123104014368,BARUN,4,34,30.0,385.0,11550.0,2024-12-31
2024123104014367,BARUN,4,58,89.0,385.0,34265.0,2024-12-31
2024123104014366,BARUN,4,53,370.0,383.9,142043.0,2024-12-31
2024123103022600,GMFIL,34,56,10.0,495.0,4950.0,2024-12-31
2024123101020999,TVCL,36,81,100.0,554.0,55400.0,2024-12-31
2024123103022599,ICFC,29,22,10.0,640.0,6400.0,2024-12-31
2024123103022598,ICFC,29,57,35.0,639.0,22365.0,2024-12-31
2024123104014365,DHPL,16,35,10.0,288.0,2880.0,2024-12-31
2024123103022597,PROFL,45,35,50.0,580.4,29020.0,2024-12-31
2024123101020998,DLBS,28,34,10.0,1668.0,16680.0,2024-12-31
2024123103022596,SLBBL,83,47,15.0,906.0,13590.0,2024-12-31
2024123103022595,SLBBL,83,72,200.0,905.0,181000.0,2024-12-31
2024123103022594,SKBBL,51,54,131.0,923.0,120913.0,2024-12-31
2024123103022593,SKBBL,46,54,48.0,923.0,44304.0,2024-12-31
2024123103022592,SKBBL,25,54,100.0,923.0,92300.0,2024-12-31
2024123103022591,SKBBL,5,54,50.0,923.1,46155.0,2024-12-31
2024123103022590,SKBBL,44,54,452.0,923.4,417376.8,2024-12-31
2024123103022589,SKBBL,47,54,200.0,923.6,184720.0,2024-12-31
2024123103022588,SKBBL,19,54,19.0,923.7,17550.3,2024-12-31
2024123105011337,NRIC,42,8,37.0,750.0,27750.0,2024-12-31
2024123105011336,NRIC,6,8,63.0,755.0,47565.0,2024-12-31
2024123103022587,BFC,5,55,10.0,605.0,6050.0,2024-12-31
2024123104014364,GLH,42,26,10.0,233.0,2330.0,2024-12-31
2024123101020997,MSHL,64,67,40.0,913.0,36520.0,2024-12-31
2024123101020996,MSHL,11,67,10.0,913.0,9130.0,2024-12-31
2024123101020995,MSHL,63,67,50.0,913.6,45680.0,2024-12-31
2024123104014363,AKJCL,48,25,20.0,194.0,3880.0,2024-12-31
2024123103022586,NFS,22,32,10.0,975.0,9750.0,2024-12-31
2024123104014362,GLH,13,19,15.0,233.5,3502.5,2024-12-31
2024123104014361,CGH,52,34,90.0,892.9,80361.0,2024-12-31
2024123105011335,STC,58,70,10.0,5609.0,56090.0,2024-12-31
2024123104014360,AKJCL,58,25,10.0,194.0,1940.0,2024-12-31
2024123101020994,SBL,29,64,10.0,299.8,2998.0,2024-12-31
2024123103022585,NFS,72,28,1000.0,974.9,974900.0,2024-12-31
2024123103022584,SIFC,59,33,200.0,541.0,108200.0,2024-12-31
2024123103022583,SIFC,55,33,45.0,541.0,24345.0,2024-12-31
2024123103022582,NFS,72,1,325.0,974.9,316842.5,2024-12-31
2024123104014359,NHPC,42,57,150.0,209.0,31350.0,2024-12-31
2024123101020993,SHLB,99,39,50.0,2647.0,132350.0,2024-12-31
2024123103022581,MSLB,32,53,75.0,1515.0,113625.0,2024-12-31
2024123105011334,HDL,39,49,20.0,1357.0,27140.0,2024-12-31
2024123105011333,GCIL,8,57,81.0,488.0,39528.0,2024-12-31
2024123105011332,GCIL,8,35,19.0,488.0,9272.0,2024-12-31
2024123104014358,UAIL,18,8,40.0,622.0,24880.0,2024-12-31
2024123103022580,JBBL,96,43,250.0,353.9,88475.0,2024-12-31
2024123103022579,JBBL,96,57,500.0,352.9,176450.0,2024-12-31
2024123103022578,JBBL,96,74,43.0,352.9,15174.7,2024-12-31
2024123103022577,JBBL,96,38,1000.0,352.0,352000.0,2024-12-31
2024123103022576,JBBL,96,35,400.0,352.0,140800.0,2024-12-31
2024123103022575,JBBL,96,7,300.0,352.0,105600.0,2024-12-31
2024123103022574,JBBL,96,41,800.0,351.9,281520.0,2024-12-31
2024123103022573,JBBL,96,49,24.0,351.9,8445.6,2024-12-31
2024123103022572,JBBL,96,56,20.0,351.0,7020.0,2024-12-31
2024123103022571,GUFL,34,42,10.0,631.0,6310.0,2024-12-31
2024123103022570,SADBL,21,10,342.0,386.0,132012.0,2024-12-31
2024123103022569,SADBL,42,10,50.0,386.0,19300.0,2024-12-31
2024123103022568,SADBL,36,10,17.0,387.0,6579.0,2024-12-31
2024123103022567,SADBL,53,10,19.0,388.0,7372.0,2024-12-31
2024123103022566,SADBL,22,10,50.0,388.0,19400.0,2024-12-31
2024123103022565,SADBL,1,10,272.0,388.0,105536.0,2024-12-31
2024123105011331,HATHY,39,56,20.0,1309.0,26180.0,2024-12-31
2024123105011330,HATHY,58,56,30.0,1309.0,39270.0,2024-12-31
2024123104014357,JOSHI,18,55,10.0,391.0,3910.0,2024-12-31
2024123104014356,UPPER,3,16,300.0,201.3,60390.0,2024-12-31
2024123101020992,MBL,11,74,250.0,233.0,58250.0,2024-12-31
2024123101020991,MBL,57,74,2000.0,233.0,466000.0,2024-12-31
2024123101020990,MBL,11,74,100.0,233.0,23300.0,2024-12-31
2024123101020989,MBL,93,74,394.0,233.1,91841.4,2024-12-31
2024123101020988,MBL,32,74,20.0,234.2,4684.0,2024-12-31
2024123105011329,NRM,43,29,285.0,424.0,120840.0,2024-12-31
2024123105011328,NRM,57,29,100.0,424.1,42410.0,2024-12-31
2024123105011327,NRM,59,29,55.0,425.0,23375.0,2024-12-31
2024123105011326,NRM,39,29,50.0,426.0,21300.0,2024-12-31
2024123105011325,NRM,8,29,10.0,426.0,4260.0,2024-12-31
2024123101020987,MHCL,57,95,10.0,504.0,5040.0,2024-12-31
2024123101020986,USHEC,66,58,20.0,575.0,11500.0,2024-12-31
2024123101020985,USHEC,14,58,300.0,575.1,172530.0,2024-12-31
2024123101020984,USHEC,38,58,300.0,575.2,172560.0,2024-12-31
2024123101020983,USHEC,92,58,100.0,575.3,57530.0,2024-12-31
2024123101020982,USHEC,53,58,100.0,576.0,57600.0,2024-12-31
2024123101020981,USHEC,38,58,21.0,576.0,12096.0,2024-12-31
2024123105011324,NRIC,6,49,50.0,755.0,37750.0,2024-12-31
2024123101020980,NESDO,38,58,10.0,2245.0,22450.0,2024-12-31
2024123103022564,NABBC,4,16,150.0,936.9,140535.0,2024-12-31
2024123103022563,NABBC,4,71,250.0,936.9,234225.0,2024-12-31
2024123104014355,NHPC,4,57,96.0,209.0,20064.0,2024-12-31
2024123104014354,NHPC,4,58,127.0,209.0,26543.0,2024-12-31
2024123104014353,RHPL,58,14,250.0,433.0,108250.0,2024-12-31
2024123105011323,HDL,21,14,50.0,1357.0,67850.0,2024-12-31
2024123105011322,HIDCL,21,14,223.0,229.0,51067.0,2024-12-31
2024123101020979,USHL,13,55,20.0,799.0,15980.0,2024-12-31
2024123104014352,AKPL,52,38,20.0,225.0,4500.0,2024-12-31
2024123103022562,CORBL,72,75,10.0,1240.0,12400.0,2024-12-31
2024123104014351,HPPL,21,57,10.0,399.0,3990.0,2024-12-31
2024123104014350,SPIL,42,17,10.0,792.0,7920.0,2024-12-31
2024123101020978,HIDCLP,57,58,50.0,162.0,8100.0,2024-12-31
2024123103022561,NFS,72,49,50.0,974.9,48745.0,2024-12-31
2024123105011321,HIDCL,49,45,45.0,229.9,10345.5,2024-12-31
2024123105011320,NRN,16,72,535.0,1015.0,543025.0,2024-12-31
2024123105011319,NRN,42,72,295.0,1017.0,300015.0,2024-12-31
2024123105011318,NRN,84,72,50.0,1017.0,50850.0,2024-12-31
2024123105011317,NRN,62,72,20.0,1017.5,20350.0,2024-12-31
2024123105011316,NRN,58,72,100.0,1017.5,101750.0,2024-12-31
2024123104014349,HURJA,45,45,100.0,221.0,22100.0,2024-12-31
2024123104014348,JOSHI,38,22,150.0,390.2,58530.0,2024-12-31
2024123104014347,JOSHI,62,22,50.0,390.2,19510.0,2024-12-31
2024123101020977,LSL,22,51,10.0,236.0,2360.0,2024-12-31
2024123104014346,IGI,34,61,10.0,565.0,5650.0,2024-12-31
2024123104014345,IGI,34,50,15.0,562.5,8437.5,2024-12-31
2024123101020976,CKHL,62,48,45.0,715.0,32175.0,2024-12-31
2024123101020975,CKHL,62,18,247.0,715.0,176605.0,2024-12-31
2024123101020974,CKHL,62,48,210.0,714.9,150129.0,2024-12-31
2024123101020973,CKHL,62,43,10.0,713.0,7130.0,2024-12-31
2024123101020972,CKHL,62,57,48.0,713.0,34224.0,2024-12-31
2024123101020971,CKHL,62,13,100.0,710.0,71000.0,2024-12-31
2024123101020970,CKHL,62,53,50.0,709.0,35450.0,2024-12-31
2024123101020969,CKHL,62,45,10.0,708.0,7080.0,2024-12-31
2024123101020968,CKHL,62,22,10.0,708.0,7080.0,2024-12-31
2024123101020967,CKHL,62,50,10.0,708.0,7080.0,2024-12-31
2024123101020966,CKHL,62,83,100.0,708.0,70800.0,2024-12-31
2024123101020965,CKHL,62,45,160.0,707.7,113232.0,2024-12-31
2024123101020964,CKHL,62,70,100.0,707.6,70760.0,2024-12-31
2024123101020963,CKHL,62,39,400.0,706.0,282400.0,2024-12-31
2024123101020962,CKHL,62,70,100.0,705.0,70500.0,2024-12-31
2024123101020961,MEHL,45,52,10.0,442.0,4420.0,2024-12-31
2024123103022560,NFS,16,32,100.0,975.0,97500.0,2024-12-31
2024123101020960,NMB,14,16,200.0,245.4,49080.0,2024-12-31
2024123104014344,DHPL,16,17,1115.0,287.0,320005.0,2024-12-31
2024123103022559,CFCL,50,29,135.0,540.0,72900.0,2024-12-31
2024123103022558,CFCL,54,29,50.0,540.0,27000.0,2024-12-31
2024123103022557,CFCL,13,29,25.0,540.0,13500.0,2024-12-31
2024123103022556,CFCL,49,29,50.0,540.0,27000.0,2024-12-31
2024123103022555,CFCL,4,29,100.0,540.0,54000.0,2024-12-31
2024123103022554,CFCL,28,29,90.0,540.0,48600.0,2024-12-31
2024123103022553,CFCL,16,29,50.0,541.0,27050.0,2024-12-31
2024123103022552,FMDBL,33,77,10.0,739.0,7390.0,2024-12-31
2024123104014343,AHPC,33,57,190.0,245.0,46550.0,2024-12-31
2024123103022551,BFC,42,54,100.0,603.0,60300.0,2024-12-31
2024123103022550,NUBL,41,42,10.0,675.0,6750.0,2024-12-31
2024123104014342,MHNL,19,17,10.0,252.3,2523.0,2024-12-31
2024123101020959,NBL,58,32,20.0,266.0,5320.0,2024-12-31
2024123101020958,NBL,38,32,20.0,266.0,5320.0,2024-12-31
2024123101020957,NBL,11,32,88.0,266.0,23408.0,2024-12-31
2024123103022549,ILBS,58,39,100.0,959.9,95990.0,2024-12-31
2024123103022548,GBBL,49,51,50.0,389.0,19450.0,2024-12-31
2024123103022547,GBBL,49,40,225.0,389.0,87525.0,2024-12-31
2024123103022546,GBBL,49,14,60.0,388.0,23280.0,2024-12-31
2024123103022545,GBBL,49,33,199.0,388.0,77212.0,2024-12-31
2024123103022544,GBBL,49,21,137.0,387.0,53019.0,2024-12-31
2024123104014341,JOSHI,8,55,20.0,391.0,7820.0,2024-12-31
2024123101020956,CYCL,77,32,10.0,1670.0,16700.0,2024-12-31
2024123101020955,SPC,7,26,10.0,486.0,4860.0,2024-12-31
2024123103022543,RLFL,42,44,100.0,525.0,52500.0,2024-12-31
2024123103022542,MDB,38,51,50.0,601.0,30050.0,2024-12-31
2024123103022541,MDB,17,51,20.0,601.0,12020.0,2024-12-31
2024123101020954,TVCL,80,45,220.0,553.0,121660.0,2024-12-31
2024123101020953,BHL,4,21,48.0,341.0,16368.0,2024-12-31
2024123104014340,UPCL,34,47,100.0,261.9,26190.0,2024-12-31
2024123101020952,GBIME,14,10,265.0,226.0,59890.0,2024-12-31
2024123101020951,GBIME,58,10,100.0,226.0,22600.0,2024-12-31
2024123101020950,GBIME,58,10,395.0,226.0,89270.0,2024-12-31
2024123101020949,SANIMA,6,7,15.0,299.9,4498.5,2024-12-31
2024123101020948,SANIMA,6,16,300.0,299.7,89910.0,2024-12-31
2024123101020947,SANIMA,6,51,2000.0,299.5,599000.0,2024-12-31
2024123101020946,SANIMA,6,55,990.0,299.5,296505.0,2024-12-31
2024123101020945,SANIMA,6,41,1000.0,299.4,299400.0,2024-12-31
2024123101020944,SANIMA,6,38,413.0,299.0,123487.0,2024-12-31
2024123101020943,SANIMA,6,45,200.0,299.0,59800.0,2024-12-31
2024123101020942,SANIMA,6,35,10.0,298.9,2989.0,2024-12-31
2024123101020941,SANIMA,6,52,72.0,298.0,21456.0,2024-12-31
2024123103022540,JFL,36,88,1000.0,750.1,750100.0,2024-12-31
2024123101020940,NIMB,57,32,36.0,220.0,7920.0,2024-12-31
2024123101020939,NIMB,57,17,25.0,220.0,5500.0,2024-12-31
2024123101020938,NIMB,57,4,89.0,220.0,19580.0,2024-12-31
2024123101020937,MBL,93,49,106.0,233.1,24708.6,2024-12-31
2024123101020936,MBL,59,49,586.0,233.2,136655.2,2024-12-31
2024123101020935,MBL,22,49,15.0,233.5,3502.5,2024-12-31
2024123101020934,MBL,57,49,200.0,233.6,46720.0,2024-12-31
2024123105011315,RNLI,48,58,11.0,493.5,5428.5,2024-12-31
2024123101020933,MBL,10,49,300.0,233.7,70110.0,2024-12-31
2024123101020932,MBL,33,49,500.0,233.8,116900.0,2024-12-31
2024123101020931,MBL,11,49,100.0,234.0,23400.0,2024-12-31
2024123101020930,MBL,10,49,200.0,234.1,46820.0,2024-12-31
2024123103022539,JFL,8,88,200.0,750.1,150020.0,2024-12-31
2024123103022538,GMFIL,51,56,500.0,495.0,247500.0,2024-12-31
2024123104014339,UPCL,51,47,260.0,262.0,68120.0,2024-12-31
2024123104014338,BPCL,25,51,120.0,377.0,45240.0,2024-12-31
2024123104014337,JOSHI,16,4,30.0,391.0,11730.0,2024-12-31
2024123103022537,LBBL,4,42,100.0,464.0,46400.0,2024-12-31
2024123101020929,AVYAN,66,17,10.0,1014.0,10140.0,2024-12-31
2024123101020928,GBIME,66,90,99.0,226.7,22443.3,2024-12-31
2024123101020927,PRVU,37,59,400.0,238.0,95200.0,2024-12-31
2024123105011314,SHIVM,6,21,10.0,557.0,5570.0,2024-12-31
2024123103022536,SADBL,6,34,50.0,389.0,19450.0,2024-12-31
2024123101020926,GVL,57,14,100.0,480.0,48000.0,2024-12-31
2024123105011313,ILI,45,39,80.0,466.8,37344.0,2024-12-31
2024123105011312,ILI,3,39,100.0,467.0,46700.0,2024-12-31
2024123105011311,ILI,45,39,20.0,467.0,9340.0,2024-12-31
2024123104014336,CHCL,67,43,20.0,504.8,10096.0,2024-12-31
2024123101020925,PRVU,6,59,200.0,238.0,47600.0,2024-12-31
2024123101020924,PRVU,66,59,100.0,238.0,23800.0,2024-12-31
2024123101020923,PRVU,57,59,300.0,238.2,71460.0,2024-12-31
2024123104014335,SALICO,44,29,64.0,700.0,44800.0,2024-12-31
2024123101020922,ULHC,45,41,50.0,465.0,23250.0,2024-12-31
2024123101020921,ULHC,52,41,449.0,465.1,208829.9,2024-12-31
2024123103022535,NFS,72,45,100.0,974.9,97490.0,2024-12-31
2024123103022534,NFS,72,41,50.0,974.9,48745.0,2024-12-31
2024123101020920,HIDCLP,43,22,200.0,161.8,32360.0,2024-12-31
2024123101020919,HIDCLP,52,22,500.0,161.9,80950.0,2024-12-31
2024123101020918,USHL,57,14,50.0,798.0,39900.0,2024-12-31
2024123101020917,PCBL,14,39,268.0,259.0,69412.0,2024-12-31
2024123101020916,PCBL,14,90,100.0,259.0,25900.0,2024-12-31
2024123101020915,PCBL,14,42,115.0,258.9,29773.5,2024-12-31
2024123101020914,PCBL,14,43,108.0,258.0,27864.0,2024-12-31
2024123101020913,PCBL,14,1,200.0,258.0,51600.0,2024-12-31
2024123101020912,PCBL,14,19,1000.0,258.0,258000.0,2024-12-31
2024123101020911,PCBL,14,32,709.0,258.0,182922.0,2024-12-31
2024123104014334,RIDI,65,57,4050.0,219.5,888975.0,2024-12-31
2024123104014333,RIDI,65,43,50.0,219.5,10975.0,2024-12-31
2024123104014332,RIDI,65,72,900.0,219.4,197460.0,2024-12-31
2024123101020910,USHL,65,55,20.0,799.0,15980.0,2024-12-31
2024123101020909,SBL,17,64,200.0,299.8,59960.0,2024-12-31
2024123104014331,SHEL,58,90,502.0,230.0,115460.0,2024-12-31
2024123103022533,GLBSL,39,58,50.0,2290.0,114500.0,2024-12-31
2024123101020908,UHEWA,49,29,258.0,679.0,175182.0,2024-12-31
2024123101020907,UHEWA,49,6,142.0,678.0,96276.0,2024-12-31
2024123103022532,NFS,72,8,150.0,974.9,146235.0,2024-12-31
2024123105011310,HATHY,77,57,10.0,1318.0,13180.0,2024-12-31
2024123103022531,EDBL,43,44,100.0,546.0,54600.0,2024-12-31
2024123103022530,SKBBL,54,50,50.0,924.0,46200.0,2024-12-31
2024123103022529,SKBBL,21,50,19.0,924.0,17556.0,2024-12-31
2024123103022528,SKBBL,45,50,30.0,924.0,27720.0,2024-12-31
2024123103022527,SKBBL,17,50,50.0,924.1,46205.0,2024-12-31
2024123103022526,NFS,72,45,50.0,974.9,48745.0,2024-12-31
2024123101020906,TPC,57,38,500.0,516.0,258000.0,2024-12-31
2024123101020905,TPC,59,38,500.0,516.0,258000.0,2024-12-31
2024123101020904,TPC,62,38,490.0,516.0,252840.0,2024-12-31
2024123103022525,GUFL,42,38,10.0,630.5,6305.0,2024-12-31
2024123101020903,MLBS,22,57,22.0,2050.0,45100.0,2024-12-31
2024123104014330,UPPER,38,48,100.0,201.5,20150.0,2024-12-31
2024123105011309,HDL,38,45,30.0,1358.0,40740.0,2024-12-31
2024123101020902,BEDC,88,34,10.0,680.0,6800.0,2024-12-31
2024123101020901,USHL,14,35,10.0,799.0,7990.0,2024-12-31
2024123103022524,NFS,72,34,50.0,974.9,48745.0,2024-12-31
2024123103022523,SINDU,71,66,10.0,710.0,7100.0,2024-12-31
2024123104014329,AHPC,32,36,30.0,243.4,7302.0,2024-12-31
2024123101020900,TVCL,74,81,51.0,554.0,28254.0,2024-12-31
2024123103022522,SFCL,18,35,40.0,567.1,22684.0,2024-12-31
2024123103022521,JFL,42,88,500.0,750.1,375050.0,2024-12-31
2024123103022520,RLFL,42,95,757.0,525.0,397425.0,2024-12-31
2024123103022519,RLFL,16,95,223.0,526.0,117298.0,2024-12-31
2024123104014328,RADHI,48,76,185.0,330.0,61050.0,2024-12-31
2024123104014327,RADHI,22,76,15.0,330.1,4951.5,2024-12-31
2024123103022518,SFCL,26,22,270.0,569.0,153630.0,2024-12-31
2024123103022517,SFCL,26,62,200.0,568.0,113600.0,2024-12-31
2024123103022516,SFCL,26,22,30.0,568.0,17040.0,2024-12-31
2024123105011308,SONA,49,55,100.0,448.0,44800.0,2024-12-31
2024123105011307,SONA,34,55,50.0,448.0,22400.0,2024-12-31
2024123105011306,SONA,17,55,80.0,448.2,35856.0,2024-12-31
2024123105011305,SONA,58,55,75.0,448.5,33637.5,2024-12-31
2024123103022515,JBBL,50,56,100.0,351.0,35100.0,2024-12-31
2024123101020899,CKHL,59,48,100.0,705.0,70500.0,2024-12-31
2024123101020898,CKHL,57,48,50.0,705.0,35250.0,2024-12-31
2024123103022514,SIFC,48,34,50.0,544.0,27200.0,2024-12-31
2024123103022513,SIFC,48,42,50.0,543.9,27195.0,2024-12-31
2024123103022512,SHINE,32,45,40.0,413.0,16520.0,2024-12-31
2024123104014326,API,25,51,111.0,254.9,28293.9,2024-12-31
2024123104014325,API,25,40,100.0,254.0,25400.0,2024-12-31
2024123104014324,API,25,57,50.0,254.0,12700.0,2024-12-31
2024123104014323,API,25,57,139.0,254.0,35306.0,2024-12-31
2024123104014322,API,25,38,100.0,253.9,25390.0,2024-12-31
2024123101020897,SRLI,22,57,26.0,419.9,10917.4,2024-12-31
2024123101020896,SRLI,22,17,124.0,419.9,52067.6,2024-12-31
2024123105011304,SAHAS,44,43,150.0,467.0,70050.0,2024-12-31
2024123105011303,SAHAS,1,43,10.0,467.1,4671.0,2024-12-31
2024123105011302,SAHAS,74,43,40.0,467.2,18688.0,2024-12-31
2024123105011301,HATHY,38,57,10.0,1318.0,13180.0,2024-12-31
2024123101020895,PRVU,57,38,700.0,238.2,166740.0,2024-12-31
2024123101020894,PRVU,67,38,850.0,238.2,202470.0,2024-12-31
2024123101020893,PRVU,38,38,7810.0,238.4,1861904.0,2024-12-31
2024123101020892,PRVU,48,38,1000.0,238.6,238600.0,2024-12-31
2024123101020891,PRVU,45,38,100.0,238.8,23880.0,2024-12-31
2024123101020890,PRVU,38,38,190.0,238.8,45372.0,2024-12-31
2024123101020889,PRVU,38,38,9350.0,239.0,2234650.0,2024-12-31
2024123101020888,PRVU,38,56,650.0,238.9,155285.0,2024-12-31
2024123103022511,SFCL,14,22,100.0,568.0,56800.0,2024-12-31
2024123103022510,PFL,14,22,100.0,519.3,51930.0,2024-12-31
2024123103022509,CORBL,34,47,10.0,1325.0,13250.0,2024-12-31
2024123103022508,RLFL,16,57,277.0,526.0,145702.0,2024-12-31
2024123103022507,CORBL,29,47,10.0,1325.0,13250.0,2024-12-31
2024123105011300,GCIL,34,35,31.0,488.0,15128.0,2024-12-31
2024123103022506,CBBL,45,35,220.0,854.1,187902.0,2024-12-31
2024123103022505,CBBL,45,35,40.0,854.2,34168.0,2024-12-31
2024123103022504,CBBL,58,35,40.0,854.5,34180.0,2024-12-31
2024123104014321,SHEL,83,45,100.0,230.5,23050.0,2024-12-31
2024123104014320,GLH,59,19,66.0,233.5,15411.0,2024-12-31
2024123104014319,HDHPC,42,68,55.0,194.5,10697.5,2024-12-31
2024123104014318,HDHPC,42,67,50.0,194.5,9725.0,2024-12-31
2024123105011299,NTC,43,49,30.0,952.1,28563.0,2024-12-31
2024123105011298,NTC,54,49,10.0,952.1,9521.0,2024-12-31
2024123103022503,NFS,72,36,80.0,974.9,77992.0,2024-12-31
2024123101020887,TAMOR,67,42,61.0,490.6,29926.6,2024-12-31
2024123101020886,TAMOR,67,38,177.0,490.6,86836.2,2024-12-31
2024123101020885,TAMOR,67,42,10.0,490.0,4900.0,2024-12-31
2024123101020884,TAMOR,67,34,90.0,490.0,44100.0,2024-12-31
2024123101020883,TAMOR,67,45,462.0,489.0,225918.0,2024-12-31
2024123101020882,TAMOR,67,65,200.0,488.0,97600.0,2024-12-31
2024123104014317,KKHC,36,96,469.0,342.0,160398.0,2024-12-31
2024123104014316,KKHC,41,96,531.0,342.1,181655.1,2024-12-31
2024123103022502,MERO,59,58,40.0,739.0,29560.0,2024-12-31
2024123105011297,CLI,48,44,61.0,677.2,41309.2,2024-12-31
2024123105011296,CLI,16,44,374.0,678.0,253572.0,2024-12-31
2024123101020881,PCBL,48,32,391.0,258.0,100878.0,2024-12-31
2024123101020880,PCBL,48,22,104.0,258.0,26832.0,2024-12-31
2024123101020879,PCBL,48,34,200.0,258.0,51600.0,2024-12-31
2024123101020878,PCBL,48,29,57.0,258.0,14706.0,2024-12-31
2024123101020877,PCBL,48,26,125.0,258.0,32250.0,2024-12-31
2024123101020876,PCBL,48,42,123.0,257.7,31697.1,2024-12-31
2024123104014315,HPPL,45,57,2218.0,399.0,884982.0,2024-12-31
2024123104014314,HPPL,45,44,500.0,399.0,199500.0,2024-12-31
2024123104014313,HPPL,45,17,50.0,399.0,19950.0,2024-12-31
2024123104014312,HPPL,45,58,100.0,399.0,39900.0,2024-12-31
2024123104014311,HPPL,45,18,500.0,398.8,199400.0,2024-12-31
2024123104014310,HPPL,45,8,205.0,398.4,81672.0,2024-12-31
2024123104014309,HPPL,45,35,50.0,397.0,19850.0,2024-12-31
2024123104014308,HPPL,45,74,1000.0,397.0,397000.0,2024-12-31
2024123104014307,HPPL,45,94,1500.0,394.7,592050.0,2024-12-31
2024123104014306,HPPL,45,44,591.0,394.0,232854.0,2024-12-31
2024123104014305,HPPL,45,43,1000.0,393.9,393900.0,2024-12-31
2024123104014304,HPPL,45,19,10.0,393.0,3930.0,2024-12-31
2024123104014303,HPPL,45,41,134.0,393.0,52662.0,2024-12-31
2024123104014302,HPPL,45,25,100.0,392.8,39280.0,2024-12-31
2024123104014301,HPPL,45,33,5000.0,392.0,1960000.0,2024-12-31
2024123104014300,HPPL,45,42,420.0,392.0,164640.0,2024-12-31
2024123104014299,HPPL,45,65,100.0,392.0,39200.0,2024-12-31
2024123104014298,HPPL,45,52,398.0,392.0,156016.0,2024-12-31
2024123104014297,HPPL,45,42,14.0,392.0,5488.0,2024-12-31
2024123104014296,HPPL,45,51,80.0,391.9,31352.0,2024-12-31
2024123104014295,HPPL,45,52,30.0,391.0,11730.0,2024-12-31
2024123103022501,NFS,72,45,50.0,974.9,48745.0,2024-12-31
2024123101020875,RHGCL,43,57,85.0,519.0,44115.0,2024-12-31
2024123103022500,SFCL,43,22,25.0,568.0,14200.0,2024-12-31
2024123105011295,NRN,91,77,100.0,1018.0,101800.0,2024-12-31
2024123101020874,MHCL,66,60,210.0,500.0,105000.0,2024-12-31
2024123101020873,MHCL,6,60,490.0,500.1,245049.0,2024-12-31
2024123103022499,NFS,29,32,40.0,975.0,39000.0,2024-12-31
2024123104014294,RADHI,21,5,100.0,331.0,33100.0,2024-12-31
2024123101020872,TVCL,80,81,427.0,554.0,236558.0,2024-12-31
2024123103022498,SFCL,57,22,95.0,568.0,53960.0,2024-12-31
2024123101020871,NYADI,57,16,35.0,420.0,14700.0,2024-12-31
2024123103022497,MFIL,57,58,50.0,630.0,31500.0,2024-12-31
2024123104014293,SHPC,5,35,10.0,447.9,4479.0,2024-12-31
2024123104014292,HDHPC,8,67,200.0,194.5,38900.0,2024-12-31
2024123103022496,GLBSL,47,49,30.0,2288.0,68640.0,2024-12-31
2024123101020870,CYCL,77,32,88.0,1670.0,146960.0,2024-12-31
2024123101020869,CYCL,77,58,10.0,1630.0,16300.0,2024-12-31
2024123101020868,CYCL,77,32,10.0,1626.0,16260.0,2024-12-31
2024123101020867,CYCL,77,22,59.0,1626.0,95934.0,2024-12-31
2024123101020866,CYCL,77,39,133.0,1606.0,213598.0,2024-12-31
2024123101020865,CYCL,77,59,1000.0,1600.0,1600000.0,2024-12-31
2024123104014291,RHPL,58,44,20.0,433.0,8660.0,2024-12-31
2024123104014290,RHPL,58,46,10.0,432.0,4320.0,2024-12-31
2024123104014289,RHPL,58,74,50.0,430.0,21500.0,2024-12-31
2024123104014288,RHPL,58,48,40.0,430.0,17200.0,2024-12-31
2024123104014287,RHPL,58,47,800.0,430.0,344000.0,2024-12-31
2024123104014286,RHPL,58,44,510.0,430.0,219300.0,2024-12-31
2024123104014285,RHPL,58,55,500.0,429.9,214950.0,2024-12-31
2024123104014284,RHPL,58,67,100.0,429.5,42950.0,2024-12-31
2024123104014283,RHPL,58,44,1000.0,428.0,428000.0,2024-12-31
2024123104014282,RHPL,58,49,190.0,428.0,81320.0,2024-12-31
2024123104014281,RHPL,58,49,80.0,427.9,34232.0,2024-12-31
2024123104014280,RHPL,58,25,10.0,427.9,4279.0,2024-12-31
2024123104014279,RHPL,58,49,990.0,427.7,423423.0,2024-12-31
2024123104014278,RHPL,58,45,420.0,427.0,179340.0,2024-12-31
2024123101020864,EHPL,56,58,150.0,731.0,109650.0,2024-12-31
2024123101020863,TPC,44,64,100.0,516.1,51610.0,2024-12-31
2024123101020862,PRVU,93,56,1400.0,238.9,334460.0,2024-12-31
2024123101020861,RFPL,62,85,150.0,1015.0,152250.0,2024-12-31
2024123105011294,VLUCL,6,25,209.0,632.3,132150.7,2024-12-31
2024123101020860,SGHC,45,48,310.0,444.0,137640.0,2024-12-31
2024123101020859,SGHC,45,49,190.0,443.9,84341.0,2024-12-31
2024123103022495,NFS,72,45,10.0,974.9,9749.0,2024-12-31
2024123101020858,SPC,4,26,40.0,486.0,19440.0,2024-12-31
2024123101020857,PRVU,38,34,10.0,238.8,2388.0,2024-12-31
2024123101020856,SBL,42,13,15.0,299.0,4485.0,2024-12-31
2024123104014277,SICL,52,48,500.0,795.0,397500.0,2024-12-31
2024123101020855,DLBS,16,34,10.0,1668.0,16680.0,2024-12-31
2024123103022494,ICFC,29,57,10.0,639.0,6390.0,2024-12-31
2024123103022493,GUFL,3,42,175.0,631.0,110425.0,2024-12-31
2024123103022492,GUFL,3,48,25.0,630.9,15772.5,2024-12-31
2024123101020854,BHPL,58,16,25.0,835.1,20877.5,2024-12-31
2024123101020853,BHPL,33,16,50.0,835.2,41760.0,2024-12-31
2024123101020852,NABIL,54,21,12.0,500.0,6000.0,2024-12-31
2024123101020851,NABIL,11,21,67.0,500.0,33500.0,2024-12-31
2024123104014276,AKPL,54,38,200.0,225.0,45000.0,2024-12-31
2024123105011293,HIDCL,57,45,433.0,229.9,99546.7,2024-12-31
2024123105011292,HIDCL,57,57,67.0,229.5,15376.5,2024-12-31
2024123105011291,SONA,59,48,10.0,451.0,4510.0,2024-12-31
2024123104014275,NHDL,50,17,475.0,705.0,334875.0,2024-12-31
2024123104014274,NHDL,50,43,25.0,704.0,17600.0,2024-12-31
2024123104014273,UPPER,48,48,100.0,201.5,20150.0,2024-12-31
2024123104014272,PPCL,95,45,50.0,272.0,13600.0,2024-12-31
2024123101020850,HHL,22,16,10.0,490.5,4905.0,2024-12-31
2024123103022491,SMPDA,34,38,10.0,925.0,9250.0,2024-12-31
2024123101020849,SANIMA,34,52,428.0,298.0,127544.0,2024-12-31
2024123101020848,SANIMA,34,11,572.0,298.0,170456.0,2024-12-31
2024123101020847,MANDU,34,41,15.0,879.0,13185.0,2024-12-31
2024123101020846,MHCL,35,95,3370.0,504.0,1698480.0,2024-12-31
2024123101020845,MHCL,35,57,500.0,503.0,251500.0,2024-12-31
2024123101020844,MHCL,35,77,130.0,503.0,65390.0,2024-12-31
2024123101020843,GVL,21,14,50.0,480.0,24000.0,2024-12-31
2024123105011290,CLI,16,58,20.0,678.0,13560.0,2024-12-31
2024123105011289,CLI,16,72,400.0,678.0,271200.0,2024-12-31
2024123105011288,CLI,16,17,10.0,678.0,6780.0,2024-12-31
2024123105011287,CLI,16,33,100.0,678.0,67800.0,2024-12-31
2024123105011286,CLI,16,51,10.0,678.0,6780.0,2024-12-31
2024123105011285,CLI,16,44,90.0,677.9,61011.0,2024-12-31
2024123103022490,NFS,72,54,200.0,974.9,194980.0,2024-12-31
2024123101020842,RAWA,32,6,20.0,760.0,15200.0,2024-12-31
2024123103022489,NFS,72,53,100.0,974.9,97490.0,2024-12-31
2024123104014271,MEN,44,58,30.0,591.0,17730.0,2024-12-31
2024123104014270,MEN,16,58,30.0,591.0,17730.0,2024-12-31
2024123101020841,PRVU,58,56,450.0,238.9,107505.0,2024-12-31
2024123103022488,NFS,72,55,20.0,974.9,19498.0,2024-12-31
2024123105011284,ENL,46,26,10.0,1180.0,11800.0,2024-12-31
2024123104014269,AKPL,6,38,1000.0,225.0,225000.0,2024-12-31
2024123104014268,AKPL,22,38,41.0,225.0,9225.0,2024-12-31
2024123104014267,AKPL,54,38,1000.0,225.0,225000.0,2024-12-31
2024123104014266,AKPL,56,38,35.0,226.0,7910.0,2024-12-31
2024123104014265,AKPL,16,38,350.0,226.0,79100.0,2024-12-31
2024123104014264,AKPL,38,38,100.0,226.0,22600.0,2024-12-31
2024123104014263,AKPL,42,38,536.0,226.0,121136.0,2024-12-31
2024123101020840,SARBTM,36,58,17.0,706.0,12002.0,2024-12-31
2024123101020839,USHL,21,35,10.0,799.0,7990.0,2024-12-31
2024123105011283,SONA,16,35,10.0,450.0,4500.0,2024-12-31
2024123101020838,TSHL,54,57,30.0,810.1,24303.0,2024-12-31
2024123101020837,NIMB,57,57,51.0,219.9,11214.9,2024-12-31
2024123101020836,UNLB,49,57,10.0,2490.0,24900.0,2024-12-31
2024123103022487,JFL,58,88,650.0,750.1,487565.0,2024-12-31
2024123104014262,NGPL,26,4,40.0,252.4,10096.0,2024-12-31
2024123105011282,STC,84,43,50.0,5593.0,279650.0,2024-12-31
2024123105011281,STC,39,43,30.0,5593.1,167793.0,2024-12-31
2024123105011280,STC,47,43,20.0,5595.0,111900.0,2024-12-31
2024123103022486,ACLBSL,45,3,12.0,1017.0,12204.0,2024-12-31
2024123103022485,BFC,39,45,100.0,602.0,60200.0,2024-12-31
2024123101020835,PRVU,59,56,11500.0,238.9,2747350.0,2024-12-31
2024123105011279,RNLI,48,35,11.0,493.5,5428.5,2024-12-31
2024123101020834,RHGCL,42,57,25.0,519.0,12975.0,2024-12-31
2024123101020833,RHGCL,5,38,10.0,519.0,5190.0,2024-12-31
2024123103022484,RLFL,13,57,30.0,526.0,15780.0,2024-12-31
2024123103022483,GLBSL,48,58,30.0,2290.0,68700.0,2024-12-31
2024123103022482,BFC,39,48,100.0,602.0,60200.0,2024-12-31
2024123105011278,BBC,48,7,10.0,5889.0,58890.0,2024-12-31
2024123101020832,MKHC,47,29,100.0,518.9,51890.0,2024-12-31
2024123101020831,MKHC,47,33,110.0,518.9,57079.0,2024-12-31
2024123101020830,MKHC,47,49,370.0,518.9,191993.0,2024-12-31
2024123101020829,MKHC,47,42,100.0,518.9,51890.0,2024-12-31
2024123101020828,MKHC,47,75,500.0,518.9,259450.0,2024-12-31
2024123101020827,MKHC,47,16,27.0,518.8,14007.6,2024-12-31
2024123101020826,MKHC,47,45,500.0,510.0,255000.0,2024-12-31
2024123101020825,MKHC,47,57,20.0,510.0,10200.0,2024-12-31
2024123101020824,MKHC,47,35,10.0,510.0,5100.0,2024-12-31
2024123101020823,MKHC,47,98,800.0,508.0,406400.0,2024-12-31
2024123101020822,MKHC,47,74,200.0,505.0,101000.0,2024-12-31
2024123101020821,MKHC,47,58,50.0,505.0,25250.0,2024-12-31
2024123101020820,MKHC,47,19,1000.0,504.9,504900.0,2024-12-31
2024123101020819,MKHC,47,34,20.0,504.9,10098.0,2024-12-31
2024123101020818,MKHC,47,14,50.0,502.8,25140.0,2024-12-31
2024123101020817,MKHC,47,8,200.0,502.8,100560.0,2024-12-31
2024123101020816,MKHC,47,45,10.0,502.8,5028.0,2024-12-31
2024123101020815,MKHC,47,58,10.0,502.0,5020.0,2024-12-31
2024123101020814,MKHC,47,45,1500.0,501.8,752700.0,2024-12-31
2024123101020813,MKHC,47,35,1000.0,501.8,501800.0,2024-12-31
2024123101020812,MKHC,47,19,20.0,501.8,10036.0,2024-12-31
2024123101020811,MKHC,47,19,10.0,500.8,5008.0,2024-12-31
2024123101020810,MKHC,47,33,30.0,500.0,15000.0,2024-12-31
2024123101020809,MKHC,47,46,10.0,500.0,5000.0,2024-12-31
2024123101020808,MKHC,47,41,30.0,500.0,15000.0,2024-12-31
2024123101020807,MKHC,47,63,50.0,500.0,25000.0,2024-12-31
2024123101020806,MKHC,47,45,125.0,500.0,62500.0,2024-12-31
2024123101020805,HIDCLP,58,58,18.0,162.0,2916.0,2024-12-31
2024123101020804,HIDCLP,45,58,1550.0,162.0,251100.0,2024-12-31
2024123101020803,HIDCLP,94,58,500.0,162.0,81000.0,2024-12-31
2024123101020802,HIDCLP,13,58,500.0,162.0,81000.0,2024-12-31
2024123101020801,HIDCLP,44,58,2000.0,162.1,324200.0,2024-12-31
2024123101020800,NABIL,11,25,11.0,500.0,5500.0,2024-12-31
2024123105011277,SHIVM,45,21,333.0,557.0,185481.0,2024-12-31
2024123105011276,SHIVM,45,40,20.0,557.0,11140.0,2024-12-31
2024123105011275,SHIVM,45,7,20.0,557.0,11140.0,2024-12-31
2024123105011274,SHIVM,45,29,290.0,557.0,161530.0,2024-12-31
2024123105011273,SHIVM,45,45,337.0,556.9,187675.3,2024-12-31
2024123104014261,AKJCL,16,38,10.0,193.3,1933.0,2024-12-31
2024123103022481,FMDBL,42,63,80.0,726.0,58080.0,2024-12-31
2024123103022480,FMDBL,52,63,350.0,732.5,256375.0,2024-12-31
2024123103022479,FMDBL,49,63,250.0,735.0,183750.0,2024-12-31
2024123103022478,FMDBL,33,63,20.0,736.0,14720.0,2024-12-31
2024123101020799,SIKLES,63,8,10.0,806.0,8060.0,2024-12-31
2024123104014260,CHL,14,1,50.0,382.0,19100.0,2024-12-31
2024123104014259,CHL,67,1,50.0,382.1,19105.0,2024-12-31
2024123101020798,HHL,16,16,10.0,490.5,4905.0,2024-12-31
2024123105011272,SHIVM,13,35,23.0,556.0,12788.0,2024-12-31
2024123103022477,MDB,17,75,30.0,601.0,18030.0,2024-12-31
2024123104014258,SGIC,33,33,20.0,656.0,13120.0,2024-12-31
2024123103022476,NFS,19,32,10.0,975.0,9750.0,2024-12-31
2024123101020797,AHL,42,51,10.0,694.0,6940.0,2024-12-31
2024123103022475,BFC,32,55,19.0,605.0,11495.0,2024-12-31
2024123103022474,BFC,32,1,31.0,604.0,18724.0,2024-12-31
2024123103022473,BFC,32,28,50.0,603.0,30150.0,2024-12-31
2024123103022472,GMFIL,32,56,400.0,495.0,198000.0,2024-12-31
2024123101020796,MSHL,16,67,200.0,913.1,182620.0,2024-12-31
2024123101020795,MSHL,57,67,10.0,913.3,9133.0,2024-12-31
2024123101020794,MSHL,34,67,50.0,913.6,45680.0,2024-12-31
2024123101020793,MSHL,64,67,39.0,914.0,35646.0,2024-12-31
2024123104014257,LEC,54,49,500.0,196.0,98000.0,2024-12-31
2024123104014256,LEC,25,49,500.0,196.1,98050.0,2024-12-31
2024123101020792,TVCL,80,34,30.0,554.0,16620.0,2024-12-31
2024123101020791,TVCL,80,34,30.0,554.0,16620.0,2024-12-31
2024123101020790,TVCL,80,34,13.0,554.0,7202.0,2024-12-31
2024123105011271,HRL,57,55,600.0,790.0,474000.0,2024-12-31
2024123105011270,HRL,7,55,80.0,792.0,63360.0,2024-12-31
2024123101020789,RHGCL,1,4,15.0,518.3,7774.5,2024-12-31
2024123104014255,UPPER,46,48,1000.0,201.5,201500.0,2024-12-31
2024123103022471,RLFL,13,57,60.0,526.0,31560.0,2024-12-31
2024123103022470,RLFL,13,28,410.0,526.0,215660.0,2024-12-31
2024123105011269,GCIL,34,68,300.0,488.0,146400.0,2024-12-31
2024123103022469,CFCL,21,99,400.0,543.0,217200.0,2024-12-31
2024123103022468,CFCL,21,1,100.0,542.9,54290.0,2024-12-31
2024123101020788,RFPL,62,21,10.0,1015.0,10150.0,2024-12-31
2024123105011268,MEL,41,16,100.0,303.5,30350.0,2024-12-31
2024123105011267,MEL,70,16,500.0,303.5,151750.0,2024-12-31
2024123105011266,MEL,45,16,100.0,304.0,30400.0,2024-12-31
2024123104014254,CGH,74,35,200.0,890.0,178000.0,2024-12-31
2024123104014253,SSHL,48,32,480.0,221.0,106080.0,2024-12-31
2024123104014252,RADHI,14,5,15.0,331.0,4965.0,2024-12-31
2024123104014251,RADHI,51,5,50.0,331.0,16550.0,2024-12-31
2024123101020787,KDL,42,80,30.0,1070.0,32100.0,2024-12-31
2024123101020786,KDL,45,80,50.0,1070.1,53505.0,2024-12-31
2024123101020785,KDL,58,80,20.0,1072.0,21440.0,2024-12-31
2024123103022467,SLBSL,45,41,20.0,1865.0,37300.0,2024-12-31
2024123104014250,JOSHI,62,55,100.0,390.2,39020.0,2024-12-31
2024123104014249,JOSHI,26,55,50.0,391.0,19550.0,2024-12-31
2024123103022466,MNBBL,25,14,81.0,369.0,29889.0,2024-12-31
2024123103022465,MNBBL,25,58,19.0,369.0,7011.0,2024-12-31
2024123101020784,PRVU,58,38,2000.0,240.0,480000.0,2024-12-31
2024123103022464,SFCL,38,22,50.0,568.0,28400.0,2024-12-31
2024123103022463,NFS,72,45,400.0,974.9,389960.0,2024-12-31
2024123101020783,RFPL,62,52,3000.0,1015.0,3045000.0,2024-12-31
2024123101020782,RFPL,62,37,200.0,1015.0,203000.0,2024-12-31
2024123101020781,RFPL,62,48,50.0,1015.0,50750.0,2024-12-31
2024123101020780,RFPL,62,45,10.0,1015.0,10150.0,2024-12-31
2024123101020779,RFPL,62,50,10.0,1015.0,10150.0,2024-12-31
2024123101020778,RFPL,62,42,10.0,1015.0,10150.0,2024-12-31
2024123101020777,RFPL,62,21,10.0,1014.9,10149.0,2024-12-31
2024123101020776,RFPL,62,22,10.0,1014.9,10149.0,2024-12-31
2024123101020775,RFPL,62,55,500.0,1014.0,507000.0,2024-12-31
2024123101020774,RFPL,62,58,10.0,1014.0,10140.0,2024-12-31
2024123101020773,RFPL,62,11,10.0,1014.0,10140.0,2024-12-31
2024123101020772,RFPL,62,8,500.0,1014.0,507000.0,2024-12-31
2024123101020771,RFPL,62,25,10.0,1012.0,10120.0,2024-12-31
2024123101020770,RFPL,62,10,10.0,1012.0,10120.0,2024-12-31
2024123101020769,RFPL,62,45,500.0,1010.8,505400.0,2024-12-31
2024123101020768,USHEC,60,57,10.0,580.0,5800.0,2024-12-31
2024123105011265,CIT,52,81,20.0,2092.0,41840.0,2024-12-31
2024123104014248,JOSHI,52,49,37.0,395.0,14615.0,2024-12-31
2024123104014247,JOSHI,18,49,10.0,395.0,3950.0,2024-12-31
2024123101020767,MCHL,56,58,700.0,585.0,409500.0,2024-12-31
2024123104014246,HPPL,21,52,10.0,391.0,3910.0,2024-12-31
2024123104014245,SHPC,5,45,20.0,447.0,8940.0,2024-12-31
2024123101020766,NICA,77,45,500.0,385.0,192500.0,2024-12-31
2024123103022462,SHINE,32,11,460.0,413.0,189980.0,2024-12-31
2024123103022461,SHINE,52,11,10.0,413.0,4130.0,2024-12-31
2024123103022460,SHINE,19,11,20.0,413.0,8260.0,2024-12-31
2024123103022459,SHINE,7,11,10.0,413.0,4130.0,2024-12-31
2024123104014244,HURJA,14,7,50.0,220.5,11025.0,2024-12-31
2024123103022458,NMFBS,33,50,40.0,1240.0,49600.0,2024-12-31
2024123104014243,API,45,36,30.0,253.0,7590.0,2024-12-31
2024123105011264,MEL,55,49,10.0,308.0,3080.0,2024-12-31
2024123105011263,MEL,55,6,90.0,307.0,27630.0,2024-12-31
2024123101020765,HHL,22,16,10.0,490.5,4905.0,2024-12-31
2024123101020764,NWCL,58,90,10.0,930.0,9300.0,2024-12-31
2024123105011262,SHIVM,13,45,298.0,556.0,165688.0,2024-12-31
2024123105011261,SHIVM,57,45,25.0,556.0,13900.0,2024-12-31
2024123105011260,SHIVM,16,45,591.0,556.0,328596.0,2024-12-31
2024123105011259,SHIVM,29,45,86.0,556.1,47824.6,2024-12-31
2024123103022457,MDB,17,1,50.0,601.0,30050.0,2024-12-31
2024123105011258,NRIC,6,1,56.0,755.0,42280.0,2024-12-31
2024123105011257,NRIC,6,6,200.0,755.0,151000.0,2024-12-31
2024123105011256,NRIC,6,6,150.0,754.0,113100.0,2024-12-31
2024123105011255,NRIC,6,6,80.0,750.0,60000.0,2024-12-31
2024123105011254,NRIC,6,45,400.0,746.0,298400.0,2024-12-31
2024123105011253,NRIC,6,49,51.0,746.0,38046.0,2024-12-31
2024123105011252,NRIC,6,55,37.0,744.6,27550.2,2024-12-31
2024123105011251,NRIC,6,8,200.0,744.0,148800.0,2024-12-31
2024123105011250,NRIC,6,5,100.0,743.0,74300.0,2024-12-31
2024123105011249,NRIC,6,58,26.0,743.0,19318.0,2024-12-31
2024123105011248,NRIC,6,8,467.0,743.0,346981.0,2024-12-31
2024123105011247,NRIC,6,22,100.0,742.0,74200.0,2024-12-31
2024123105011246,NRIC,6,16,20.0,742.0,14840.0,2024-12-31
2024123104014242,AKJCL,42,25,43.0,194.0,8342.0,2024-12-31
2024123104014241,AKJCL,42,58,57.0,194.0,11058.0,2024-12-31
2024123101020763,PRVU,42,38,500.0,240.0,120000.0,2024-12-31
2024123101020762,SRLI,39,17,50.0,419.9,20995.0,2024-12-31
2024123105011245,SHIVM,29,39,114.0,556.1,63395.4,2024-12-31
2024123101020761,SNLI,44,57,12.0,612.0,7344.0,2024-12-31
2024123103022456,MLBSL,57,18,9.0,2500.0,22500.0,2024-12-31
2024123103022455,MLBSL,57,59,100.0,2500.0,250000.0,2024-12-31
2024123103022454,MLBSL,57,22,21.0,2500.0,52500.0,2024-12-31
2024123103022453,MLBSL,57,8,10.0,2500.0,25000.0,2024-12-31
2024123103022452,MLBSL,57,43,60.0,2500.0,150000.0,2024-12-31
2024123103022451,GFCL,36,57,18.0,764.0,13752.0,2024-12-31
2024123103022450,GFCL,39,57,32.0,764.0,24448.0,2024-12-31
2024123105011244,CHDC,50,96,500.0,1570.0,785000.0,2024-12-31
2024123105011243,CHDC,21,96,500.0,1571.0,785500.0,2024-12-31
2024123104014240,UPCL,51,89,340.0,262.0,89080.0,2024-12-31
2024123104014239,CGH,74,50,205.0,890.0,182450.0,2024-12-31
2024123103022449,GLBSL,55,58,100.0,2290.0,229000.0,2024-12-31
2024123103022448,MPFL,47,32,100.0,620.0,62000.0,2024-12-31
2024123103022447,FOWAD,46,58,10.0,1250.0,12500.0,2024-12-31
2024123103022446,FOWAD,46,34,20.0,1249.0,24980.0,2024-12-31
2024123104014238,GLH,58,32,180.0,233.9,42102.0,2024-12-31
2024123101020760,SRLI,58,17,10.0,419.9,4199.0,2024-12-31
2024123101020759,MLBS,13,57,10.0,2050.0,20500.0,2024-12-31
2024123103022445,GMFIL,6,56,10.0,495.0,4950.0,2024-12-31
2024123104014237,LEC,54,39,15.0,196.0,2940.0,2024-12-31
2024123104014236,LEC,42,39,35.0,196.0,6860.0,2024-12-31
2024123103022444,PFL,39,22,245.0,519.3,127228.5,2024-12-31
2024123103022443,PFL,39,45,755.0,519.3,392071.5,2024-12-31
2024123105011242,HRL,42,90,15.0,792.5,11887.5,2024-12-31
2024123105011241,HRL,42,19,15.0,792.5,11887.5,2024-12-31
2024123103022442,NICLBSL,32,44,10.0,656.0,6560.0,2024-12-31
2024123103022441,ACLBSL,32,3,10.0,1017.0,10170.0,2024-12-31
2024123101020758,DORDI,19,22,10.0,498.0,4980.0,2024-12-31
2024123104014235,GHL,22,43,585.0,199.0,116415.0,2024-12-31
2024123101020757,MAKAR,52,58,40.0,584.0,23360.0,2024-12-31
2024123103022440,SKBBL,45,40,70.0,924.0,64680.0,2024-12-31
2024123103022439,SLBSL,45,66,30.0,1865.0,55950.0,2024-12-31
2024123103022438,CFCL,16,52,10.0,541.0,5410.0,2024-12-31
2024123103022437,NLIC,38,19,13.0,763.5,9925.5,2024-12-31
2024123101020756,TAMOR,58,21,58.0,481.0,27898.0,2024-12-31
2024123105011240,GIBF1,17,46,400.0,9.99,3996.0,2024-12-31
2024123103022436,CORBL,72,75,10.0,1240.0,12400.0,2024-12-31
2024123103022435,CORBL,34,75,10.0,1298.5,12985.0,2024-12-31
2024123103022434,PFL,33,45,50.0,519.3,25965.0,2024-12-31
2024123101020755,NMB,14,19,1800.0,245.4,441720.0,2024-12-31
2024123103022433,SKBBL,52,42,20.0,923.9,18478.0,2024-12-31
2024123103022432,SKBBL,8,42,28.0,923.9,25869.2,2024-12-31
2024123101020754,JBLB,58,42,27.0,1395.0,37665.0,2024-12-31
2024123101020753,JBLB,35,42,23.0,1395.0,32085.0,2024-12-31
2024123101020752,SMHL,32,14,10.0,1170.0,11700.0,2024-12-31
2024123105011239,HRL,7,35,10.0,791.0,7910.0,2024-12-31
2024123105011238,HRL,7,50,10.0,791.0,7910.0,2024-12-31
2024123103022431,JFL,72,88,15.0,750.1,11251.5,2024-12-31
2024123103022430,NICLBSL,25,44,150.0,653.0,97950.0,2024-12-31
2024123105011237,NRN,91,77,65.0,1018.0,66170.0,2024-12-31
2024123105011236,NRN,91,37,35.0,1018.0,35630.0,2024-12-31
2024123103022429,SFCL,38,14,50.0,568.0,28400.0,2024-12-31
2024123104014234,UMHL,21,71,270.0,315.0,85050.0,2024-12-31
2024123104014233,UMHL,58,71,10.0,315.0,3150.0,2024-12-31
2024123104014232,UMHL,14,71,1000.0,315.0,315000.0,2024-12-31
2024123101020751,TVCL,74,60,49.0,553.0,27097.0,2024-12-31
2024123101020750,TVCL,74,60,251.0,553.1,138828.1,2024-12-31
2024123103022428,GFCL,39,13,88.0,764.0,67232.0,2024-12-31
2024123101020749,TVCL,74,34,17.0,554.0,9418.0,2024-12-31
2024123101020748,TVCL,74,44,483.0,554.0,267582.0,2024-12-31
2024123103022427,GMFBS,74,57,10.0,1783.0,17830.0,2024-12-31
2024123105011235,SHIVM,16,16,100.0,556.0,55600.0,2024-12-31
2024123103022426,SWBBL,54,22,85.0,874.9,74366.5,2024-12-31
2024123103022425,SWBBL,54,35,84.0,874.8,73483.2,2024-12-31
2024123103022424,SWBBL,54,49,221.0,874.7,193308.7,2024-12-31
2024123103022423,SWBBL,54,21,410.0,872.0,357520.0,2024-12-31
2024123105011234,NRN,57,36,1000.0,1017.5,1017500.0,2024-12-31
2024123101020747,SGHC,11,49,10.0,443.9,4439.0,2024-12-31
2024123103022422,MLBL,50,44,154.0,362.0,55748.0,2024-12-31
2024123103022421,MLBL,19,44,96.0,362.0,34752.0,2024-12-31
2024123105011233,HRL,57,48,226.0,790.0,178540.0,2024-12-31
2024123105011232,HRL,35,48,100.0,790.0,79000.0,2024-12-31
2024123105011231,HRL,22,48,13.0,790.0,10270.0,2024-12-31
2024123105011230,HRL,57,48,1000.0,790.0,790000.0,2024-12-31
2024123105011229,HRL,42,48,55.0,790.0,43450.0,2024-12-31
2024123105011228,HRL,14,48,30.0,790.0,23700.0,2024-12-31
2024123104014231,RIDI,41,43,50.0,219.5,10975.0,2024-12-31
2024123104014230,RIDI,41,6,50.0,219.5,10975.0,2024-12-31
2024123101020746,ULBSL,62,41,30.0,3930.0,117900.0,2024-12-31
2024123101020745,TVCL,74,48,19.0,553.1,10508.9,2024-12-31
2024123101020744,TVCL,45,48,31.0,553.1,17146.1,2024-12-31
2024123103022420,NADEP,66,44,30.0,965.9,28977.0,2024-12-31
2024123103022419,NADEP,66,53,200.0,965.9,193180.0,2024-12-31
2024123103022418,NADEP,66,38,15.0,965.9,14488.5,2024-12-31
2024123103022417,NADEP,66,19,20.0,965.9,19318.0,2024-12-31
2024123103022416,NADEP,66,3,100.0,965.0,96500.0,2024-12-31
2024123103022415,NADEP,66,34,30.0,965.0,28950.0,2024-12-31
2024123103022414,NADEP,66,28,90.0,943.5,84915.0,2024-12-31
2024123103022413,NADEP,66,1,10.0,943.5,9435.0,2024-12-31
2024123103022412,NADEP,66,50,50.0,943.5,47175.0,2024-12-31
2024123103022411,NADEP,66,50,50.0,943.0,47150.0,2024-12-31
2024123103022410,NADEP,66,68,300.0,927.0,278100.0,2024-12-31
2024123103022409,NADEP,66,1,100.0,925.0,92500.0,2024-12-31
2024123103022408,NADEP,66,33,87.0,924.9,80466.3,2024-12-31
2024123103022407,NADEP,66,55,30.0,924.0,27720.0,2024-12-31
2024123103022406,NADEP,66,34,40.0,920.0,36800.0,2024-12-31
2024123103022405,NADEP,66,4,30.0,918.0,27540.0,2024-12-31
2024123104014229,PPCL,45,42,50.0,275.0,13750.0,2024-12-31
2024123104014228,UNHPL,52,45,10.0,267.0,2670.0,2024-12-31
2024123103022404,SLBSL,55,28,10.0,1862.0,18620.0,2024-12-31
2024123103022403,MSLB,38,53,65.0,1515.1,98481.5,2024-12-31
2024123103022402,MSLB,13,53,200.0,1516.0,303200.0,2024-12-31
2024123103022401,MSLB,49,53,10.0,1525.0,15250.0,2024-12-31
2024123103022400,NFS,72,96,500.0,974.9,487450.0,2024-12-31
2024123103022399,NFS,7,32,50.0,975.0,48750.0,2024-12-31
2024123103022398,GBBL,7,32,30.0,386.9,11607.0,2024-12-31
2024123103022397,MERO,59,44,50.0,738.0,36900.0,2024-12-31
2024123103022396,FMDBL,52,47,50.0,732.5,36625.0,2024-12-31
2024123103022395,FMDBL,42,47,300.0,732.6,219780.0,2024-12-31
2024123103022394,FMDBL,52,47,150.0,733.0,109950.0,2024-12-31
2024123103022393,FMDBL,48,47,10.0,735.0,7350.0,2024-12-31
2024123103022392,FMDBL,46,47,100.0,735.0,73500.0,2024-12-31
2024123103022391,FMDBL,45,47,90.0,735.0,66150.0,2024-12-31
2024123105011227,SMJC,41,5,20.0,507.0,10140.0,2024-12-31
2024123105011226,SMJC,41,22,10.0,506.0,5060.0,2024-12-31
2024123105011225,SMJC,41,34,10.0,506.0,5060.0,2024-12-31
2024123105011224,SMJC,41,48,10.0,505.0,5050.0,2024-12-31
2024123105011223,SMJC,41,42,10.0,505.0,5050.0,2024-12-31
2024123105011222,SMJC,41,58,10.0,503.0,5030.0,2024-12-31
2024123105011221,SMJC,41,35,10.0,503.0,5030.0,2024-12-31
2024123105011220,SMJC,41,14,10.0,503.0,5030.0,2024-12-31
2024123105011219,SMJC,41,33,20.0,503.0,10060.0,2024-12-31
2024123105011218,SMJC,41,32,10.0,503.0,5030.0,2024-12-31
2024123105011217,SMJC,41,68,20.0,503.0,10060.0,2024-12-31
2024123105011216,HATHY,94,25,66.0,1308.1,86334.6,2024-12-31
2024123101020743,NYADI,4,57,500.0,418.9,209450.0,2024-12-31
2024123103022390,NICLBSL,25,22,150.0,653.0,97950.0,2024-12-31
2024123101020742,PCBL,14,42,877.0,257.7,226002.9,2024-12-31
2024123101020741,PCBL,14,39,223.0,257.5,57422.5,2024-12-31
2024123101020740,PCBL,14,14,100.0,257.2,25720.0,2024-12-31
2024123101020739,PCBL,14,58,100.0,257.0,25700.0,2024-12-31
2024123105011215,HRL,14,58,20.0,790.0,15800.0,2024-12-31
2024123101020738,GBIME,58,8,105.0,226.0,23730.0,2024-12-31
2024123104014227,UPPER,58,48,10.0,201.5,2015.0,2024-12-31
2024123104014226,CGH,52,35,49.0,892.5,43732.5,2024-12-31
2024123104014225,HDHPC,58,67,450.0,194.5,87525.0,2024-12-31
2024123103022389,WNLB,38,53,10.0,2550.0,25500.0,2024-12-31
2024123103022388,SADBL,1,34,28.0,388.0,10864.0,2024-12-31
2024123103022387,SADBL,41,34,100.0,388.0,38800.0,2024-12-31
2024123103022386,SADBL,36,34,72.0,388.0,27936.0,2024-12-31
2024123105011214,VLUCL,6,1,150.0,632.3,94845.0,2024-12-31
2024123103022385,FMDBL,33,77,10.0,739.0,7390.0,2024-12-31
2024123103022384,NFS,72,36,10.0,974.9,9749.0,2024-12-31
2024123105011213,NMB50,8,17,148.0,10.32,1527.36,2024-12-31
2024123103022383,GFCL,39,53,10.0,764.0,7640.0,2024-12-31
2024123105011212,NRM,57,17,100.0,428.0,42800.0,2024-12-31
2024123104014224,GLH,59,45,100.0,233.5,23350.0,2024-12-31
2024123104014223,GLH,59,48,34.0,233.5,7939.0,2024-12-31
2024123101020737,PRVU,59,50,8500.0,238.9,2030650.0,2024-12-31
2024123101020736,PRVU,93,38,118.0,240.0,28320.0,2024-12-31
2024123101020735,PRVU,93,62,982.0,240.0,235680.0,2024-12-31
2024123101020734,PRVU,93,51,300.0,239.9,71970.0,2024-12-31
2024123103022382,GBBL,22,32,50.0,386.9,19345.0,2024-12-31
2024123101020733,SBL,22,64,10.0,299.8,2998.0,2024-12-31
2024123101020732,SBL,22,13,16.0,299.6,4793.6,2024-12-31
2024123101020731,SBL,22,40,74.0,299.0,22126.0,2024-12-31
2024123105011211,NTC,58,58,50.0,952.9,47645.0,2024-12-31
2024123104014222,NHPC,75,21,100.0,208.0,20800.0,2024-12-31
2024123104014221,UPPER,6,16,29.0,201.2,5834.8,2024-12-31
2024123104014220,UPPER,41,16,50.0,201.2,10060.0,2024-12-31
2024123104014219,UPPER,34,16,21.0,201.3,4227.3,2024-12-31
2024123104014218,NLG,55,17,200.0,961.0,192200.0,2024-12-31
2024123101020730,NICA,75,45,10.0,385.0,3850.0,2024-12-31
2024123101020729,SANIMA,32,11,100.0,298.0,29800.0,2024-12-31
2024123104014217,HDHPC,42,67,300.0,194.5,58350.0,2024-12-31
2024123104014216,UNHPL,48,45,40.0,267.0,10680.0,2024-12-31
2024123104014215,SSHL,48,17,140.0,221.0,30940.0,2024-12-31
2024123105011210,HDL,44,22,51.0,1357.0,69207.0,2024-12-31
2024123105011209,HDL,17,22,10.0,1357.0,13570.0,2024-12-31
2024123105011208,HDL,26,22,39.0,1357.0,52923.0,2024-12-31
2024123105011207,SMJC,22,42,10.0,501.0,5010.0,2024-12-31
2024123103022381,GFCL,14,34,50.0,767.0,38350.0,2024-12-31
2024123101020728,MBL,49,74,200.0,235.0,47000.0,2024-12-31
2024123101020727,MBL,25,74,100.0,235.0,23500.0,2024-12-31
2024123101020726,MBL,26,74,29.0,235.0,6815.0,2024-12-31
2024123101020725,MBL,41,74,40.0,235.0,9400.0,2024-12-31
2024123101020724,MBL,10,74,100.0,235.1,23510.0,2024-12-31
2024123103022380,FMDBL,63,77,45.0,739.0,33255.0,2024-12-31
2024123103022379,FMDBL,63,41,55.0,738.9,40639.5,2024-12-31
2024123103022378,FMDBL,63,34,50.0,737.0,36850.0,2024-12-31
2024123103022377,FMDBL,63,62,30.0,737.0,22110.0,2024-12-31
2024123103022376,FMDBL,63,1,20.0,736.0,14720.0,2024-12-31
2024123101020723,MBL,34,96,1000.0,236.0,236000.0,2024-12-31
2024123103022375,LBBL,69,42,10.0,464.0,4640.0,2024-12-31
2024123103022374,MFIL,43,58,25.0,630.0,15750.0,2024-12-31
2024123105011206,NTC,58,58,182.0,952.9,173427.8,2024-12-31
2024123105011205,NTC,58,42,350.0,952.9,333515.0,2024-12-31
2024123105011204,ILI,57,58,20.0,469.0,9380.0,2024-12-31
2024123103022373,PMLI,29,13,1.0,500.0,500.0,2024-12-31
2024123103022372,CBBL,35,26,50.0,855.0,42750.0,2024-12-31
2024123103022371,SHINE,17,45,475.0,413.5,196412.5,2024-12-31
2024123103022370,SHINE,17,46,17.0,413.3,7026.1,2024-12-31
2024123103022369,MLBL,19,28,104.0,362.0,37648.0,2024-12-31
2024123101020722,NWCL,54,34,10.0,933.9,9339.0,2024-12-31
2024123104014214,KKHC,41,96,469.0,342.1,160444.9,2024-12-31
2024123104014213,KKHC,58,96,200.0,342.1,68420.0,2024-12-31
2024123104014212,KKHC,55,96,30.0,342.2,10266.0,2024-12-31
2024123104014211,KKHC,21,96,50.0,342.3,17115.0,2024-12-31
2024123104014210,KKHC,56,96,50.0,345.0,17250.0,2024-12-31
2024123104014209,KKHC,34,96,50.0,345.0,17250.0,2024-12-31
2024123104014208,KKHC,25,96,100.0,345.0,34500.0,2024-12-31
2024123104014207,KKHC,25,96,21.0,345.0,7245.0,2024-12-31
2024123104014206,KKHC,80,96,30.0,346.0,10380.0,2024-12-31
2024123103022368,PFL,7,45,30.0,519.3,15579.0,2024-12-31
2024123104014205,CHCL,49,58,90.0,504.9,45441.0,2024-12-31
2024123101020721,NWCL,49,34,10.0,933.9,9339.0,2024-12-31
2024123103022367,MLBL,51,28,95.0,362.0,34390.0,2024-12-31
2024123103022366,SLBSL,36,66,20.0,1865.0,37300.0,2024-12-31
2024123101020720,HEIP,22,58,10.0,445.0,4450.0,2024-12-31
2024123101020719,DLBS,62,34,10.0,1668.0,16680.0,2024-12-31
2024123103022365,KSBBL,25,10,312.0,420.0,131040.0,2024-12-31
2024123103022364,KSBBL,38,10,36.0,420.0,15120.0,2024-12-31
2024123103022363,KSBBL,84,10,500.0,420.0,210000.0,2024-12-31
2024123103022362,KSBBL,22,10,100.0,420.0,42000.0,2024-12-31
2024123103022361,KSBBL,58,10,80.0,420.0,33600.0,2024-12-31
2024123103022360,KSBBL,53,10,42.0,421.0,17682.0,2024-12-31
2024123105011203,GCIL,34,21,400.0,488.0,195200.0,2024-12-31
2024123101020718,GVL,6,14,200.0,480.0,96000.0,2024-12-31
2024123103022359,JBBL,96,39,188.0,350.1,65818.8,2024-12-31
2024123103022358,JBBL,75,39,50.0,350.2,17510.0,2024-12-31
2024123103022357,JBBL,1,39,32.0,350.3,11209.6,2024-12-31
2024123105011202,SHIVM,16,44,309.0,556.0,171804.0,2024-12-31
2024123105011201,SHIVM,61,44,391.0,556.0,217396.0,2024-12-31
2024123103022356,NFS,72,49,15.0,974.9,14623.5,2024-12-31
2024123101020717,UNLB,38,52,10.0,2490.0,24900.0,2024-12-31
2024123103022355,JFL,34,88,500.0,750.1,375050.0,2024-12-31
2024123103022354,GUFL,19,48,100.0,630.9,63090.0,2024-12-31
2024123101020716,UHEWA,42,6,30.0,678.0,20340.0,2024-12-31
2024123105011200,NRN,42,37,60.0,1018.0,61080.0,2024-12-31
2024123105011199,NRN,42,45,90.0,1018.0,91620.0,2024-12-31
2024123101020715,HIDCLP,7,78,10.0,162.9,1629.0,2024-12-31
2024123104014204,NHPC,49,58,49.0,209.0,10241.0,2024-12-31
2024123104014203,GHL,51,43,1000.0,199.0,199000.0,2024-12-31
2024123101020714,SMH,40,80,10.0,999.0,9990.0,2024-12-31
2024123104014202,GLH,42,45,100.0,233.0,23300.0,2024-12-31
2024123104014201,GLH,58,45,80.0,233.0,18640.0,2024-12-31
2024123104014200,GLH,58,45,20.0,233.0,4660.0,2024-12-31
2024123101020713,NIMB,29,57,10.0,219.9,2199.0,2024-12-31
2024123101020712,MCHL,34,58,10.0,585.0,5850.0,2024-12-31
2024123103022353,SKBBL,34,40,100.0,924.0,92400.0,2024-12-31
2024123101020711,SRLI,52,56,10.0,419.5,4195.0,2024-12-31
2024123105011198,GCIL,34,38,18.0,488.0,8784.0,2024-12-31
2024123105011197,GCIL,34,49,11.0,488.0,5368.0,2024-12-31
2024123105011196,GCIL,34,58,11.0,488.0,5368.0,2024-12-31
2024123105011195,GCIL,34,57,11.0,488.0,5368.0,2024-12-31
2024123105011194,GCIL,34,50,15.0,487.9,7318.5,2024-12-31
2024123105011193,GCIL,34,55,192.0,487.5,93600.0,2024-12-31
2024123105011192,GCIL,34,52,11.0,486.9,5355.9,2024-12-31
2024123103022352,ALICL,58,33,50.0,704.0,35200.0,2024-12-31
2024123103022351,ALICL,58,57,30.0,704.0,21120.0,2024-12-31
2024123103022350,SAPDBL,42,29,200.0,840.0,168000.0,2024-12-31
2024123101020710,NBL,57,22,50.0,267.0,13350.0,2024-12-31
2024123101020709,BHDC,11,56,17.0,627.5,10667.5,2024-12-31
2024123101020708,BHDC,11,82,313.0,627.4,196376.2,2024-12-31
2024123103022349,GBLBS,7,58,10.0,766.0,7660.0,2024-12-31
2024123103022348,ICFC,32,50,40.0,635.0,25400.0,2024-12-31
2024123103022347,ICFC,58,50,100.0,635.0,63500.0,2024-12-31
2024123104014199,SPDL,29,36,10.0,316.8,3168.0,2024-12-31
2024123105011191,ILI,58,29,45.0,469.0,21105.0,2024-12-31
2024123105011190,ILI,58,38,55.0,469.0,25795.0,2024-12-31
2024123105011189,HDL,26,58,11.0,1357.0,14927.0,2024-12-31
2024123105011188,HDL,51,58,119.0,1357.0,161483.0,2024-12-31
2024123105011187,HDL,57,58,20.0,1358.0,27160.0,2024-12-31
2024123103022346,RSDC,66,19,99.0,675.0,66825.0,2024-12-31
2024123101020707,HHL,41,44,20.0,481.0,9620.0,2024-12-31
2024123101020706,HHL,28,44,100.0,482.5,48250.0,2024-12-31
2024123101020705,HHL,38,44,100.0,482.6,48260.0,2024-12-31
2024123101020704,HHL,57,44,60.0,486.0,29160.0,2024-12-31
2024123101020703,HHL,49,44,20.0,486.1,9722.0,2024-12-31
2024123103022345,MDB,64,1,50.0,601.0,30050.0,2024-12-31
2024123104014198,IGI,22,50,25.0,562.5,14062.5,2024-12-31
2024123104014197,DHPL,22,17,300.0,287.0,86100.0,2024-12-31
2024123104014196,DHPL,22,39,200.0,286.8,57360.0,2024-12-31
2024123105011186,MBJC,71,13,40.0,329.0,13160.0,2024-12-31
2024123104014195,NLG,65,88,456.0,970.0,442320.0,2024-12-31
2024123104014194,NLG,65,39,50.0,970.0,48500.0,2024-12-31
2024123104014193,NLG,65,13,140.0,970.0,135800.0,2024-12-31
2024123104014192,NLG,65,38,10.0,970.0,9700.0,2024-12-31
2024123104014191,NLG,65,48,150.0,970.0,145500.0,2024-12-31
2024123104014190,NLG,65,58,16.0,968.0,15488.0,2024-12-31
2024123104014189,NLG,65,10,200.0,965.5,193100.0,2024-12-31
2024123104014188,NLG,65,58,978.0,965.0,943770.0,2024-12-31
2024123103022344,PFL,38,45,100.0,519.3,51930.0,2024-12-31
2024123105011185,RNLI,48,38,24.0,493.5,11844.0,2024-12-31
2024123103022343,RLFL,21,28,10.0,526.0,5260.0,2024-12-31
2024123104014187,UPPER,34,56,30.0,201.3,6039.0,2024-12-31
2024123103022342,NFS,72,56,200.0,974.9,194980.0,2024-12-31
2024123103022341,JBBL,35,56,30.0,351.0,10530.0,2024-12-31
2024123104014186,RHPL,58,34,70.0,425.1,29757.0,2024-12-31
2024123103022340,NFS,72,33,230.0,974.9,224227.0,2024-12-31
2024123104014185,NGPL,26,32,10.0,252.4,2524.0,2024-12-31
2024123101020702,GBIME,58,8,85.0,226.0,19210.0,2024-12-31
2024123101020701,GBIME,29,8,10.0,226.0,2260.0,2024-12-31
2024123103022339,JFL,11,88,100.0,750.1,75010.0,2024-12-31
2024123103022338,MNBBL,44,58,100.0,369.0,36900.0,2024-12-31
2024123105011184,ENL,39,49,10.0,1171.0,11710.0,2024-12-31
2024123101020700,NBL,11,64,112.0,266.0,29792.0,2024-12-31
2024123101020699,NBL,49,64,50.0,266.0,13300.0,2024-12-31
2024123101020698,NBL,39,64,770.0,266.0,204820.0,2024-12-31
2024123101020697,NBL,51,64,68.0,266.1,18094.8,2024-12-31
2024123104014184,NHPC,75,48,12.0,208.0,2496.0,2024-12-31
2024123104014183,NHPC,32,48,100.0,208.0,20800.0,2024-12-31
2024123104014182,NHPC,51,48,100.0,208.0,20800.0,2024-12-31
2024123104014181,NHPC,41,48,100.0,208.0,20800.0,2024-12-31
2024123104014180,NHPC,63,48,300.0,208.0,62400.0,2024-12-31
2024123104014179,NHPC,6,48,21.0,208.0,4368.0,2024-12-31
2024123104014178,NHPC,45,48,1000.0,208.1,208100.0,2024-12-31
2024123104014177,NHPC,44,48,1001.0,208.2,208408.2,2024-12-31
2024123104014176,NHPC,91,48,300.0,208.2,62460.0,2024-12-31
2024123104014175,NHPC,49,48,15.0,208.2,3123.0,2024-12-31
2024123104014174,NHPC,25,48,300.0,208.2,62460.0,2024-12-31
2024123104014173,NHPC,58,48,200.0,208.2,41640.0,2024-12-31
2024123104014172,NHPC,58,48,35.0,208.5,7297.5,2024-12-31
2024123101020696,SBL,22,40,246.0,299.0,73554.0,2024-12-31
2024123101020695,USHL,65,14,100.0,799.0,79900.0,2024-12-31
2024123101020694,GVL,6,18,100.0,478.9,47890.0,2024-12-31
2024123103022337,LBBL,69,32,100.0,463.9,46390.0,2024-12-31
2024123103022336,NFS,72,1,50.0,974.9,48745.0,2024-12-31
2024123105011183,MBJC,71,29,10.0,329.0,3290.0,2024-12-31
2024123101020693,PRVU,58,62,18.0,240.0,4320.0,2024-12-31
2024123101020692,PRVU,58,50,136.0,240.0,32640.0,2024-12-31
2024123101020691,PRVU,58,42,101.0,239.0,24139.0,2024-12-31
2024123104014171,SHEL,58,19,60.0,230.0,13800.0,2024-12-31
2024123103022335,GFCL,21,19,10.0,764.1,7641.0,2024-12-31
2024123101020690,NYADI,59,36,100.0,418.0,41800.0,2024-12-31
2024123103022334,SJLIC,39,26,20.0,441.0,8820.0,2024-12-31
2024123103022333,SJLIC,6,26,30.0,441.0,13230.0,2024-12-31
2024123101020689,PRVU,32,42,400.0,239.0,95600.0,2024-12-31
2024123101020688,PRVU,93,42,1400.0,239.0,334600.0,2024-12-31
2024123105011182,ENL,48,26,10.0,1180.0,11800.0,2024-12-31
2024123103022332,JBBL,55,56,50.0,351.0,17550.0,2024-12-31
2024123105011181,CHDC,25,68,200.0,1579.0,315800.0,2024-12-31
2024123105011180,STC,42,34,5.0,5600.0,28000.0,2024-12-31
2024123105011179,STC,42,70,30.0,5600.0,168000.0,2024-12-31
2024123105011178,STC,36,70,10.0,5600.0,56000.0,2024-12-31
2024123103022331,JSLBB,68,41,41.0,1600.0,65600.0,2024-12-31
2024123104014170,NLG,55,38,200.0,961.0,192200.0,2024-12-31
2024123101020687,TVCL,56,44,17.0,554.0,9418.0,2024-12-31
2024123101020686,MCHL,34,58,10.0,585.0,5850.0,2024-12-31
2024123103022330,PROFL,56,39,10.0,580.3,5803.0,2024-12-31
2024123105011177,NIFRA,54,32,50.0,251.0,12550.0,2024-12-31
2024123103022329,SAPDBL,42,29,34.0,840.0,28560.0,2024-12-31
2024123103022328,SAPDBL,42,25,10.0,838.7,8387.0,2024-12-31
2024123103022327,SAPDBL,42,25,10.0,837.4,8374.0,2024-12-31
2024123103022326,SAPDBL,42,42,50.0,837.0,41850.0,2024-12-31
2024123103022325,SAPDBL,42,58,10.0,837.0,8370.0,2024-12-31
2024123103022324,SAPDBL,42,60,250.0,835.0,208750.0,2024-12-31
2024123103022323,SAPDBL,42,42,50.0,834.0,41700.0,2024-12-31
2024123103022322,SAPDBL,42,21,86.0,833.0,71638.0,2024-12-31
2024123105011176,SONA,58,57,125.0,448.5,56062.5,2024-12-31
2024123105011175,SONA,16,57,30.0,449.0,13470.0,2024-12-31
2024123105011174,SONA,7,57,15.0,450.0,6750.0,2024-12-31
2024123105011173,SONA,41,57,25.0,450.0,11250.0,2024-12-31
2024123105011172,SONA,35,57,220.0,450.0,99000.0,2024-12-31
2024123105011171,SONA,42,57,35.0,450.0,15750.0,2024-12-31
2024123105011170,SONA,57,57,100.0,451.0,45100.0,2024-12-31
2024123103022321,PFL,51,45,65.0,519.3,33754.5,2024-12-31
2024123103022320,PFL,51,21,35.0,519.3,18175.5,2024-12-31
2024123101020685,RHGCL,42,4,10.0,519.0,5190.0,2024-12-31
2024123104014169,SGIC,25,33,21.0,655.0,13755.0,2024-12-31
2024123104014168,SGIC,25,45,60.0,655.0,39300.0,2024-12-31
2024123104014167,SGIC,25,56,10.0,655.0,6550.0,2024-12-31
2024123103022319,GFCL,14,34,10.0,767.0,7670.0,2024-12-31
2024123103022318,BFC,6,21,50.0,603.0,30150.0,2024-12-31
2024123103022317,BFC,21,21,400.0,603.0,241200.0,2024-12-31
2024123101020684,MKJC,40,1,238.0,505.0,120190.0,2024-12-31
2024123101020683,MKJC,34,1,50.0,506.0,25300.0,2024-12-31
2024123101020682,MKJC,32,1,272.0,515.0,140080.0,2024-12-31
2024123103022316,JFL,56,88,200.0,750.1,150020.0,2024-12-31
2024123101020681,AVYAN,49,17,100.0,995.0,99500.0,2024-12-31
2024123103022315,NICLBSL,63,35,50.0,653.1,32655.0,2024-12-31
2024123103022314,SADBL,41,58,100.0,389.0,38900.0,2024-12-31
2024123101020680,GBIME,39,90,1000.0,226.8,226800.0,2024-12-31
2024123101020679,CITY,77,71,150.0,854.8,128220.0,2024-12-31
2024123101020678,CITY,77,4,10.0,850.0,8500.0,2024-12-31
2024123101020677,CITY,77,35,10.0,850.0,8500.0,2024-12-31
2024123101020676,CITY,77,32,10.0,848.0,8480.0,2024-12-31
2024123101020675,CITY,77,74,20.0,848.0,16960.0,2024-12-31
2024123101020674,PRVU,51,42,400.0,239.0,95600.0,2024-12-31
2024123101020673,PRVU,49,42,420.0,239.0,100380.0,2024-12-31
2024123101020672,PRVU,1,42,500.0,239.0,119500.0,2024-12-31
2024123101020671,PRVU,57,42,250.0,239.0,59750.0,2024-12-31
2024123101020670,PRVU,13,42,19.0,239.0,4541.0,2024-12-31
2024123101020669,PRVU,88,42,20.0,239.4,4788.0,2024-12-31
2024123101020668,PRVU,32,42,490.0,239.7,117453.0,2024-12-31
2024123101020667,JBLB,35,22,10.0,1395.0,13950.0,2024-12-31
2024123101020666,DOLTI,48,69,500.0,670.0,335000.0,2024-12-31
2024123104014166,HPPL,50,45,1050.0,383.1,402255.0,2024-12-31
2024123104014165,HPPL,45,45,50.0,383.1,19155.0,2024-12-31
2024123104014164,HPPL,42,45,200.0,383.3,76660.0,2024-12-31
2024123104014163,HPPL,42,45,100.0,383.5,38350.0,2024-12-31
2024123104014162,HPPL,59,45,100.0,383.7,38370.0,2024-12-31
2024123104014161,HPPL,45,45,200.0,384.2,76840.0,2024-12-31
2024123104014160,HPPL,17,45,100.0,385.0,38500.0,2024-12-31
2024123104014159,HPPL,48,45,200.0,385.0,77000.0,2024-12-31
2024123104014158,HPPL,47,45,300.0,385.0,115500.0,2024-12-31
2024123104014157,HPPL,34,45,400.0,385.0,154000.0,2024-12-31
2024123104014156,HPPL,17,45,200.0,386.0,77200.0,2024-12-31
2024123104014155,HPPL,17,45,200.0,386.0,77200.0,2024-12-31
2024123104014154,HPPL,47,45,100.0,386.0,38600.0,2024-12-31
2024123104014153,HPPL,52,45,300.0,387.0,116100.0,2024-12-31
2024123104014152,HPPL,21,45,500.0,387.0,193500.0,2024-12-31
2024123104014151,HPPL,21,52,10.0,391.0,3910.0,2024-12-31
2024123104014150,GHL,84,43,500.0,199.0,99500.0,2024-12-31
2024123104014149,GHL,1,43,50.0,199.0,9950.0,2024-12-31
2024123104014148,GHL,45,43,55.0,199.0,10945.0,2024-12-31
2024123104014147,GHL,14,43,20.0,199.0,3980.0,2024-12-31
2024123104014146,GHL,41,43,200.0,199.0,39800.0,2024-12-31
2024123104014145,GHL,6,43,500.0,199.0,99500.0,2024-12-31
2024123104014144,GHL,33,43,100.0,199.0,19900.0,2024-12-31
2024123104014143,GHL,54,43,14.0,199.0,2786.0,2024-12-31
2024123104014142,GHL,90,43,500.0,199.1,99550.0,2024-12-31
2024123104014141,GHL,48,43,1000.0,199.1,199100.0,2024-12-31
2024123104014140,GHL,49,43,100.0,199.8,19980.0,2024-12-31
2024123104014139,GHL,55,43,247.0,199.8,49350.6,2024-12-31
2024123101020665,CZBIL,56,29,985.0,219.1,215813.5,2024-12-31
2024123104014138,TRH,16,51,10.0,1052.0,10520.0,2024-12-31
2024123104014137,GHL,5,34,200.0,199.9,39980.0,2024-12-31
2024123104014136,SPDL,8,36,320.0,316.8,101376.0,2024-12-31
2024123104014135,RURU,42,32,10.0,664.0,6640.0,2024-12-31
2024123105011169,SONA,57,19,10.0,451.0,4510.0,2024-12-31
2024123103022313,MLBL,11,28,10.0,362.0,3620.0,2024-12-31
2024123103022312,NFS,72,63,20.0,974.9,19498.0,2024-12-31
2024123101020664,RFPL,62,1,10.0,1010.0,10100.0,2024-12-31
2024123104014134,SSHL,57,17,10.0,221.0,2210.0,2024-12-31
2024123105011168,SHIVM,61,48,175.0,556.0,97300.0,2024-12-31
2024123103022311,MERO,59,4,10.0,737.0,7370.0,2024-12-31
2024123103022310,SIFC,59,34,550.0,544.0,299200.0,2024-12-31
2024123101020663,SBI,44,58,10.0,428.0,4280.0,2024-12-31
2024123103022309,MLBL,57,28,20.0,362.0,7240.0,2024-12-31
2024123103022308,JFL,57,88,200.0,750.1,150020.0,2024-12-31
2024123105011167,NRM,51,17,155.0,428.0,66340.0,2024-12-31
2024123105011166,NRM,51,58,275.0,427.0,117425.0,2024-12-31
2024123105011165,NRM,51,21,70.0,426.5,29855.0,2024-12-31
2024123101020662,CYCL,62,39,67.0,1606.0,107602.0,2024-12-31
2024123101020661,CYCL,62,21,16.0,1600.0,25600.0,2024-12-31
2024123101020660,CYCL,62,6,50.0,1596.3,79815.0,2024-12-31
2024123101020659,CYCL,62,6,100.0,1592.2,159220.0,2024-12-31
2024123101020658,CYCL,62,39,47.0,1592.1,74828.7,2024-12-31
2024123101020657,CYCL,62,8,13.0,1587.0,20631.0,2024-12-31
2024123101020656,CYCL,62,42,40.0,1586.0,63440.0,2024-12-31
2024123101020655,CYCL,62,49,13.0,1586.0,20618.0,2024-12-31
2024123101020654,CYCL,62,65,20.0,1585.0,31700.0,2024-12-31
2024123101020653,CYCL,62,14,100.0,1584.0,158400.0,2024-12-31
2024123101020652,CYCL,62,48,480.0,1579.3,758064.0,2024-12-31
2024123103022307,HLI,67,57,455.0,445.0,202475.0,2024-12-31
2024123101020651,ULBSL,58,37,10.0,3985.0,39850.0,2024-12-31
2024123103022306,HLI,67,57,162.0,445.0,72090.0,2024-12-31
2024123105011164,SHIVM,32,48,100.0,556.0,55600.0,2024-12-31
2024123104014133,GLH,58,42,80.0,233.0,18640.0,2024-12-31
2024123104014132,GLH,57,42,20.0,233.0,4660.0,2024-12-31
2024123103022305,SAPDBL,42,21,25.0,833.0,20825.0,2024-12-31
2024123103022304,SAPDBL,42,22,475.0,831.0,394725.0,2024-12-31
2024123103022303,SADBL,48,11,100.0,389.8,38980.0,2024-12-31
2024123105011163,SHIVM,41,48,200.0,556.0,111200.0,2024-12-31
2024123103022302,NFS,72,37,100.0,974.9,97490.0,2024-12-31
2024123101020650,USHL,65,4,60.0,799.0,47940.0,2024-12-31
2024123101020649,USHL,65,21,10.0,799.0,7990.0,2024-12-31
2024123101020648,USHL,65,56,101.0,799.0,80699.0,2024-12-31
2024123101020647,USHL,65,21,11.0,799.0,8789.0,2024-12-31
2024123101020646,ULBSL,62,38,50.0,3930.0,196500.0,2024-12-31
2024123103022301,SIFC,41,29,440.0,540.0,237600.0,2024-12-31
2024123103022300,SIFC,19,29,50.0,541.0,27050.0,2024-12-31
2024123103022299,SIFC,34,29,10.0,542.0,5420.0,2024-12-31
2024123103022298,PMLI,58,16,10.0,510.0,5100.0,2024-12-31
2024123101020645,BHPL,33,56,56.0,835.2,46771.2,2024-12-31
2024123101020644,BHPL,49,56,1000.0,835.9,835900.0,2024-12-31
2024123101020643,BHPL,32,56,100.0,836.1,83610.0,2024-12-31
2024123101020642,BHPL,39,56,20.0,836.6,16732.0,2024-12-31
2024123101020641,BHPL,41,56,10.0,836.6,8366.0,2024-12-31
2024123101020640,BHPL,48,56,514.0,837.0,430218.0,2024-12-31
2024123101020639,BHPL,38,56,500.0,837.0,418500.0,2024-12-31
2024123103022297,PROFL,56,81,470.0,580.3,272741.0,2024-12-31
2024123103022296,PROFL,34,81,30.0,581.0,17430.0,2024-12-31
2024123104014131,RURU,17,45,18.0,666.0,11988.0,2024-12-31
2024123105011162,SHIVM,45,33,50.0,555.2,27760.0,2024-12-31
2024123101020638,NYADI,59,19,10.0,418.0,4180.0,2024-12-31
2024123103022295,RLFL,42,28,50.0,526.0,26300.0,2024-12-31
2024123104014130,AHPC,44,57,200.0,245.0,49000.0,2024-12-31
2024123101020637,SIKLES,66,44,340.0,798.4,271456.0,2024-12-31
2024123101020636,SIKLES,49,44,50.0,799.0,39950.0,2024-12-31
2024123101020635,SIKLES,89,44,10.0,800.0,8000.0,2024-12-31
2024123101020634,NIMB,57,21,14.0,219.0,3066.0,2024-12-31
