transaction,symbol,buyer,seller,quantity,rate,amount,date
2024031403013250,FMDBL,53,41,10.0,612.0,6120.0,2024-03-14
2024031403013249,NABBC,58,38,235.0,403.0,94705.0,2024-03-14
2024031403013248,NABBC,38,38,50.0,403.1,20155.0,2024-03-14
2024031403013247,NABBC,38,38,15.0,403.2,6048.0,2024-03-14
2024031403013246,CBBL,33,10,100.0,864.9,86490.0,2024-03-14
2024031403013245,CBBL,33,34,118.0,864.9,102058.2,2024-03-14
2024031401029082,HEIP,34,16,10.0,365.0,3650.0,2024-03-14
2024031403013244,CBBL,4,48,40.0,864.0,34560.0,2024-03-14
2024031404018713,HURJA,58,56,500.0,298.0,149000.0,2024-03-14
2024031403013243,NABBC,54,38,165.0,405.0,66825.0,2024-03-14
2024031401029081,RAWA,56,59,10.0,477.0,4770.0,2024-03-14
2024031405005062,NRIC,34,1,20.0,776.0,15520.0,2024-03-14
2024031403013242,GFCL,34,41,10.0,464.0,4640.0,2024-03-14
2024031401029080,GBIME,28,16,10.0,193.5,1935.0,2024-03-14
2024031403013241,HLI,44,43,149.0,419.0,62431.0,2024-03-14
2024031401029079,MSHL,50,29,10.0,625.0,6250.0,2024-03-14
2024031403013240,GUFL,71,50,10.0,750.0,7500.0,2024-03-14
2024031405005061,CIT,45,47,48.0,2152.0,103296.0,2024-03-14
2024031405005060,CIT,32,47,92.0,2152.0,197984.0,2024-03-14
2024031403013239,HLBSL,34,54,10.0,633.0,6330.0,2024-03-14
2024031404018712,UPPER,44,65,2000.0,187.9,375800.0,2024-03-14
2024031403013238,BFC,4,57,20.0,346.9,6938.0,2024-03-14
2024031401029078,HHL,19,16,10.0,327.0,3270.0,2024-03-14
2024031401029077,SMHL,26,74,10.0,478.9,4789.0,2024-03-14
2024031405005059,HRL,3,42,15.0,630.5,9457.5,2024-03-14
2024031405005058,HRL,29,42,35.0,630.5,22067.5,2024-03-14
2024031401029076,SHLB,57,53,20.0,990.0,19800.0,2024-03-14
2024031401029075,SHLB,57,48,10.0,990.0,9900.0,2024-03-14
2024031401029074,SHLB,57,64,10.0,990.0,9900.0,2024-03-14
2024031401029073,SHLB,57,58,20.0,990.0,19800.0,2024-03-14
2024031401029072,SHLB,57,17,10.0,990.0,9900.0,2024-03-14
2024031401029071,SHLB,57,17,10.0,990.0,9900.0,2024-03-14
2024031401029070,SHLB,57,49,20.0,985.0,19700.0,2024-03-14
2024031401029069,SHIVM,77,38,10.0,554.1,5541.0,2024-03-14
2024031401029068,SMHL,71,74,20.0,478.9,9578.0,2024-03-14
2024031401029067,MMKJL,71,5,10.0,429.0,4290.0,2024-03-14
2024031405005057,NRN,46,45,83.0,564.0,46812.0,2024-03-14
2024031405005056,NRN,46,94,277.0,564.0,156228.0,2024-03-14
2024031403013237,CORBL,1,39,10.0,439.0,4390.0,2024-03-14
2024031404018711,UPPER,59,65,10.0,187.9,1879.0,2024-03-14
2024031401029066,DOLTI,69,35,10.0,403.0,4030.0,2024-03-14
2024031401029065,HATHY,88,45,29.0,897.5,26027.5,2024-03-14
2024031401029064,SGHC,45,39,10.0,312.0,3120.0,2024-03-14
2024031401029063,SGHC,45,45,10.0,311.0,3110.0,2024-03-14
2024031404018710,NGPL,45,52,10.0,316.0,3160.0,2024-03-14
2024031403013236,KLBSL,37,20,10.0,917.7,9177.0,2024-03-14
2024031403013235,KLBSL,37,45,10.0,905.0,9050.0,2024-03-14
2024031403013234,KLBSL,37,33,50.0,903.0,45150.0,2024-03-14
2024031403013233,KLBSL,37,38,15.0,882.0,13230.0,2024-03-14
2024031401029062,MEL,58,13,30.0,225.5,6765.0,2024-03-14
2024031404018709,HDHPC,17,39,20.0,144.3,2886.0,2024-03-14
2024031404018708,JOSHI,21,13,10.0,338.0,3380.0,2024-03-14
2024031401029061,CLI,45,52,10.0,466.0,4660.0,2024-03-14
2024031403013232,GUFL,22,28,862.0,830.0,715460.0,2024-03-14
2024031403013231,GUFL,22,62,50.0,830.0,41500.0,2024-03-14
2024031403013230,GUFL,22,28,88.0,816.0,71808.0,2024-03-14
2024031403013229,SHINE,40,22,50.0,380.0,19000.0,2024-03-14
2024031403013228,SHINE,21,22,13.0,380.0,4940.0,2024-03-14
2024031403013227,ICFC,14,35,10.0,502.0,5020.0,2024-03-14
2024031404018707,UPPER,14,65,50.0,187.9,9395.0,2024-03-14
2024031401029060,SMHL,53,74,10.0,478.9,4789.0,2024-03-14
2024031401029059,PPL,65,57,20.0,339.9,6798.0,2024-03-14
2024031404018706,HURJA,41,21,10.0,300.0,3000.0,2024-03-14
2024031401029058,MEL,47,3,100.0,225.4,22540.0,2024-03-14
2024031401029057,SPC,41,38,10.0,570.0,5700.0,2024-03-14
2024031401029056,MMKJL,1,3,10.0,427.3,4273.0,2024-03-14
2024031401029055,MAKAR,11,81,10.0,390.0,3900.0,2024-03-14
2024031401029054,CKHL,70,58,30.0,611.0,18330.0,2024-03-14
2024031401029053,CKHL,70,16,70.0,611.0,42770.0,2024-03-14
2024031401029052,RFPL,17,38,23.0,377.2,8675.6,2024-03-14
2024031401029051,RFPL,17,38,500.0,377.3,188650.0,2024-03-14
2024031401029050,RFPL,54,38,50.0,377.5,18875.0,2024-03-14
2024031401029049,RFPL,17,38,50.0,377.5,18875.0,2024-03-14
2024031401029048,RFPL,10,38,500.0,377.5,188750.0,2024-03-14
2024031401029047,RFPL,17,38,10.0,377.5,3775.0,2024-03-14
2024031401029046,RFPL,17,38,67.0,377.6,25299.2,2024-03-14
2024031401029045,MKLB,32,57,10.0,789.9,7899.0,2024-03-14
2024031401029044,SHIVM,26,38,10.0,554.2,5542.0,2024-03-14
2024031401029043,VLUCL,50,46,10.0,534.7,5347.0,2024-03-14
2024031401029042,PCBL,44,45,10.0,198.1,1981.0,2024-03-14
2024031401029041,GVL,44,44,10.0,443.5,4435.0,2024-03-14
2024031403013226,SJLIC,4,19,96.0,515.9,49526.4,2024-03-14
2024031403013225,SJLIC,4,38,404.0,515.9,208423.6,2024-03-14
2024031401029040,NWCL,42,58,10.0,770.0,7700.0,2024-03-14
2024031401029039,NWCL,42,51,10.0,769.0,7690.0,2024-03-14
2024031401029038,NWCL,42,58,10.0,768.0,7680.0,2024-03-14
2024031401029037,NWCL,42,34,10.0,767.0,7670.0,2024-03-14
2024031404018705,AKPL,33,57,600.0,186.2,111720.0,2024-03-14
2024031403013224,NICLBSL,17,42,90.0,573.0,51570.0,2024-03-14
2024031403013223,NICLBSL,4,42,100.0,573.0,57300.0,2024-03-14
2024031403013222,NICLBSL,17,42,100.0,573.0,57300.0,2024-03-14
2024031403013221,NICLBSL,58,42,100.0,574.2,57420.0,2024-03-14
2024031403013220,NICLBSL,42,42,20.0,574.5,11490.0,2024-03-14
2024031403013219,NICLBSL,34,42,50.0,575.0,28750.0,2024-03-14
2024031403013218,NICLBSL,26,42,100.0,575.0,57500.0,2024-03-14
2024031403013217,NICLBSL,20,42,100.0,575.7,57570.0,2024-03-14
2024031403013216,NICLBSL,57,42,10.0,575.7,5757.0,2024-03-14
2024031403013215,NICLBSL,33,42,30.0,576.0,17280.0,2024-03-14
2024031403013214,NICLBSL,70,42,100.0,576.0,57600.0,2024-03-14
2024031401029036,TVCL,14,57,50.0,523.0,26150.0,2024-03-14
2024031401029035,TVCL,41,57,10.0,525.0,5250.0,2024-03-14
2024031401029034,CLI,77,14,20.0,468.0,9360.0,2024-03-14
2024031401029033,CLI,77,70,70.0,468.0,32760.0,2024-03-14
2024031401029032,CLI,77,38,10.0,466.1,4661.0,2024-03-14
2024031401029031,GVL,7,44,10.0,443.5,4435.0,2024-03-14
2024031401029030,MHCL,34,34,10.0,451.1,4511.0,2024-03-14
2024031403013213,SHINE,7,58,10.0,381.9,3819.0,2024-03-14
2024031403013212,GUFL,71,28,12.0,816.0,9792.0,2024-03-14
2024031403013211,GUFL,71,52,88.0,810.0,71280.0,2024-03-14
2024031401029029,IHL,6,34,67.0,377.7,25305.9,2024-03-14
2024031401029028,IHL,6,3,100.0,377.7,37770.0,2024-03-14
2024031401029027,IHL,6,35,10.0,377.0,3770.0,2024-03-14
2024031401029026,IHL,6,35,10.0,377.0,3770.0,2024-03-14
2024031401029025,IHL,6,50,10.0,377.0,3770.0,2024-03-14
2024031401029024,IHL,6,35,10.0,377.0,3770.0,2024-03-14
2024031401029023,IHL,6,56,40.0,376.0,15040.0,2024-03-14
2024031401029022,IHL,6,56,50.0,375.0,18750.0,2024-03-14
2024031401029021,IHL,6,56,13.0,373.6,4856.8,2024-03-14
2024031401029020,IHL,6,61,500.0,373.0,186500.0,2024-03-14
2024031401029019,IHL,6,14,190.0,372.0,70680.0,2024-03-14
2024031403013210,GRDBL,57,49,10.0,367.1,3671.0,2024-03-14
2024031403013209,NLIC,49,35,10.0,616.0,6160.0,2024-03-14
2024031401029018,CYCL,74,77,20.0,1379.0,27580.0,2024-03-14
2024031405005055,HIDCL,8,45,80.0,179.0,14320.0,2024-03-14
2024031405005054,HIDCL,45,45,20.0,179.5,3590.0,2024-03-14
2024031404018704,API,46,45,32.0,188.3,6025.6,2024-03-14
2024031401029017,NYADI,37,58,500.0,297.0,148500.0,2024-03-14
2024031401029016,ULHC,58,45,40.0,330.9,13236.0,2024-03-14
2024031401029015,ULHC,58,34,10.0,330.0,3300.0,2024-03-14
2024031401029014,ULHC,58,14,10.0,330.0,3300.0,2024-03-14
2024031401029013,ULHC,58,43,10.0,330.0,3300.0,2024-03-14
2024031401029012,ULHC,58,25,10.0,330.0,3300.0,2024-03-14
2024031401029011,ULHC,58,49,10.0,330.0,3300.0,2024-03-14
2024031401029010,ULHC,58,51,10.0,329.9,3299.0,2024-03-14
2024031401029009,ULHC,58,49,130.0,329.0,42770.0,2024-03-14
2024031401029008,ULHC,58,62,70.0,328.9,23023.0,2024-03-14
2024031401029007,MEHL,58,18,10.0,297.8,2978.0,2024-03-14
2024031401029006,SNLI,58,3,25.0,615.1,15377.5,2024-03-14
2024031403013208,SINDU,50,52,20.0,345.0,6900.0,2024-03-14
2024031401029005,HIDCLP,17,17,2786.0,102.7,286122.2,2024-03-14
2024031401029004,HIDCLP,57,17,160.0,102.7,16432.0,2024-03-14
2024031401029003,HIDCLP,49,17,20.0,102.8,2056.0,2024-03-14
2024031401029002,HIDCLP,58,17,100.0,102.8,10280.0,2024-03-14
2024031401029001,HIDCLP,10,17,100.0,102.8,10280.0,2024-03-14
2024031401029000,HIDCLP,58,17,13.0,103.0,1339.0,2024-03-14
2024031401028999,HIDCLP,26,17,321.0,103.0,33063.0,2024-03-14
2024031401028998,PHCL,58,50,90.0,322.2,28998.0,2024-03-14
2024031401028997,PHCL,58,58,10.0,322.0,3220.0,2024-03-14
2024031404018703,TRH,17,28,10.0,800.0,8000.0,2024-03-14
2024031401028996,SAMAJ,17,57,20.0,2098.0,41960.0,2024-03-14
2024031404018702,UPPER,29,65,165.0,187.9,31003.5,2024-03-14
2024031401028995,GCIL,3,33,1000.0,557.0,557000.0,2024-03-14
2024031404018701,SHPC,3,36,100.0,344.8,34480.0,2024-03-14
2024031404018700,LEC,11,39,10.0,193.0,1930.0,2024-03-14
2024031403013207,GUFL,41,52,412.0,810.0,333720.0,2024-03-14
2024031403013206,GUFL,41,32,400.0,800.0,320000.0,2024-03-14
2024031403013205,GUFL,41,14,300.0,780.3,234090.0,2024-03-14
2024031403013204,GUFL,41,57,10.0,780.3,7803.0,2024-03-14
2024031403013203,GUFL,41,57,50.0,780.3,39015.0,2024-03-14
2024031403013202,GUFL,41,45,100.0,780.3,78030.0,2024-03-14
2024031403013201,GUFL,41,21,50.0,780.3,39015.0,2024-03-14
2024031403013200,GUFL,41,64,600.0,780.3,468180.0,2024-03-14
2024031403013199,GUFL,41,55,100.0,780.3,78030.0,2024-03-14
2024031403013198,GUFL,41,28,2000.0,780.3,1560600.0,2024-03-14
2024031403013197,GUFL,41,36,10.0,780.3,7803.0,2024-03-14
2024031403013196,GUFL,41,21,50.0,780.3,39015.0,2024-03-14
2024031403013195,GUFL,41,51,10.0,780.3,7803.0,2024-03-14
2024031403013194,GUFL,41,33,500.0,780.3,390150.0,2024-03-14
2024031403013193,GUFL,41,48,10.0,780.3,7803.0,2024-03-14
2024031403013192,GUFL,41,3,770.0,780.3,600831.0,2024-03-14
2024031403013191,GUFL,41,38,100.0,780.3,78030.0,2024-03-14
2024031403013190,GUFL,41,39,835.0,780.3,651550.5,2024-03-14
2024031403013189,GUFL,41,36,1000.0,780.3,780300.0,2024-03-14
2024031403013188,GUFL,41,34,10.0,780.3,7803.0,2024-03-14
2024031403013187,GUFL,41,16,11.0,780.2,8582.2,2024-03-14
2024031403013186,GUFL,41,28,2000.0,780.2,1560400.0,2024-03-14
2024031403013185,GUFL,41,48,200.0,780.0,156000.0,2024-03-14
2024031403013184,GUFL,41,50,800.0,780.0,624000.0,2024-03-14
2024031403013183,GUFL,41,52,50.0,780.0,39000.0,2024-03-14
2024031403013182,GUFL,41,58,100.0,780.0,78000.0,2024-03-14
2024031403013181,GUFL,41,26,40.0,780.0,31200.0,2024-03-14
2024031403013180,GUFL,41,40,575.0,780.0,448500.0,2024-03-14
2024031403013179,GUFL,41,45,200.0,780.0,156000.0,2024-03-14
2024031403013178,GUFL,41,26,50.0,780.0,39000.0,2024-03-14
2024031403013177,GUFL,41,38,10.0,780.0,7800.0,2024-03-14
2024031403013176,GUFL,41,20,500.0,780.0,390000.0,2024-03-14
2024031403013175,GUFL,41,39,100.0,780.0,78000.0,2024-03-14
2024031403013174,GUFL,41,21,10.0,780.0,7800.0,2024-03-14
2024031403013173,GUFL,41,20,500.0,780.0,390000.0,2024-03-14
2024031403013172,GUFL,41,49,30.0,780.0,23400.0,2024-03-14
2024031403013171,GUFL,41,32,500.0,780.0,390000.0,2024-03-14
2024031403013170,GUFL,41,14,200.0,780.0,156000.0,2024-03-14
2024031403013169,GUFL,41,51,100.0,779.2,77920.0,2024-03-14
2024031403013168,GUFL,41,58,200.0,779.2,155840.0,2024-03-14
2024031403013167,GUFL,41,42,10.0,779.2,7792.0,2024-03-14
2024031403013166,GUFL,41,35,50.0,779.0,38950.0,2024-03-14
2024031403013165,GUFL,41,6,50.0,779.0,38950.0,2024-03-14
2024031403013164,GUFL,41,32,100.0,779.0,77900.0,2024-03-14
2024031403013163,GUFL,41,58,50.0,779.0,38950.0,2024-03-14
2024031403013162,GUFL,41,44,20.0,779.0,15580.0,2024-03-14
2024031403013161,GUFL,41,33,1000.0,779.0,779000.0,2024-03-14
2024031403013160,GUFL,41,58,10.0,779.0,7790.0,2024-03-14
2024031403013159,GUFL,41,20,500.0,779.0,389500.0,2024-03-14
2024031403013158,GUFL,41,41,500.0,778.4,389200.0,2024-03-14
2024031403013157,GUFL,41,7,200.0,778.0,155600.0,2024-03-14
2024031403013156,GUFL,41,50,200.0,778.0,155600.0,2024-03-14
2024031403013155,GUFL,41,58,86.0,778.0,66908.0,2024-03-14
2024031403013154,GUFL,41,49,1000.0,777.0,777000.0,2024-03-14
2024031403013153,GUFL,41,6,50.0,777.0,38850.0,2024-03-14
2024031403013152,GUFL,41,44,209.0,777.0,162393.0,2024-03-14
2024031403013151,GUFL,41,36,800.0,777.0,621600.0,2024-03-14
2024031403013150,GUFL,41,20,100.0,777.0,77700.0,2024-03-14
2024031403013149,GUFL,41,38,15.0,777.0,11655.0,2024-03-14
2024031403013148,GUFL,41,53,200.0,776.3,155260.0,2024-03-14
2024031403013147,GUFL,41,52,30.0,776.3,23289.0,2024-03-14
2024031403013146,GUFL,41,38,10.0,776.3,7763.0,2024-03-14
2024031403013145,GUFL,41,57,20.0,776.3,15526.0,2024-03-14
2024031403013144,GUFL,41,34,500.0,776.2,388100.0,2024-03-14
2024031403013143,GUFL,41,34,2500.0,776.2,1940500.0,2024-03-14
2024031403013142,GUFL,41,34,200.0,776.0,155200.0,2024-03-14
2024031403013141,GUFL,41,19,10.0,776.0,7760.0,2024-03-14
2024031403013140,GUFL,41,14,100.0,776.0,77600.0,2024-03-14
2024031403013139,GUFL,41,32,200.0,776.0,155200.0,2024-03-14
2024031403013138,GUFL,41,55,40.0,776.0,31040.0,2024-03-14
2024031403013137,GUFL,41,48,200.0,776.0,155200.0,2024-03-14
2024031403013136,GUFL,41,46,100.0,776.0,77600.0,2024-03-14
2024031403013135,GUFL,41,58,50.0,775.2,38760.0,2024-03-14
2024031403013134,GUFL,41,45,100.0,775.2,77520.0,2024-03-14
2024031403013133,GUFL,41,34,100.0,775.2,77520.0,2024-03-14
2024031403013132,GUFL,41,3,440.0,775.2,341088.0,2024-03-14
2024031403013131,GUFL,41,3,500.0,775.2,387600.0,2024-03-14
2024031403013130,GUFL,41,49,10.0,775.0,7750.0,2024-03-14
2024031403013129,GUFL,41,41,50.0,775.0,38750.0,2024-03-14
2024031403013128,GUFL,41,48,100.0,775.0,77500.0,2024-03-14
2024031403013127,GUFL,41,51,200.0,775.0,155000.0,2024-03-14
2024031403013126,GUFL,41,25,50.0,775.0,38750.0,2024-03-14
2024031403013125,GUFL,41,58,20.0,775.0,15500.0,2024-03-14
2024031403013124,GUFL,41,50,25.0,775.0,19375.0,2024-03-14
2024031403013123,GUFL,41,32,527.0,775.0,408425.0,2024-03-14
2024031403013122,GUFL,41,35,101.0,775.0,78275.0,2024-03-14
2024031403013121,GUFL,41,14,10.0,775.0,7750.0,2024-03-14
2024031403013120,GUFL,41,56,50.0,775.0,38750.0,2024-03-14
2024031403013119,GUFL,41,76,20.0,775.0,15500.0,2024-03-14
2024031403013118,GUFL,41,21,25.0,775.0,19375.0,2024-03-14
2024031403013117,GUFL,41,45,50.0,775.0,38750.0,2024-03-14
2024031403013116,GUFL,41,26,272.0,775.0,210800.0,2024-03-14
2024031403013115,GUFL,41,54,50.0,774.1,38705.0,2024-03-14
2024031403013114,GUFL,41,6,250.0,774.1,193525.0,2024-03-14
2024031403013113,GUFL,41,34,75.0,774.0,58050.0,2024-03-14
2024031403013112,GUFL,41,49,50.0,774.0,38700.0,2024-03-14
2024031403013111,GUFL,41,17,500.0,774.0,387000.0,2024-03-14
2024031403013110,GUFL,41,38,50.0,773.7,38685.0,2024-03-14
2024031403013109,GUFL,41,51,1000.0,772.0,772000.0,2024-03-14
2024031403013108,GUFL,41,35,100.0,770.2,77020.0,2024-03-14
2024031403013107,GUFL,41,58,325.0,770.0,250250.0,2024-03-14
2024031403013106,GUFL,41,26,50.0,770.0,38500.0,2024-03-14
2024031403013105,GUFL,41,29,30.0,770.0,23100.0,2024-03-14
2024031403013104,GUFL,41,41,155.0,770.0,119350.0,2024-03-14
2024031403013103,GUFL,41,57,630.0,770.0,485100.0,2024-03-14
2024031403013102,GUFL,41,57,500.0,770.0,385000.0,2024-03-14
2024031403013101,GUFL,41,26,50.0,770.0,38500.0,2024-03-14
2024031403013100,GUFL,41,42,20.0,770.0,15400.0,2024-03-14
2024031403013099,GUFL,41,51,1000.0,770.0,770000.0,2024-03-14
2024031403013098,GUFL,41,44,20.0,770.0,15400.0,2024-03-14
2024031403013097,GUFL,41,36,200.0,770.0,154000.0,2024-03-14
2024031403013096,GUFL,41,17,500.0,770.0,385000.0,2024-03-14
2024031403013095,GUFL,41,45,100.0,770.0,77000.0,2024-03-14
2024031403013094,GUFL,41,45,100.0,770.0,77000.0,2024-03-14
2024031403013093,GUFL,41,34,100.0,768.8,76880.0,2024-03-14
2024031403013092,GUFL,41,44,100.0,768.0,76800.0,2024-03-14
2024031403013091,GUFL,41,69,500.0,768.0,384000.0,2024-03-14
2024031403013090,GUFL,41,39,40.0,768.0,30720.0,2024-03-14
2024031403013089,GUFL,41,51,200.0,765.0,153000.0,2024-03-14
2024031403013088,GUFL,41,57,50.0,765.0,38250.0,2024-03-14
2024031403013087,GUFL,41,34,200.0,765.0,153000.0,2024-03-14
2024031403013086,GUFL,41,44,100.0,765.0,76500.0,2024-03-14
2024031403013085,GUFL,41,21,30.0,765.0,22950.0,2024-03-14
2024031403013084,GUFL,41,58,300.0,765.0,229500.0,2024-03-14
2024031403013083,GUFL,41,41,132.0,765.0,100980.0,2024-03-14
2024031403013082,GUFL,41,58,50.0,765.0,38250.0,2024-03-14
2024031403013081,GUFL,41,57,50.0,765.0,38250.0,2024-03-14
2024031403013080,GUFL,41,29,40.0,765.0,30600.0,2024-03-14
2024031403013079,GUFL,41,35,50.0,762.9,38145.0,2024-03-14
2024031403013078,GUFL,41,6,50.0,762.0,38100.0,2024-03-14
2024031401028994,EHPL,41,65,10.0,442.0,4420.0,2024-03-14
2024031401028993,CLI,57,38,90.0,467.0,42030.0,2024-03-14
2024031403013077,GLBSL,38,52,20.0,1224.0,24480.0,2024-03-14
2024031403013076,GLBSL,38,57,100.0,1223.0,122300.0,2024-03-14
2024031404018699,SGIC,33,55,15.0,536.0,8040.0,2024-03-14
2024031404018698,SGIC,33,44,35.0,534.3,18700.5,2024-03-14
2024031404018697,SHL,33,33,110.0,456.0,50160.0,2024-03-14
2024031404018696,SHL,33,45,100.0,456.0,45600.0,2024-03-14
2024031404018695,SHL,33,6,471.0,455.0,214305.0,2024-03-14
2024031404018694,SHL,33,44,200.0,455.0,91000.0,2024-03-14
2024031404018693,SHL,33,49,325.0,455.0,147875.0,2024-03-14
2024031404018692,SHL,33,7,110.0,454.0,49940.0,2024-03-14
2024031404018691,SHL,33,34,150.0,454.0,68100.0,2024-03-14
2024031401028992,RNLI,25,54,10.0,458.9,4589.0,2024-03-14
2024031401028991,BNHC,64,62,10.0,479.5,4795.0,2024-03-14
2024031403013075,WNLB,17,25,50.0,1156.5,57825.0,2024-03-14
2024031403013074,PROFL,28,62,134.0,320.0,42880.0,2024-03-14
2024031403013073,MLBL,28,33,10.0,330.0,3300.0,2024-03-14
2024031403013072,MPFL,32,59,458.0,380.0,174040.0,2024-03-14
2024031403013071,MPFL,32,56,200.0,380.0,76000.0,2024-03-14
2024031403013070,MPFL,32,22,200.0,380.0,76000.0,2024-03-14
2024031403013069,MPFL,32,21,40.0,380.0,15200.0,2024-03-14
2024031403013068,MPFL,32,40,232.0,379.9,88136.8,2024-03-14
2024031403013067,MPFL,32,58,50.0,379.0,18950.0,2024-03-14
2024031403013066,MPFL,32,21,30.0,378.9,11367.0,2024-03-14
2024031403013065,MPFL,32,6,480.0,378.9,181872.0,2024-03-14
2024031403013064,MPFL,32,21,20.0,378.0,7560.0,2024-03-14
2024031403013063,MPFL,32,35,290.0,378.0,109620.0,2024-03-14
2024031401028990,MHCL,58,50,48.0,452.0,21696.0,2024-03-14
2024031401028989,MHCL,4,50,60.0,452.0,27120.0,2024-03-14
2024031401028988,MHCL,34,50,311.0,452.8,140820.8,2024-03-14
2024031401028987,RHGCL,32,22,90.0,303.0,27270.0,2024-03-14
2024031401028986,RHGCL,32,22,10.0,301.6,3016.0,2024-03-14
2024031401028985,SHIVM,50,39,361.0,556.0,200716.0,2024-03-14
2024031401028984,SHIVM,50,56,30.0,556.0,16680.0,2024-03-14
2024031401028983,SHIVM,50,37,228.0,556.0,126768.0,2024-03-14
2024031401028982,SHIVM,50,58,800.0,556.0,444800.0,2024-03-14
2024031401028981,SHIVM,50,21,10.0,556.0,5560.0,2024-03-14
2024031401028980,SHIVM,50,13,1267.0,556.0,704452.0,2024-03-14
2024031401028979,SHIVM,50,49,80.0,555.9,44472.0,2024-03-14
2024031401028978,SHIVM,50,10,30.0,555.8,16674.0,2024-03-14
2024031401028977,SHIVM,50,57,100.0,555.5,55550.0,2024-03-14
2024031401028976,SHIVM,50,81,500.0,555.0,277500.0,2024-03-14
2024031401028975,SHIVM,50,6,163.0,555.0,90465.0,2024-03-14
2024031401028974,SHIVM,50,6,499.0,555.0,276945.0,2024-03-14
2024031401028973,SHIVM,50,58,172.0,555.0,95460.0,2024-03-14
2024031401028972,SHIVM,50,42,500.0,555.0,277500.0,2024-03-14
2024031401028971,SHIVM,50,32,30.0,555.0,16650.0,2024-03-14
2024031401028970,SHIVM,50,48,200.0,555.0,111000.0,2024-03-14
2024031401028969,SHIVM,50,50,30.0,555.0,16650.0,2024-03-14
2024031403013062,ALICL,44,35,10.0,591.9,5919.0,2024-03-14
2024031403013061,ALICL,44,19,10.0,591.9,5919.0,2024-03-14
2024031401028968,BHDC,47,58,10.0,478.0,4780.0,2024-03-14
2024031401028967,BHDC,47,34,10.0,478.0,4780.0,2024-03-14
2024031401028966,BHDC,47,22,10.0,475.0,4750.0,2024-03-14
2024031401028965,BHDC,47,22,45.0,475.0,21375.0,2024-03-14
2024031401028964,BHDC,47,38,10.0,475.0,4750.0,2024-03-14
2024031401028963,BHDC,47,1,10.0,475.0,4750.0,2024-03-14
2024031401028962,BHDC,47,35,10.0,475.0,4750.0,2024-03-14
2024031401028961,BHDC,47,58,10.0,475.0,4750.0,2024-03-14
2024031401028960,BHDC,47,52,10.0,474.9,4749.0,2024-03-14
2024031401028959,BHDC,47,35,50.0,474.0,23700.0,2024-03-14
2024031401028958,BHDC,47,51,10.0,474.0,4740.0,2024-03-14
2024031401028957,BHDC,47,41,30.0,473.0,14190.0,2024-03-14
2024031401028956,PRVU,26,58,200.0,148.9,29780.0,2024-03-14
2024031401028955,PRVU,26,6,500.0,148.9,74450.0,2024-03-14
2024031401028954,PRVU,26,59,170.0,148.9,25313.0,2024-03-14
2024031401028953,PRVU,26,25,500.0,148.9,74450.0,2024-03-14
2024031401028952,PRVU,26,25,500.0,148.9,74450.0,2024-03-14
2024031403013060,VLBS,49,26,164.0,640.0,104960.0,2024-03-14
2024031403013059,VLBS,8,26,18.0,640.0,11520.0,2024-03-14
2024031403013058,VLBS,38,26,100.0,645.0,64500.0,2024-03-14
2024031403013057,VLBS,22,26,20.0,646.0,12920.0,2024-03-14
2024031403013056,VLBS,13,26,178.0,650.0,115700.0,2024-03-14
2024031404018690,CGH,56,42,50.0,830.0,41500.0,2024-03-14
2024031404018689,CGH,42,42,20.0,830.0,16600.0,2024-03-14
2024031404018688,CGH,1,42,50.0,830.0,41500.0,2024-03-14
2024031404018687,CGH,22,42,40.0,830.0,33200.0,2024-03-14
2024031404018686,KKHC,17,57,41.0,246.7,10114.7,2024-03-14
2024031405005053,CMF1,57,17,4000.0,8.87,35480.0,2024-03-14
2024031401028951,RFPL,71,53,170.0,380.0,64600.0,2024-03-14
2024031401028950,RFPL,71,6,10.0,379.0,3790.0,2024-03-14
2024031401028949,RFPL,71,59,20.0,378.0,7560.0,2024-03-14
2024031403013055,SINDU,35,13,20.0,345.9,6918.0,2024-03-14
2024031403013054,MFIL,34,58,10.0,524.0,5240.0,2024-03-14
2024031405005052,NRN,33,34,2237.0,562.0,1257194.0,2024-03-14
2024031405005051,NRN,58,34,78.0,562.0,43836.0,2024-03-14
2024031405005050,NRN,17,34,10.0,562.0,5620.0,2024-03-14
2024031405005049,NRN,57,34,675.0,562.0,379350.0,2024-03-14
2024031401028948,MEHL,1,18,10.0,297.8,2978.0,2024-03-14
2024031401028947,ADBL,45,45,100.0,233.5,23350.0,2024-03-14
2024031401028946,SGHC,28,39,10.0,310.6,3106.0,2024-03-14
2024031401028945,SGHC,43,39,400.0,310.7,124280.0,2024-03-14
2024031401028944,SBL,22,25,10.0,230.0,2300.0,2024-03-14
2024031405005048,SAEF,91,17,9100.0,10.0,91000.0,2024-03-14
2024031401028943,NESDO,33,14,40.0,1755.0,70200.0,2024-03-14
2024031401028942,NESDO,6,14,20.0,1755.1,35102.0,2024-03-14
2024031401028941,CLI,57,58,10.0,467.0,4670.0,2024-03-14
2024031401028940,CKHL,64,16,30.0,611.0,18330.0,2024-03-14
2024031401028939,CKHL,64,42,170.0,611.0,103870.0,2024-03-14
2024031401028938,SPL,51,45,55.0,664.0,36520.0,2024-03-14
2024031403013053,KMCDB,26,62,10.0,748.0,7480.0,2024-03-14
2024031403013052,MDB,62,61,200.0,418.5,83700.0,2024-03-14
2024031401028937,UHEWA,32,56,10.0,349.7,3497.0,2024-03-14
2024031401028936,BNHC,28,40,50.0,479.0,23950.0,2024-03-14
2024031401028935,BNHC,28,43,300.0,478.0,143400.0,2024-03-14
2024031401028934,BNHC,28,28,150.0,478.0,71700.0,2024-03-14
2024031401028933,BNHC,28,58,10.0,477.0,4770.0,2024-03-14
2024031404018685,UMRH,32,48,10.0,364.0,3640.0,2024-03-14
2024031401028932,SBL,50,25,20.0,230.0,4600.0,2024-03-14
2024031403013051,NADEP,19,16,300.0,603.0,180900.0,2024-03-14
2024031404018684,AHPC,26,41,10.0,187.5,1875.0,2024-03-14
2024031401028931,SHIVM,77,50,20.0,555.0,11100.0,2024-03-14
2024031401028930,ULHC,8,62,10.0,328.9,3289.0,2024-03-14
2024031403013050,PFL,77,49,100.0,386.0,38600.0,2024-03-14
2024031403013049,PFL,33,49,473.0,386.0,182578.0,2024-03-14
2024031401028929,SHIVM,33,10,374.0,553.2,206896.8,2024-03-14
2024031401028928,SHIVM,3,10,100.0,553.2,55320.0,2024-03-14
2024031401028927,SHIVM,4,10,26.0,554.0,14404.0,2024-03-14
2024031405005047,STC,44,49,10.0,5265.0,52650.0,2024-03-14
2024031401028926,PPL,63,57,10.0,339.9,3399.0,2024-03-14
2024031401028925,SNLI,34,45,31.0,615.0,19065.0,2024-03-14
2024031401028924,SNLI,1,45,10.0,615.0,6150.0,2024-03-14
2024031401028923,SNLI,34,45,79.0,615.0,48585.0,2024-03-14
2024031404018683,UPPER,45,65,100.0,187.9,18790.0,2024-03-14
2024031405005046,NTC,57,45,30.0,865.0,25950.0,2024-03-14
2024031404018682,AKJCL,52,22,20.0,227.8,4556.0,2024-03-14
2024031404018681,AKJCL,52,35,80.0,227.0,18160.0,2024-03-14
2024031405005045,ENL,22,39,10.0,789.0,7890.0,2024-03-14
2024031404018680,RADHI,53,75,59.0,247.1,14578.9,2024-03-14
2024031404018679,RHPL,28,17,310.0,284.0,88040.0,2024-03-14
2024031401028922,BHPL,28,14,117.0,475.1,55586.7,2024-03-14
2024031401028921,BHPL,41,14,50.0,475.1,23755.0,2024-03-14
2024031401028920,BHPL,48,14,10.0,475.2,4752.0,2024-03-14
2024031401028919,BHPL,43,14,63.0,475.5,29956.5,2024-03-14
2024031401028918,BHPL,13,14,50.0,475.6,23780.0,2024-03-14
2024031401028917,BHPL,54,14,10.0,475.6,4756.0,2024-03-14
2024031401028916,SMHL,17,29,30.0,474.0,14220.0,2024-03-14
2024031401028915,SMHL,34,29,105.0,474.0,49770.0,2024-03-14
2024031401028914,SMHL,6,29,170.0,474.1,80597.0,2024-03-14
2024031401028913,SMHL,58,29,20.0,474.1,9482.0,2024-03-14
2024031401028912,SMHL,35,29,200.0,474.3,94860.0,2024-03-14
2024031401028911,SMHL,38,29,100.0,474.4,47440.0,2024-03-14
2024031401028910,VLUCL,34,66,197.0,534.0,105198.0,2024-03-14
2024031403013048,ALICL,32,19,10.0,591.9,5919.0,2024-03-14
2024031404018678,UPCL,57,19,75.0,215.1,16132.5,2024-03-14
2024031403013047,KSBBL,44,48,33.0,355.0,11715.0,2024-03-14
2024031404018677,UPCL,62,19,100.0,215.1,21510.0,2024-03-14
2024031403013046,KSBBL,44,8,387.0,355.0,137385.0,2024-03-14
2024031404018676,UPCL,62,19,100.0,215.1,21510.0,2024-03-14
2024031403013045,KSBBL,44,43,180.0,354.9,63882.0,2024-03-14
2024031404018675,UPCL,62,19,100.0,215.1,21510.0,2024-03-14
2024031404018674,UPCL,17,19,100.0,215.2,21520.0,2024-03-14
2024031404018673,UPCL,58,19,100.0,215.2,21520.0,2024-03-14
2024031403013044,ILBS,35,4,19.0,760.0,14440.0,2024-03-14
2024031403013043,PFL,18,44,20.0,388.9,7778.0,2024-03-14
2024031401028909,SHIVM,8,50,150.0,555.0,83250.0,2024-03-14
2024031405005044,NRIC,6,1,10.0,776.0,7760.0,2024-03-14
2024031404018672,UPPER,55,65,137.0,187.9,25742.3,2024-03-14
2024031404018671,UPPER,55,49,63.0,187.8,11831.4,2024-03-14
2024031404018670,UPPER,49,49,10.0,187.8,1878.0,2024-03-14
2024031404018669,UPPER,38,49,200.0,187.8,37560.0,2024-03-14
2024031401028908,BHDC,47,49,10.0,470.1,4701.0,2024-03-14
2024031404018668,PPCL,19,1,780.0,255.2,199056.0,2024-03-14
2024031401028907,SONA,38,37,126.0,514.0,64764.0,2024-03-14
2024031401028906,SPL,45,45,10.0,664.0,6640.0,2024-03-14
2024031401028905,HDL,21,17,43.0,1617.0,69531.0,2024-03-14
2024031403013042,ACLBSL,65,42,18.0,688.5,12393.0,2024-03-14
2024031403013041,ACLBSL,65,56,15.0,688.0,10320.0,2024-03-14
2024031403013040,ACLBSL,65,29,30.0,687.0,20610.0,2024-03-14
2024031403013039,ACLBSL,65,43,100.0,684.0,68400.0,2024-03-14
2024031403013038,ACLBSL,65,45,50.0,683.0,34150.0,2024-03-14
2024031403013037,ACLBSL,65,49,10.0,683.0,6830.0,2024-03-14
2024031403013036,ACLBSL,65,62,50.0,680.0,34000.0,2024-03-14
2024031403013035,ACLBSL,65,44,13.0,679.0,8827.0,2024-03-14
2024031403013034,ACLBSL,65,65,150.0,677.0,101550.0,2024-03-14
2024031403013033,ACLBSL,65,45,13.0,677.0,8801.0,2024-03-14
2024031403013032,ACLBSL,65,66,13.0,675.0,8775.0,2024-03-14
2024031403013031,ACLBSL,65,65,17.0,670.0,11390.0,2024-03-14
2024031403013030,ACLBSL,65,28,21.0,665.0,13965.0,2024-03-14
2024031403013029,JSLBB,29,33,35.0,1020.0,35700.0,2024-03-14
2024031403013028,ILBS,70,42,30.0,762.0,22860.0,2024-03-14
2024031401028904,SIKLES,68,42,10.0,489.0,4890.0,2024-03-14
2024031404018667,AHPC,58,14,20.0,187.0,3740.0,2024-03-14
2024031404018666,AHPC,58,14,50.0,187.0,9350.0,2024-03-14
2024031404018665,AHPC,58,54,50.0,187.0,9350.0,2024-03-14
2024031404018664,AHPC,58,51,450.0,187.0,84150.0,2024-03-14
2024031404018663,AHPC,58,13,10.0,187.0,1870.0,2024-03-14
2024031404018662,AHPC,58,49,72.0,187.0,13464.0,2024-03-14
2024031404018661,UNHPL,58,22,615.0,257.0,158055.0,2024-03-14
2024031404018660,UNHPL,58,34,150.0,255.0,38250.0,2024-03-14
2024031404018659,UNHPL,58,51,500.0,255.0,127500.0,2024-03-14
2024031404018658,UNHPL,58,35,110.0,255.0,28050.0,2024-03-14
2024031404018657,UNHPL,58,19,170.0,255.0,43350.0,2024-03-14
2024031404018656,UNHPL,58,22,210.0,255.0,53550.0,2024-03-14
2024031404018655,UNHPL,58,13,275.0,254.8,70070.0,2024-03-14
2024031404018654,UNHPL,58,17,1900.0,254.8,484120.0,2024-03-14
2024031404018653,UNHPL,58,48,100.0,253.0,25300.0,2024-03-14
2024031404018652,UNHPL,58,5,1000.0,253.0,253000.0,2024-03-14
2024031404018651,UNHPL,58,45,1470.0,251.0,368970.0,2024-03-14
2024031401028903,EBL,33,39,10.0,517.0,5170.0,2024-03-14
2024031401028902,EBL,33,42,30.0,515.0,15450.0,2024-03-14
2024031403013027,SADBL,42,62,10.0,305.8,3058.0,2024-03-14
2024031401028901,SHIVM,57,58,95.0,555.0,52725.0,2024-03-14
2024031401028900,SHIVM,57,25,10.0,555.0,5550.0,2024-03-14
2024031401028899,SHIVM,57,45,274.0,555.0,152070.0,2024-03-14
2024031401028898,PHCL,14,58,170.0,321.1,54587.0,2024-03-14
2024031401028897,PHCL,14,58,100.0,321.1,32110.0,2024-03-14
2024031401028896,PHCL,44,58,500.0,321.1,160550.0,2024-03-14
2024031401028895,PHCL,34,58,300.0,321.1,96330.0,2024-03-14
2024031401028894,PHCL,67,58,200.0,321.2,64240.0,2024-03-14
2024031401028893,PHCL,7,58,100.0,321.2,32120.0,2024-03-14
2024031401028892,PHCL,42,58,40.0,321.3,12852.0,2024-03-14
2024031401028891,PHCL,58,58,500.0,322.0,161000.0,2024-03-14
2024031401028890,PHCL,38,58,90.0,322.0,28980.0,2024-03-14
2024031401028889,PHCL,71,58,200.0,322.2,64440.0,2024-03-14
2024031403013026,SABSL,13,55,10.0,685.0,6850.0,2024-03-14
2024031401028888,SONA,38,59,174.0,514.0,89436.0,2024-03-14
2024031401028887,SONA,34,59,226.0,514.0,116164.0,2024-03-14
2024031403013025,ALICL,44,13,30.0,588.0,17640.0,2024-03-14
2024031401028886,RNLI,59,38,150.0,458.0,68700.0,2024-03-14
2024031403013024,HLI,44,1,50.0,419.0,20950.0,2024-03-14
2024031401028885,NRM,34,38,10.0,390.0,3900.0,2024-03-14
2024031401028884,GCIL,26,45,85.0,555.4,47209.0,2024-03-14
2024031401028883,GCIL,58,45,15.0,557.0,8355.0,2024-03-14
2024031404018650,LEC,10,39,200.0,193.0,38600.0,2024-03-14
2024031404018649,LEC,51,39,10.0,193.0,1930.0,2024-03-14
2024031404018648,LEC,35,39,200.0,193.0,38600.0,2024-03-14
2024031404018647,LEC,51,39,56.0,193.0,10808.0,2024-03-14
2024031404018646,JOSHI,58,21,480.0,336.6,161568.0,2024-03-14
2024031404018645,JOSHI,40,21,100.0,337.0,33700.0,2024-03-14
2024031404018644,JOSHI,58,21,50.0,337.0,16850.0,2024-03-14
2024031404018643,JOSHI,42,21,110.0,337.0,37070.0,2024-03-14
2024031401028882,NBL,52,21,58.0,223.5,12963.0,2024-03-14
2024031404018642,NHPC,38,34,10.0,163.0,1630.0,2024-03-14
2024031401028881,HATHY,88,64,200.0,897.5,179500.0,2024-03-14
2024031401028880,SHIVM,48,45,100.0,555.0,55500.0,2024-03-14
2024031403013023,KSBBL,41,43,100.0,354.9,35490.0,2024-03-14
2024031404018641,GHL,11,44,300.0,168.7,50610.0,2024-03-14
2024031401028879,ULHC,11,42,49.0,325.0,15925.0,2024-03-14
2024031401028878,ULHC,13,42,280.0,325.0,91000.0,2024-03-14
2024031401028877,ULHC,46,42,250.0,325.1,81275.0,2024-03-14
2024031401028876,ULHC,17,42,15.0,325.1,4876.5,2024-03-14
2024031401028875,ULHC,37,42,90.0,325.2,29268.0,2024-03-14
2024031401028874,ULHC,58,42,10.0,325.3,3253.0,2024-03-14
2024031401028873,ULHC,47,42,1000.0,325.5,325500.0,2024-03-14
2024031401028872,ULHC,58,42,10.0,326.2,3262.0,2024-03-14
2024031401028871,ULHC,4,42,10.0,326.8,3268.0,2024-03-14
2024031401028870,ULHC,4,42,10.0,326.9,3269.0,2024-03-14
2024031401028869,ULHC,14,42,1000.0,327.0,327000.0,2024-03-14
2024031401028868,ULHC,38,42,100.0,327.0,32700.0,2024-03-14
2024031401028867,ULHC,45,42,100.0,327.0,32700.0,2024-03-14
2024031401028866,ULHC,58,42,100.0,327.1,32710.0,2024-03-14
2024031401028865,SHLB,57,84,40.0,988.0,39520.0,2024-03-14
2024031401028864,SHLB,57,33,47.0,986.0,46342.0,2024-03-14
2024031403013022,GBLBS,7,13,10.0,590.0,5900.0,2024-03-14
2024031403013021,GBLBS,7,7,30.0,589.9,17697.0,2024-03-14
2024031404018640,HEI,60,6,26.0,595.0,15470.0,2024-03-14
2024031401028863,DORDI,6,32,10.0,432.0,4320.0,2024-03-14
2024031401028862,DORDI,6,17,15.0,432.0,6480.0,2024-03-14
2024031401028861,DORDI,6,3,10.0,432.0,4320.0,2024-03-14
2024031401028860,DORDI,6,57,30.0,432.0,12960.0,2024-03-14
2024031404018639,UMHL,16,58,10.0,264.0,2640.0,2024-03-14
2024031403013020,KRBL,58,22,50.0,403.9,20195.0,2024-03-14
2024031403013019,KRBL,58,13,100.0,403.9,40390.0,2024-03-14
2024031403013018,KRBL,58,51,440.0,403.9,177716.0,2024-03-14
2024031403013017,KRBL,58,38,2000.0,403.9,807800.0,2024-03-14
2024031403013016,KRBL,58,6,200.0,403.9,80780.0,2024-03-14
2024031403013015,KRBL,58,32,250.0,403.0,100750.0,2024-03-14
2024031403013014,KRBL,58,74,20.0,403.0,8060.0,2024-03-14
2024031403013013,KRBL,58,52,1500.0,403.0,604500.0,2024-03-14
2024031403013012,KRBL,58,41,500.0,403.0,201500.0,2024-03-14
2024031403013011,KRBL,58,4,500.0,403.0,201500.0,2024-03-14
2024031403013010,KRBL,58,48,100.0,402.9,40290.0,2024-03-14
2024031403013009,KRBL,58,58,50.0,402.9,20145.0,2024-03-14
2024031403013008,KRBL,58,63,200.0,402.7,80540.0,2024-03-14
2024031403013007,KRBL,58,21,100.0,402.7,40270.0,2024-03-14
2024031403013006,KRBL,58,48,150.0,402.4,60360.0,2024-03-14
2024031403013005,KRBL,58,51,100.0,402.0,40200.0,2024-03-14
2024031403013004,KRBL,58,42,940.0,402.0,377880.0,2024-03-14
2024031403013003,KRBL,58,52,15.0,402.0,6030.0,2024-03-14
2024031403013002,KRBL,58,17,100.0,402.0,40200.0,2024-03-14
2024031403013001,KRBL,58,48,300.0,402.0,120600.0,2024-03-14
2024031403013000,KRBL,58,44,250.0,401.0,100250.0,2024-03-14
2024031403012999,KRBL,58,6,500.0,401.0,200500.0,2024-03-14
2024031403012998,KRBL,58,21,100.0,401.0,40100.0,2024-03-14
2024031403012997,KRBL,58,14,130.0,400.8,52104.0,2024-03-14
2024031403012996,KRBL,58,55,100.0,400.8,40080.0,2024-03-14
2024031403012995,KRBL,58,35,20.0,400.8,8016.0,2024-03-14
2024031403012994,KRBL,58,19,100.0,400.7,40070.0,2024-03-14
2024031403012993,KRBL,58,4,50.0,400.1,20005.0,2024-03-14
2024031403012992,KRBL,58,45,800.0,400.0,320000.0,2024-03-14
2024031403012991,KRBL,58,34,500.0,400.0,200000.0,2024-03-14
2024031403012990,KRBL,58,34,150.0,400.0,60000.0,2024-03-14
2024031403012989,KRBL,58,18,100.0,400.0,40000.0,2024-03-14
2024031403012988,KRBL,58,3,450.0,400.0,180000.0,2024-03-14
2024031403012987,KRBL,58,49,1000.0,400.0,400000.0,2024-03-14
2024031403012986,KRBL,58,34,500.0,400.0,200000.0,2024-03-14
2024031403012985,KRBL,58,42,50.0,400.0,20000.0,2024-03-14
2024031403012984,KRBL,58,52,500.0,400.0,200000.0,2024-03-14
2024031403012983,KRBL,58,34,100.0,400.0,40000.0,2024-03-14
2024031403012982,KRBL,58,45,2000.0,400.0,800000.0,2024-03-14
2024031403012981,KRBL,58,59,150.0,400.0,60000.0,2024-03-14
2024031403012980,KRBL,58,33,250.0,400.0,100000.0,2024-03-14
2024031403012979,KRBL,58,57,20.0,400.0,8000.0,2024-03-14
2024031403012978,KRBL,58,59,2000.0,400.0,800000.0,2024-03-14
2024031403012977,KRBL,58,17,150.0,400.0,60000.0,2024-03-14
2024031403012976,KRBL,58,32,20.0,400.0,8000.0,2024-03-14
2024031403012975,KRBL,58,35,100.0,400.0,40000.0,2024-03-14
2024031403012974,KRBL,58,74,200.0,399.9,79980.0,2024-03-14
2024031403012973,KRBL,58,36,1000.0,399.9,399900.0,2024-03-14
2024031403012972,KRBL,58,42,10.0,399.8,3998.0,2024-03-14
2024031403012971,KRBL,58,7,100.0,399.0,39900.0,2024-03-14
2024031403012970,KRBL,58,88,500.0,399.0,199500.0,2024-03-14
2024031403012969,KRBL,58,10,200.0,399.0,79800.0,2024-03-14
2024031403012968,KRBL,58,25,65.0,398.5,25902.5,2024-03-14
2024031403012967,KRBL,58,38,40.0,398.0,15920.0,2024-03-14
2024031403012966,KRBL,58,17,100.0,398.0,39800.0,2024-03-14
2024031403012965,KRBL,58,41,1000.0,397.3,397300.0,2024-03-14
2024031403012964,KRBL,58,52,500.0,397.3,198650.0,2024-03-14
2024031403012963,KRBL,58,4,100.0,397.0,39700.0,2024-03-14
2024031403012962,KRBL,58,33,100.0,396.7,39670.0,2024-03-14
2024031403012961,KRBL,58,45,300.0,396.7,119010.0,2024-03-14
2024031403012960,KRBL,58,38,50.0,396.6,19830.0,2024-03-14
2024031403012959,KRBL,58,21,100.0,396.2,39620.0,2024-03-14
2024031403012958,KRBL,58,45,773.0,396.0,306108.0,2024-03-14
2024031403012957,KRBL,58,35,25.0,396.0,9900.0,2024-03-14
2024031403012956,KRBL,58,42,10.0,396.0,3960.0,2024-03-14
2024031403012955,KRBL,58,38,165.0,396.0,65340.0,2024-03-14
2024031403012954,KRBL,58,88,300.0,396.0,118800.0,2024-03-14
2024031403012953,KRBL,58,17,50.0,396.0,19800.0,2024-03-14
2024031403012952,KRBL,58,33,50.0,396.0,19800.0,2024-03-14
2024031403012951,KRBL,58,54,10.0,396.0,3960.0,2024-03-14
2024031403012950,KRBL,58,69,1000.0,396.0,396000.0,2024-03-14
2024031403012949,KRBL,58,62,67.0,396.0,26532.0,2024-03-14
2024031403012948,KRBL,58,88,500.0,395.9,197950.0,2024-03-14
2024031403012947,KRBL,58,74,80.0,395.9,31672.0,2024-03-14
2024031403012946,KRBL,58,29,2000.0,395.8,791600.0,2024-03-14
2024031403012945,KRBL,58,59,100.0,395.5,39550.0,2024-03-14
2024031403012944,KRBL,58,44,100.0,395.3,39530.0,2024-03-14
2024031403012943,KRBL,58,32,50.0,395.2,19760.0,2024-03-14
2024031404018638,UAIL,94,35,75.0,556.0,41700.0,2024-03-14
2024031401028859,MEL,35,13,100.0,225.5,22550.0,2024-03-14
2024031403012942,ICFC,49,35,20.0,502.0,10040.0,2024-03-14
2024031403012941,ICFC,43,35,100.0,502.0,50200.0,2024-03-14
2024031403012940,ICFC,58,35,10.0,502.0,5020.0,2024-03-14
2024031403012939,ICFC,25,35,50.0,502.1,25105.0,2024-03-14
2024031403012938,ICFC,58,35,39.0,502.3,19589.7,2024-03-14
2024031403012937,ICFC,41,35,30.0,502.4,15072.0,2024-03-14
2024031401028858,MKCL,34,45,40.0,954.0,38160.0,2024-03-14
2024031401028857,MKCL,38,45,50.0,954.0,47700.0,2024-03-14
2024031401028856,MKCL,19,45,10.0,954.1,9541.0,2024-03-14
2024031401028855,HDL,22,45,50.0,1618.0,80900.0,2024-03-14
2024031403012936,CBBL,36,34,49.0,864.9,42380.1,2024-03-14
2024031403012935,HLI,44,22,20.0,419.0,8380.0,2024-03-14
2024031403012934,CFCL,20,39,200.0,349.0,69800.0,2024-03-14
2024031403012933,CFCL,20,5,380.0,349.0,132620.0,2024-03-14
2024031401028854,MHCL,34,29,1000.0,452.8,452800.0,2024-03-14
2024031403012932,MPFL,38,35,10.0,378.0,3780.0,2024-03-14
2024031403012931,GLBSL,38,58,12.0,1154.6,13855.2,2024-03-14
2024031403012930,GLBSL,38,26,10.0,1153.0,11530.0,2024-03-14
2024031401028853,RFPL,17,51,10.0,377.6,3776.0,2024-03-14
2024031403012929,ACLBSL,62,28,14.0,665.0,9310.0,2024-03-14
2024031403012928,ACLBSL,62,32,36.0,659.0,23724.0,2024-03-14
2024031405005043,NRN,57,41,125.0,562.0,70250.0,2024-03-14
2024031401028852,SAHAS,65,50,40.0,540.1,21604.0,2024-03-14
2024031404018637,UPPER,38,44,300.0,187.8,56340.0,2024-03-14
2024031403012927,HLI,44,38,14.0,418.9,5864.6,2024-03-14
2024031404018636,UPPER,16,44,300.0,187.8,56340.0,2024-03-14
2024031404018635,UPPER,62,44,400.0,187.8,75120.0,2024-03-14
2024031401028851,SHIVM,77,45,10.0,555.0,5550.0,2024-03-14
2024031404018634,GLH,55,49,929.0,234.0,217386.0,2024-03-14
2024031404018633,GLH,55,17,71.0,234.0,16614.0,2024-03-14
2024031403012926,PFL,33,35,500.0,386.0,193000.0,2024-03-14
2024031403012925,CBBL,52,34,200.0,864.9,172980.0,2024-03-14
2024031401028850,ILI,6,45,100.0,545.0,54500.0,2024-03-14
2024031401028849,MHL,14,58,10.0,400.0,4000.0,2024-03-14
2024031401028848,SPHL,66,67,10.0,473.0,4730.0,2024-03-14
2024031405005042,HRL,38,22,50.0,631.0,31550.0,2024-03-14
2024031404018632,GHL,11,33,400.0,168.7,67480.0,2024-03-14
2024031403012924,USLB,62,42,48.0,1637.0,78576.0,2024-03-14
2024031404018631,UPPER,41,65,20.0,187.9,3758.0,2024-03-14
2024031405005041,HIDCL,44,14,250.0,180.0,45000.0,2024-03-14
2024031404018630,DHPL,48,57,500.0,202.0,101000.0,2024-03-14
2024031401028847,SHIVM,77,45,10.0,555.0,5550.0,2024-03-14
2024031405005040,CIT,32,58,25.0,2152.0,53800.0,2024-03-14
2024031405005039,CIT,32,49,17.0,2152.0,36584.0,2024-03-14
2024031405005038,CIT,32,44,39.0,2152.0,83928.0,2024-03-14
2024031405005037,CIT,32,58,57.0,2152.0,122664.0,2024-03-14
2024031401028846,RFPL,17,59,10.0,377.6,3776.0,2024-03-14
2024031403012923,SHINE,58,58,50.0,381.9,19095.0,2024-03-14
2024031401028845,GCIL,58,59,10.0,557.7,5577.0,2024-03-14
2024031405005036,HRL,39,22,23.0,631.0,14513.0,2024-03-14
2024031405005035,HRL,39,50,50.0,631.0,31550.0,2024-03-14
2024031405005034,HRL,39,49,10.0,631.0,6310.0,2024-03-14
2024031405005033,HRL,39,59,17.0,631.0,10727.0,2024-03-14
2024031404018629,IGI,21,10,57.0,551.0,31407.0,2024-03-14
2024031401028844,SPC,36,3,10.0,572.0,5720.0,2024-03-14
2024031403012922,HLI,33,62,644.0,423.0,272412.0,2024-03-14
2024031403012921,HLI,33,62,1000.0,422.9,422900.0,2024-03-14
2024031403012920,HLI,33,33,100.0,422.8,42280.0,2024-03-14
2024031403012919,HLI,33,19,10.0,422.7,4227.0,2024-03-14
2024031403012918,HLI,33,41,50.0,422.0,21100.0,2024-03-14
2024031403012917,HLI,33,32,380.0,422.0,160360.0,2024-03-14
2024031403012916,HLI,33,41,200.0,422.0,84400.0,2024-03-14
2024031403012915,HLI,33,41,500.0,422.0,211000.0,2024-03-14
2024031403012914,HLI,33,41,300.0,422.0,126600.0,2024-03-14
2024031403012913,HLI,33,34,1000.0,422.0,422000.0,2024-03-14
2024031403012912,HLI,33,58,50.0,422.0,21100.0,2024-03-14
2024031403012911,HLI,33,38,50.0,422.0,21100.0,2024-03-14
2024031403012910,HLI,33,41,281.0,422.0,118582.0,2024-03-14
2024031403012909,HLI,33,19,10.0,421.8,4218.0,2024-03-14
2024031403012908,HLI,33,36,1000.0,421.0,421000.0,2024-03-14
2024031403012907,HLI,33,57,110.0,421.0,46310.0,2024-03-14
2024031403012906,HLI,33,11,200.0,421.0,84200.0,2024-03-14
2024031403012905,HLI,33,14,396.0,421.0,166716.0,2024-03-14
2024031403012904,HLI,33,56,650.0,420.9,273585.0,2024-03-14
2024031403012903,HLI,33,22,1000.0,420.9,420900.0,2024-03-14
2024031403012902,HLI,33,36,50.0,420.9,21045.0,2024-03-14
2024031403012901,HLI,33,14,10.0,420.0,4200.0,2024-03-14
2024031403012900,HLI,33,51,500.0,420.0,210000.0,2024-03-14
2024031403012899,HLI,33,8,295.0,420.0,123900.0,2024-03-14
2024031403012898,HLI,33,62,214.0,419.9,89858.6,2024-03-14
2024031403012897,HLI,33,44,1000.0,419.0,419000.0,2024-03-14
2024031401028843,SHIVM,4,43,474.0,554.0,262596.0,2024-03-14
2024031401028842,SHIVM,35,43,500.0,554.0,277000.0,2024-03-14
2024031401028841,SHIVM,1,43,500.0,554.0,277000.0,2024-03-14
2024031401028840,SHIVM,86,43,10.0,554.0,5540.0,2024-03-14
2024031401028839,SHIVM,45,43,371.0,554.0,205534.0,2024-03-14
2024031401028838,SHIVM,3,43,145.0,554.1,80344.5,2024-03-14
2024031401028837,RFPL,43,59,10.0,378.0,3780.0,2024-03-14
2024031401028836,RFPL,43,48,140.0,378.0,52920.0,2024-03-14
2024031401028835,MEL,47,19,345.0,225.4,77763.0,2024-03-14
2024031404018628,RHPL,83,26,200.0,283.3,56660.0,2024-03-14
2024031404018627,RHPL,56,26,150.0,283.4,42510.0,2024-03-14
2024031403012896,GUFL,16,6,50.0,762.2,38110.0,2024-03-14
2024031401028834,NABIL,49,35,10.0,471.9,4719.0,2024-03-14
2024031404018626,CHCL,49,44,130.0,475.0,61750.0,2024-03-14
2024031404018625,CHCL,49,25,160.0,474.9,75984.0,2024-03-14
2024031404018624,CHCL,49,22,10.0,474.9,4749.0,2024-03-14
2024031401028833,BNHC,42,58,10.0,472.0,4720.0,2024-03-14
2024031404018623,NICL,58,21,10.0,865.0,8650.0,2024-03-14
2024031403012895,FMDBL,34,43,23.0,615.9,14165.7,2024-03-14
2024031403012894,FMDBL,34,36,77.0,615.8,47416.6,2024-03-14
2024031404018622,RADHI,53,89,134.0,247.1,33111.4,2024-03-14
2024031404018621,RADHI,4,89,16.0,247.2,3955.2,2024-03-14
2024031404018620,RADHI,35,89,10.0,247.2,2472.0,2024-03-14
2024031404018619,RADHI,4,89,10.0,248.0,2480.0,2024-03-14
2024031404018618,RADHI,41,89,25.0,248.0,6200.0,2024-03-14
2024031404018617,RADHI,8,89,1500.0,248.0,372000.0,2024-03-14
2024031404018616,RADHI,36,89,175.0,248.0,43400.0,2024-03-14
2024031404018615,RADHI,35,89,480.0,248.0,119040.0,2024-03-14
2024031404018614,RADHI,14,89,2000.0,248.1,496200.0,2024-03-14
2024031404018613,RADHI,22,89,350.0,248.1,86835.0,2024-03-14
2024031404018612,RADHI,38,89,100.0,248.1,24810.0,2024-03-14
2024031404018611,RADHI,14,89,200.0,249.0,49800.0,2024-03-14
2024031404018610,NGPL,36,41,378.0,315.0,119070.0,2024-03-14
2024031405005032,GIBF1,22,42,1000.0,8.45,8450.0,2024-03-14
2024031403012893,NFS,52,38,10.0,377.0,3770.0,2024-03-14
2024031403012892,HLI,91,45,240.0,418.4,100416.0,2024-03-14
2024031404018609,NHPC,25,34,500.0,163.0,81500.0,2024-03-14
2024031401028832,ADBL,48,45,100.0,233.6,23360.0,2024-03-14
2024031403012891,LBBL,57,38,388.0,390.1,151358.8,2024-03-14
2024031403012890,LBBL,49,38,100.0,390.2,39020.0,2024-03-14
2024031403012889,LICN,35,94,84.0,1362.3,114433.2,2024-03-14
2024031403012888,LICN,55,94,50.0,1364.0,68200.0,2024-03-14
2024031403012887,LICN,33,94,10.0,1365.0,13650.0,2024-03-14
2024031403012886,LICN,39,94,76.0,1366.0,103816.0,2024-03-14
2024031403012885,LICN,19,94,50.0,1366.0,68300.0,2024-03-14
2024031403012884,LICN,48,94,100.0,1367.0,136700.0,2024-03-14
2024031403012883,LICN,40,94,30.0,1367.1,41013.0,2024-03-14
2024031403012882,HLI,91,7,10.0,418.4,4184.0,2024-03-14
2024031404018608,GHL,42,16,316.0,169.0,53404.0,2024-03-14
2024031404018607,GHL,42,50,174.0,169.0,29406.0,2024-03-14
2024031404018606,GHL,42,57,10.0,168.8,1688.0,2024-03-14
2024031401028831,SONA,34,86,250.0,514.0,128500.0,2024-03-14
2024031404018605,GHL,11,13,1200.0,168.7,202440.0,2024-03-14
2024031403012881,SLBBL,19,35,70.0,665.1,46557.0,2024-03-14
2024031401028830,NRM,48,49,30.0,389.0,11670.0,2024-03-14
2024031401028829,NRM,70,49,100.0,389.0,38900.0,2024-03-14
2024031401028828,SPC,74,3,10.0,572.0,5720.0,2024-03-14
2024031403012880,MPFL,32,34,268.0,375.2,100553.6,2024-03-14
2024031401028827,SONA,34,36,110.0,514.0,56540.0,2024-03-14
2024031401028826,SONA,34,29,914.0,514.0,469796.0,2024-03-14
2024031404018604,SPDL,17,34,26.0,257.1,6684.6,2024-03-14
2024031403012879,HLI,91,11,50.0,418.4,20920.0,2024-03-14
2024031401028825,MEHL,1,33,1000.0,296.2,296200.0,2024-03-14
2024031401028824,SHIVM,62,45,606.0,555.0,336330.0,2024-03-14
2024031401028823,SHIVM,62,28,28.0,555.0,15540.0,2024-03-14
2024031401028822,SHIVM,62,6,500.0,555.0,277500.0,2024-03-14
2024031401028821,SHIVM,62,82,1500.0,555.0,832500.0,2024-03-14
2024031401028820,SHIVM,62,39,100.0,555.0,55500.0,2024-03-14
2024031401028819,SHIVM,62,32,413.0,555.0,229215.0,2024-03-14
2024031401028818,SHIVM,62,52,631.0,554.9,350141.9,2024-03-14
2024031401028817,SHIVM,62,25,590.0,554.9,327391.0,2024-03-14
2024031401028816,SHIVM,62,55,40.0,554.4,22176.0,2024-03-14
2024031403012878,JFL,62,29,10.0,385.0,3850.0,2024-03-14
2024031403012877,JFL,62,3,47.0,384.9,18090.3,2024-03-14
2024031405005031,CIT,81,43,60.0,2151.9,129114.0,2024-03-14
2024031401028815,CLI,45,41,11.0,466.0,5126.0,2024-03-14
2024031403012876,SINDU,44,13,34.0,345.9,11760.6,2024-03-14
2024031403012875,SINDU,44,49,100.0,345.0,34500.0,2024-03-14
2024031403012874,SINDU,44,87,16.0,344.9,5518.4,2024-03-14
2024031404018603,GHL,16,57,10.0,168.8,1688.0,2024-03-14
2024031403012873,KRBL,7,32,10.0,395.2,3952.0,2024-03-14
2024031401028814,SHIVM,77,55,10.0,554.4,5544.0,2024-03-14
2024031401028813,SNLI,34,57,61.0,615.0,37515.0,2024-03-14
2024031401028812,SNLI,33,57,40.0,615.1,24604.0,2024-03-14
2024031401028811,SHIVM,19,57,200.0,554.3,110860.0,2024-03-14
2024031404018602,NHPC,10,34,10.0,163.0,1630.0,2024-03-14
2024031401028810,SONA,74,29,50.0,514.0,25700.0,2024-03-14
2024031401028809,CKHL,70,49,10.0,610.0,6100.0,2024-03-14
2024031404018601,RIDI,58,87,10.0,192.0,1920.0,2024-03-14
2024031404018600,BARUN,57,21,200.0,251.0,50200.0,2024-03-14
2024031404018599,SPIL,39,36,500.0,768.3,384150.0,2024-03-14
2024031401028808,MBL,22,25,10.0,187.0,1870.0,2024-03-14
2024031401028807,JALPA,34,16,50.0,1250.0,62500.0,2024-03-14
2024031404018598,CGH,34,6,10.0,837.0,8370.0,2024-03-14
2024031401028806,TPC,6,17,50.0,525.0,26250.0,2024-03-14
2024031401028805,CKHL,70,42,50.0,611.0,30550.0,2024-03-14
2024031401028804,CKHL,70,16,50.0,610.5,30525.0,2024-03-14
2024031404018597,SSHL,54,45,86.0,170.0,14620.0,2024-03-14
2024031404018596,SSHL,54,49,914.0,170.0,155380.0,2024-03-14
2024031401028803,BGWT,42,38,10.0,598.0,5980.0,2024-03-14
2024031401028802,RHGCL,16,43,100.0,300.3,30030.0,2024-03-14
2024031401028801,SNLI,33,50,10.0,615.1,6151.0,2024-03-14
2024031403012872,MLBL,45,33,100.0,330.0,33000.0,2024-03-14
2024031405005030,NTC,19,34,30.0,866.0,25980.0,2024-03-14
2024031404018595,CHCL,44,45,100.0,472.0,47200.0,2024-03-14
2024031404018594,AKJCL,6,4,100.0,226.1,22610.0,2024-03-14
2024031401028800,SNLI,33,18,10.0,615.1,6151.0,2024-03-14
2024031403012871,PMLI,43,57,40.0,531.0,21240.0,2024-03-14
2024031403012870,NADEP,32,16,10.0,603.0,6030.0,2024-03-14
2024031404018593,UPCL,35,37,200.0,216.0,43200.0,2024-03-14
2024031401028799,CYCL,74,66,150.0,1379.0,206850.0,2024-03-14
2024031404018592,SPDL,66,85,500.0,257.0,128500.0,2024-03-14
2024031404018591,GLH,58,17,10.0,234.0,2340.0,2024-03-14
2024031401028798,GCIL,58,56,85.0,556.0,47260.0,2024-03-14
2024031403012869,SAPDBL,34,52,190.0,261.0,49590.0,2024-03-14
2024031405005029,HRL,22,59,100.0,631.0,63100.0,2024-03-14
2024031401028797,SHIVM,52,25,10.0,554.9,5549.0,2024-03-14
2024031401028796,HIDCLP,17,34,10.0,103.2,1032.0,2024-03-14
2024031401028795,JBLB,34,10,10.0,1370.0,13700.0,2024-03-14
2024031401028794,MKHL,34,38,10.0,385.2,3852.0,2024-03-14
2024031401028793,MKHL,34,38,10.0,385.0,3850.0,2024-03-14
2024031403012868,PFL,33,29,27.0,386.0,10422.0,2024-03-14
2024031403012867,PFL,47,29,173.0,386.2,66812.6,2024-03-14
2024031401028792,MHCL,34,40,1689.0,452.8,764779.2,2024-03-14
2024031404018590,GHL,54,57,10.0,168.8,1688.0,2024-03-14
2024031404018589,UPPER,62,48,100.0,187.8,18780.0,2024-03-14
2024031404018588,UPPER,57,48,50.0,187.8,9390.0,2024-03-14
2024031401028791,MKLB,6,51,36.0,783.0,28188.0,2024-03-14
2024031404018587,UPPER,43,65,100.0,187.9,18790.0,2024-03-14
2024031401028790,TAMOR,47,39,600.0,388.0,232800.0,2024-03-14
2024031405005028,NIFRA,34,26,324.0,212.5,68850.0,2024-03-14
2024031401028789,HDL,89,45,21.0,1617.0,33957.0,2024-03-14
2024031404018586,AHPC,57,49,40.0,187.0,7480.0,2024-03-14
2024031404018585,AHPC,57,56,10.0,186.7,1867.0,2024-03-14
2024031401028788,SNLI,42,56,14.0,616.0,8624.0,2024-03-14
2024031401028787,SNLI,42,51,46.0,616.0,28336.0,2024-03-14
2024031403012866,GMFIL,41,6,11.0,370.9,4079.9,2024-03-14
2024031404018584,CGH,22,42,10.0,830.0,8300.0,2024-03-14
2024031404018583,CGH,19,42,60.0,830.0,49800.0,2024-03-14
2024031404018582,CGH,13,42,100.0,830.0,83000.0,2024-03-14
2024031404018581,CGH,35,42,100.0,830.0,83000.0,2024-03-14
2024031404018580,CGH,49,42,100.0,830.1,83010.0,2024-03-14
2024031404018579,CGH,3,42,50.0,830.2,41510.0,2024-03-14
2024031404018578,CGH,38,42,20.0,832.0,16640.0,2024-03-14
2024031404018577,CGH,33,42,60.0,832.0,49920.0,2024-03-14
2024031401028786,GBIME,17,13,1283.0,192.1,246464.3,2024-03-14
2024031401028785,GBIME,58,13,100.0,192.2,19220.0,2024-03-14
2024031401028784,GBIME,63,13,500.0,192.2,96100.0,2024-03-14
2024031401028783,GBIME,11,13,50.0,192.2,9610.0,2024-03-14
2024031401028782,GBIME,57,13,67.0,192.2,12877.4,2024-03-14
2024031404018576,AHPC,35,56,10.0,186.7,1867.0,2024-03-14
2024031401028781,UHEWA,10,56,10.0,349.7,3497.0,2024-03-14
2024031403012865,SJLIC,11,49,61.0,511.3,31189.3,2024-03-14
2024031403012864,SJLIC,34,49,189.0,511.4,96654.6,2024-03-14
2024031401028780,NYADI,37,58,10.0,297.0,2970.0,2024-03-14
2024031404018575,TRH,58,14,80.0,798.0,63840.0,2024-03-14
2024031404018574,JOSHI,58,13,17.0,338.0,5746.0,2024-03-14
2024031401028779,KBL,21,21,10.0,145.4,1454.0,2024-03-14
2024031404018573,UAIL,53,45,10.0,558.0,5580.0,2024-03-14
2024031403012863,JSLBB,29,33,15.0,1020.0,15300.0,2024-03-14
2024031403012862,JSLBB,29,62,15.0,1014.8,15222.0,2024-03-14
2024031401028778,NWCL,62,57,10.0,766.4,7664.0,2024-03-14
2024031401028777,NWCL,62,13,90.0,766.0,68940.0,2024-03-14
2024031401028776,SNLI,33,26,10.0,615.1,6151.0,2024-03-14
2024031401028775,GBIME,57,7,50.0,192.2,9610.0,2024-03-14
2024031401028774,GVL,7,44,10.0,443.5,4435.0,2024-03-14
2024031401028773,SGHC,43,57,100.0,310.7,31070.0,2024-03-14
2024031401028772,MBJC,29,46,10.0,322.4,3224.0,2024-03-14
2024031401028771,SHIVM,59,52,17.0,555.0,9435.0,2024-03-14
2024031401028770,SHIVM,59,4,33.0,555.0,18315.0,2024-03-14
2024031401028769,HHL,19,22,10.0,327.0,3270.0,2024-03-14
2024031401028768,TAMOR,58,81,345.0,387.0,133515.0,2024-03-14
2024031401028767,TAMOR,45,81,655.0,387.0,253485.0,2024-03-14
2024031404018572,UPPER,34,65,300.0,187.9,56370.0,2024-03-14
2024031401028766,HDL,89,34,21.0,1617.0,33957.0,2024-03-14
2024031401028765,HDL,52,34,10.0,1617.1,16171.0,2024-03-14
2024031401028764,NRM,34,38,100.0,390.0,39000.0,2024-03-14
2024031401028763,MKHC,5,58,10.0,303.0,3030.0,2024-03-14
2024031403012861,SHINE,29,58,10.0,381.9,3819.0,2024-03-14
2024031401028762,ANLB,64,34,10.0,2163.4,21634.0,2024-03-14
2024031401028761,SONA,64,29,100.0,514.0,51400.0,2024-03-14
2024031404018571,MEN,48,45,205.0,574.0,117670.0,2024-03-14
2024031405005027,NRN,57,33,150.0,562.0,84300.0,2024-03-14
2024031405005026,NRN,38,33,50.0,562.1,28105.0,2024-03-14
2024031401028760,ULHC,62,62,10.0,328.9,3289.0,2024-03-14
2024031401028759,RNLI,46,62,231.0,455.1,105128.1,2024-03-14
2024031401028758,RNLI,19,62,105.0,456.0,47880.0,2024-03-14
2024031401028757,RNLI,62,62,50.0,456.0,22800.0,2024-03-14
2024031401028756,RNLI,54,62,30.0,456.0,13680.0,2024-03-14
2024031401028755,RNLI,95,62,25.0,456.0,11400.0,2024-03-14
2024031401028754,RNLI,58,62,10.0,456.1,4561.0,2024-03-14
2024031401028753,RNLI,39,62,50.0,456.2,22810.0,2024-03-14
2024031401028752,RNLI,58,62,10.0,456.7,4567.0,2024-03-14
2024031401028751,RNLI,25,62,100.0,456.7,45670.0,2024-03-14
2024031401028750,RNLI,49,62,80.0,456.7,36536.0,2024-03-14
2024031401028749,RNLI,13,62,100.0,457.0,45700.0,2024-03-14
2024031401028748,RNLI,49,62,69.0,457.0,31533.0,2024-03-14
2024031401028747,RNLI,43,62,100.0,457.0,45700.0,2024-03-14
2024031401028746,RNLI,34,62,40.0,457.0,18280.0,2024-03-14
2024031401028745,SONA,67,41,10.0,513.0,5130.0,2024-03-14
2024031403012860,GMFIL,19,49,298.0,371.0,110558.0,2024-03-14
2024031403012859,GMFIL,19,34,649.0,371.0,240779.0,2024-03-14
2024031403012858,GMFIL,19,57,53.0,371.0,19663.0,2024-03-14
2024031401028744,MEL,47,19,533.0,225.4,120138.2,2024-03-14
2024031401028743,MEL,59,19,56.0,225.4,12622.4,2024-03-14
2024031401028742,MEL,45,19,350.0,225.5,78925.0,2024-03-14
2024031403012857,JBBL,40,26,130.0,298.1,38753.0,2024-03-14
2024031403012856,JBBL,34,26,70.0,298.1,20867.0,2024-03-14
2024031403012855,MERO,7,38,36.0,572.0,20592.0,2024-03-14
2024031401028741,DLBS,57,57,20.0,990.0,19800.0,2024-03-14
2024031401028740,SONA,67,56,269.0,513.0,137997.0,2024-03-14
2024031401028739,SONA,44,56,1000.0,513.0,513000.0,2024-03-14
2024031401028738,SONA,22,56,2000.0,513.1,1026200.0,2024-03-14
2024031401028737,SONA,43,56,1000.0,513.1,513100.0,2024-03-14
2024031401028736,SONA,26,56,1000.0,513.1,513100.0,2024-03-14
2024031401028735,SONA,22,56,100.0,513.1,51310.0,2024-03-14
2024031401028734,SONA,47,56,250.0,513.2,128300.0,2024-03-14
2024031401028733,SONA,10,56,90.0,513.2,46188.0,2024-03-14
2024031401028732,SONA,50,56,500.0,513.5,256750.0,2024-03-14
2024031401028731,SONA,50,56,800.0,513.6,410880.0,2024-03-14
2024031401028730,SONA,33,56,2961.0,513.6,1520769.6,2024-03-14
2024031401028729,SONA,5,56,10.0,513.7,5137.0,2024-03-14
2024031401028728,SONA,48,56,20.0,513.7,10274.0,2024-03-14
2024031405005025,NRIC,6,45,470.0,774.0,363780.0,2024-03-14
2024031405005024,NRIC,6,36,430.0,773.9,332777.0,2024-03-14
2024031405005023,NRIC,6,43,100.0,773.8,77380.0,2024-03-14
2024031401028727,SHIVM,19,56,200.0,554.3,110860.0,2024-03-14
2024031401028726,SPHL,42,42,60.0,472.3,28338.0,2024-03-14
2024031404018570,JOSHI,58,13,10.0,338.0,3380.0,2024-03-14
2024031404018569,JOSHI,51,13,100.0,338.0,33800.0,2024-03-14
2024031404018568,JOSHI,13,13,150.0,338.0,50700.0,2024-03-14
2024031404018567,NHPC,49,34,30.0,163.0,4890.0,2024-03-14
2024031403012854,SWMF,21,49,65.0,701.0,45565.0,2024-03-14
2024031403012853,JFL,6,21,19.0,380.1,7221.9,2024-03-14
2024031403012852,JFL,16,21,21.0,380.2,7984.2,2024-03-14
2024031403012851,GFCL,52,42,10.0,464.5,4645.0,2024-03-14
2024031404018566,DHPL,22,48,50.0,204.9,10245.0,2024-03-14
2024031401028725,MEL,45,17,100.0,225.5,22550.0,2024-03-14
2024031401028724,NMB,14,33,100.0,189.8,18980.0,2024-03-14
2024031401028723,MANDU,65,35,10.0,713.7,7137.0,2024-03-14
2024031401028722,MANDU,65,4,200.0,711.0,142200.0,2024-03-14
2024031401028721,MANDU,65,48,100.0,710.9,71090.0,2024-03-14
2024031401028720,MANDU,65,92,200.0,710.9,142180.0,2024-03-14
2024031401028719,MANDU,65,58,10.0,710.5,7105.0,2024-03-14
2024031401028718,MANDU,65,62,475.0,710.0,337250.0,2024-03-14
2024031404018565,SHL,48,45,200.0,453.0,90600.0,2024-03-14
2024031401028717,NRM,26,38,200.0,389.0,77800.0,2024-03-14
2024031401028716,NRM,32,38,50.0,389.1,19455.0,2024-03-14
2024031401028715,NICA,45,16,387.0,425.1,164513.7,2024-03-14
2024031401028714,NICA,44,16,250.0,425.2,106300.0,2024-03-14
2024031401028713,NICA,38,16,50.0,425.3,21265.0,2024-03-14
2024031401028712,NICA,65,16,10.0,425.4,4254.0,2024-03-14
2024031401028711,NICA,32,16,68.0,425.4,28927.2,2024-03-14
2024031401028710,NICA,57,16,20.0,425.5,8510.0,2024-03-14
2024031401028709,NICA,57,16,100.0,425.8,42580.0,2024-03-14
2024031401028708,NICA,34,16,15.0,425.9,6388.5,2024-03-14
2024031404018564,NIL,45,43,20.0,824.0,16480.0,2024-03-14
2024031404018563,UPPER,57,65,150.0,187.9,28185.0,2024-03-14
2024031404018562,BARUN,57,42,183.0,251.0,45933.0,2024-03-14
2024031403012850,NICLBSL,70,42,600.0,576.0,345600.0,2024-03-14
2024031401028707,GBIME,57,42,110.0,192.2,21142.0,2024-03-14
2024031405005022,HRL,34,59,183.0,631.0,115473.0,2024-03-14
2024031404018561,SSHL,59,49,586.0,170.0,99620.0,2024-03-14
2024031404018560,SSHL,59,39,114.0,170.0,19380.0,2024-03-14
2024031401028706,SNLI,49,51,300.0,616.0,184800.0,2024-03-14
2024031401028705,SBL,82,22,1269.0,228.0,289332.0,2024-03-14
2024031401028704,SBL,65,22,100.0,228.0,22800.0,2024-03-14
2024031401028703,SBL,47,22,200.0,228.0,45600.0,2024-03-14
2024031401028702,SBL,8,22,250.0,228.1,57025.0,2024-03-14
2024031401028701,SBL,82,22,2000.0,228.3,456600.0,2024-03-14
2024031401028700,SBL,36,22,140.0,228.3,31962.0,2024-03-14
2024031401028699,SBL,46,22,25.0,228.4,5710.0,2024-03-14
2024031401028698,SBL,50,22,16.0,229.0,3664.0,2024-03-14
2024031404018559,NGPL,14,41,100.0,315.0,31500.0,2024-03-14
2024031404018558,RIDI,48,34,50.0,191.8,9590.0,2024-03-14
2024031404018557,RIDI,42,34,150.0,191.8,28770.0,2024-03-14
2024031401028697,VLUCL,34,28,10.0,534.0,5340.0,2024-03-14
2024031401028696,NABIL,21,34,17.0,470.0,7990.0,2024-03-14
2024031403012849,SFCL,88,29,23.0,319.0,7337.0,2024-03-14
2024031401028695,USHL,34,22,10.0,479.0,4790.0,2024-03-14
2024031401028694,MHCL,33,45,99.0,453.0,44847.0,2024-03-14
2024031401028693,UHEWA,53,56,10.0,349.7,3497.0,2024-03-14
2024031401028692,DOLTI,56,43,100.0,402.5,40250.0,2024-03-14
2024031401028691,DOLTI,32,43,100.0,403.0,40300.0,2024-03-14
2024031401028690,DOLTI,57,43,800.0,403.0,322400.0,2024-03-14
2024031401028689,LSL,49,44,1449.0,166.6,241403.4,2024-03-14
2024031401028688,LSL,16,44,51.0,166.6,8496.6,2024-03-14
2024031401028687,LSL,50,44,1000.0,166.6,166600.0,2024-03-14
2024031405005021,NRN,54,94,50.0,564.0,28200.0,2024-03-14
2024031405005020,NRN,45,94,500.0,564.0,282000.0,2024-03-14
2024031405005019,NRN,70,94,173.0,564.0,97572.0,2024-03-14
2024031401028686,ILI,77,88,38.0,546.9,20782.2,2024-03-14
2024031401028685,ILI,77,34,20.0,546.0,10920.0,2024-03-14
2024031401028684,ILI,77,57,42.0,545.2,22898.4,2024-03-14
2024031401028683,SMJC,5,46,250.0,378.9,94725.0,2024-03-14
2024031401028682,SMJC,34,46,200.0,379.0,75800.0,2024-03-14
2024031401028681,SMJC,33,46,50.0,379.0,18950.0,2024-03-14
2024031401028680,PHCL,25,16,40.0,325.0,13000.0,2024-03-14
2024031401028679,PHCL,25,52,10.0,325.0,3250.0,2024-03-14
2024031401028678,GCIL,91,56,75.0,556.0,41700.0,2024-03-14
2024031401028677,GCIL,8,56,800.0,556.1,444880.0,2024-03-14
2024031401028676,GCIL,62,56,40.0,556.1,22244.0,2024-03-14
2024031403012848,LBBL,57,58,80.0,392.0,31360.0,2024-03-14
2024031403012847,LBBL,57,49,20.0,391.0,7820.0,2024-03-14
2024031405005018,HRL,34,55,287.0,631.0,181097.0,2024-03-14
2024031404018556,UNHPL,57,45,160.0,251.0,40160.0,2024-03-14
2024031405005017,HRL,7,55,20.0,631.0,12620.0,2024-03-14
2024031405005016,HRL,36,55,693.0,631.0,437283.0,2024-03-14
2024031403012846,SFCL,88,45,477.0,319.0,152163.0,2024-03-14
2024031404018555,UPPER,58,13,265.0,187.4,49661.0,2024-03-14
2024031404018554,UPPER,58,13,200.0,187.5,37500.0,2024-03-14
2024031404018553,UPPER,64,13,800.0,187.5,150000.0,2024-03-14
2024031404018552,UPPER,56,13,500.0,187.5,93750.0,2024-03-14
2024031404018551,UPPER,42,13,500.0,187.5,93750.0,2024-03-14
2024031404018550,UPPER,34,13,50.0,187.5,9375.0,2024-03-14
2024031404018549,UPPER,57,13,100.0,187.5,18750.0,2024-03-14
2024031404018548,UPPER,57,13,50.0,187.5,9375.0,2024-03-14
2024031404018547,UPPER,57,13,16.0,187.5,3000.0,2024-03-14
2024031404018546,UPPER,42,13,465.0,187.5,87187.5,2024-03-14
2024031404018545,UPPER,45,13,75.0,187.6,14070.0,2024-03-14
2024031404018544,UPPER,14,13,200.0,187.6,37520.0,2024-03-14
2024031404018543,UPPER,68,13,20.0,187.6,3752.0,2024-03-14
2024031404018542,UPPER,53,13,500.0,187.6,93800.0,2024-03-14
2024031404018541,UPPER,52,13,1000.0,187.6,187600.0,2024-03-14
2024031404018540,UPPER,47,13,100.0,187.6,18760.0,2024-03-14
2024031404018539,UPPER,56,13,473.0,187.6,88734.8,2024-03-14
2024031404018538,UPPER,58,13,1000.0,187.7,187700.0,2024-03-14
2024031404018537,UPPER,53,13,50.0,187.7,9385.0,2024-03-14
2024031404018536,UPPER,38,13,100.0,187.7,18770.0,2024-03-14
2024031404018535,UPPER,58,13,100.0,187.7,18770.0,2024-03-14
2024031404018534,UPPER,16,13,900.0,187.7,168930.0,2024-03-14
2024031404018533,UPPER,45,13,400.0,187.8,75120.0,2024-03-14
2024031404018532,UPPER,42,13,108.0,187.8,20282.4,2024-03-14
2024031404018531,UPPER,58,13,140.0,187.8,26292.0,2024-03-14
2024031404018530,UPPER,32,13,290.0,187.8,54462.0,2024-03-14
2024031404018529,UPPER,34,13,10.0,187.8,1878.0,2024-03-14
2024031404018528,UPPER,45,13,10.0,187.8,1878.0,2024-03-14
2024031404018527,UPPER,58,13,40.0,187.8,7512.0,2024-03-14
2024031404018526,UPPER,26,13,538.0,187.8,101036.4,2024-03-14
2024031401028675,SHIVM,19,37,10.0,554.3,5543.0,2024-03-14
2024031401028674,HATHY,84,36,150.0,897.6,134640.0,2024-03-14
2024031401028673,HATHY,11,36,100.0,899.0,89900.0,2024-03-14
2024031401028672,HATHY,32,36,93.0,900.0,83700.0,2024-03-14
2024031404018525,PPCL,39,81,500.0,258.0,129000.0,2024-03-14
2024031403012845,FMDBL,62,36,10.0,615.8,6158.0,2024-03-14
2024031404018524,UNHPL,58,45,50.0,251.0,12550.0,2024-03-14
2024031401028671,SHIVM,19,41,367.0,554.3,203428.1,2024-03-14
2024031401028670,SHIVM,71,41,43.0,554.4,23839.2,2024-03-14
2024031401028669,GCIL,62,19,100.0,556.1,55610.0,2024-03-14
2024031401028668,SHIVM,77,4,10.0,555.0,5550.0,2024-03-14
2024031401028667,GCIL,62,25,100.0,556.1,55610.0,2024-03-14
2024031401028666,SGHC,28,45,50.0,310.6,15530.0,2024-03-14
2024031401028665,HATHY,32,21,20.0,900.0,18000.0,2024-03-14
2024031401028664,HATHY,32,71,187.0,900.0,168300.0,2024-03-14
2024031404018523,UPCL,6,37,10.0,216.0,2160.0,2024-03-14
2024031404018522,UPCL,6,58,190.0,215.3,40907.0,2024-03-14
2024031404018521,RIDI,42,57,50.0,191.8,9590.0,2024-03-14
2024031403012844,CFCL,20,35,150.0,348.9,52335.0,2024-03-14
2024031404018520,UPPER,26,59,100.0,187.8,18780.0,2024-03-14
2024031403012843,GBLBS,1,37,20.0,581.0,11620.0,2024-03-14
2024031403012842,GBLBS,7,37,100.0,581.3,58130.0,2024-03-14
2024031403012841,GBLBS,5,37,20.0,582.1,11642.0,2024-03-14
2024031403012840,NLIC,14,21,12.0,615.0,7380.0,2024-03-14
2024031401028663,SONA,48,36,10.0,513.7,5137.0,2024-03-14
2024031401028662,ILI,6,42,360.0,545.0,196200.0,2024-03-14
2024031401028661,ILI,14,42,90.0,545.1,49059.0,2024-03-14
2024031401028660,BEDC,52,14,10.0,354.9,3549.0,2024-03-14
2024031404018519,CGH,33,52,20.0,832.0,16640.0,2024-03-14
2024031404018518,LEC,11,45,10.0,193.9,1939.0,2024-03-14
2024031401028659,SONA,48,11,70.0,513.7,35959.0,2024-03-14
2024031401028658,SONA,68,11,20.0,513.7,10274.0,2024-03-14
2024031401028657,SONA,68,34,200.0,513.7,102740.0,2024-03-14
2024031401028656,SONA,34,29,10.0,514.0,5140.0,2024-03-14
2024031403012839,PMLI,43,25,40.0,531.0,21240.0,2024-03-14
2024031401028655,DORDI,58,57,120.0,426.9,51228.0,2024-03-14
2024031403012838,SJLIC,4,38,86.0,515.9,44367.4,2024-03-14
2024031403012837,SJLIC,4,43,100.0,515.8,51580.0,2024-03-14
2024031403012836,SJLIC,4,34,140.0,515.5,72170.0,2024-03-14
2024031403012835,SJLIC,4,13,174.0,515.0,89610.0,2024-03-14
2024031404018517,HDHPC,45,38,20.0,144.0,2880.0,2024-03-14
2024031401028654,TPC,6,32,100.0,525.0,52500.0,2024-03-14
2024031403012834,GUFL,71,32,84.0,750.0,63000.0,2024-03-14
2024031403012833,GUFL,22,32,20.0,750.0,15000.0,2024-03-14
2024031403012832,GUFL,36,32,50.0,750.0,37500.0,2024-03-14
2024031403012831,GUFL,1,32,100.0,750.0,75000.0,2024-03-14
2024031403012830,GUFL,58,32,50.0,750.0,37500.0,2024-03-14
2024031403012829,GUFL,36,32,20.0,750.0,15000.0,2024-03-14
2024031403012828,GUFL,49,32,500.0,750.0,375000.0,2024-03-14
2024031403012827,GUFL,56,32,10.0,750.0,7500.0,2024-03-14
2024031403012826,GUFL,55,32,170.0,751.0,127670.0,2024-03-14
2024031403012825,GUFL,58,32,250.0,751.0,187750.0,2024-03-14
2024031403012824,GUFL,3,32,600.0,751.5,450900.0,2024-03-14
2024031403012823,GUFL,51,32,500.0,753.0,376500.0,2024-03-14
2024031403012822,GUFL,8,32,500.0,753.0,376500.0,2024-03-14
2024031403012821,GUFL,4,32,10.0,754.0,7540.0,2024-03-14
2024031403012820,GUFL,6,32,400.0,755.0,302000.0,2024-03-14
2024031403012819,GUFL,58,32,50.0,755.0,37750.0,2024-03-14
2024031403012818,GUFL,42,32,390.0,755.0,294450.0,2024-03-14
2024031403012817,GUFL,58,32,100.0,755.1,75510.0,2024-03-14
2024031403012816,GUFL,28,32,50.0,755.2,37760.0,2024-03-14
2024031403012815,GUFL,28,32,100.0,757.1,75710.0,2024-03-14
2024031403012814,GUFL,41,32,50.0,760.0,38000.0,2024-03-14
2024031403012813,GUFL,58,32,50.0,760.0,38000.0,2024-03-14
2024031403012812,GUFL,39,32,490.0,760.0,372400.0,2024-03-14
2024031403012811,GUFL,49,32,132.0,761.0,100452.0,2024-03-14
2024031403012810,GUFL,58,32,125.0,761.0,95125.0,2024-03-14
2024031403012809,GUFL,56,32,175.0,761.1,133192.5,2024-03-14
2024031403012808,GUFL,35,32,295.0,762.0,224790.0,2024-03-14
2024031403012807,MLBSL,45,38,20.0,1727.9,34558.0,2024-03-14
2024031403012806,MLBSL,45,81,50.0,1727.0,86350.0,2024-03-14
2024031403012805,HLI,91,55,43.0,418.4,17991.2,2024-03-14
2024031403012804,ALICL,44,57,1207.0,588.0,709716.0,2024-03-14
2024031403012803,ALICL,46,57,50.0,588.0,29400.0,2024-03-14
2024031403012802,ALICL,28,57,100.0,588.0,58800.0,2024-03-14
2024031403012801,ALICL,39,57,100.0,588.5,58850.0,2024-03-14
2024031403012800,ALICL,58,57,53.0,590.0,31270.0,2024-03-14
2024031403012799,ALICL,57,57,140.0,590.1,82614.0,2024-03-14
2024031403012798,GUFL,57,41,100.0,762.2,76220.0,2024-03-14
2024031401028653,NICA,59,11,1.0,426.0,426.0,2024-03-14
2024031401028652,NICA,59,28,49.0,426.0,20874.0,2024-03-14
2024031401028651,NABIL,47,49,20.0,471.0,9420.0,2024-03-14
2024031404018516,MEN,50,49,28.0,573.0,16044.0,2024-03-14
2024031404018515,MEN,54,49,372.0,573.5,213342.0,2024-03-14
2024031401028650,SONA,52,29,10.0,514.0,5140.0,2024-03-14
2024031401028649,ILI,14,42,10.0,545.1,5451.0,2024-03-14
2024031401028648,ILI,52,42,10.0,545.1,5451.0,2024-03-14
2024031401028647,SONA,5,29,80.0,514.0,41120.0,2024-03-14
2024031401028646,SONA,5,34,10.0,513.8,5138.0,2024-03-14
2024031401028645,SONA,5,58,10.0,513.8,5138.0,2024-03-14
2024031401028644,GVL,58,3,34.0,441.3,15004.2,2024-03-14
2024031401028643,MCHL,3,54,10.0,337.4,3374.0,2024-03-14
2024031404018514,UPPER,26,40,200.0,187.8,37560.0,2024-03-14
2024031404018513,SGIC,59,61,10.0,533.1,5331.0,2024-03-14
2024031404018512,SGIC,29,61,50.0,533.1,26655.0,2024-03-14
2024031404018511,SGIC,34,61,200.0,533.1,106620.0,2024-03-14
2024031404018510,SGIC,20,61,30.0,533.1,15993.0,2024-03-14
2024031403012797,FMDBL,34,36,20.0,615.8,12316.0,2024-03-14
2024031403012796,FMDBL,34,44,50.0,615.5,30775.0,2024-03-14
2024031403012795,FMDBL,34,59,130.0,615.0,79950.0,2024-03-14
2024031401028642,CLI,42,34,53.0,465.0,24645.0,2024-03-14
2024031401028641,CLI,49,34,34.0,465.0,15810.0,2024-03-14
2024031401028640,CLI,48,34,153.0,465.1,71160.3,2024-03-14
2024031401028639,CLI,35,34,50.0,465.4,23270.0,2024-03-14
2024031401028638,CLI,38,34,210.0,466.0,97860.0,2024-03-14
2024031403012794,SABSL,26,26,80.0,675.2,54016.0,2024-03-14
2024031403012793,SABSL,47,26,10.0,676.0,6760.0,2024-03-14
2024031401028637,TPC,38,55,10.0,533.0,5330.0,2024-03-14
2024031401028636,GCIL,62,18,10.0,556.1,5561.0,2024-03-14
2024031401028635,SHIVM,77,4,10.0,555.0,5550.0,2024-03-14
2024031404018509,SICL,32,38,10.0,720.0,7200.0,2024-03-14
2024031404018508,UPPER,32,65,237.0,187.9,44532.3,2024-03-14
2024031403012792,NLIC,6,35,100.0,616.0,61600.0,2024-03-14
2024031401028634,MHCL,45,45,51.0,453.0,23103.0,2024-03-14
2024031404018507,SHL,22,45,100.0,453.0,45300.0,2024-03-14
2024031404018506,SHL,59,45,100.0,453.0,45300.0,2024-03-14
2024031404018505,SHL,38,45,100.0,453.0,45300.0,2024-03-14
2024031404018504,SHL,1,45,100.0,453.0,45300.0,2024-03-14
2024031404018503,SHL,25,45,100.0,453.0,45300.0,2024-03-14
2024031404018502,SHL,7,45,150.0,453.0,67950.0,2024-03-14
2024031404018501,SHL,44,45,630.0,453.1,285453.0,2024-03-14
2024031401028633,ULBSL,49,57,10.0,1240.0,12400.0,2024-03-14
2024031404018500,AKPL,5,17,14.0,186.0,2604.0,2024-03-14
2024031404018499,AKPL,26,17,30.0,186.0,5580.0,2024-03-14
2024031404018498,AKPL,41,17,150.0,186.0,27900.0,2024-03-14
2024031404018497,AKPL,34,17,602.0,186.0,111972.0,2024-03-14
2024031404018496,AKPL,34,17,50.0,186.2,9310.0,2024-03-14
2024031404018495,AKPL,45,17,154.0,186.2,28674.8,2024-03-14
2024031401028632,VLUCL,34,22,20.0,533.0,10660.0,2024-03-14
2024031401028631,PRVU,34,33,530.0,148.8,78864.0,2024-03-14
2024031403012791,FOWAD,58,49,10.0,1097.0,10970.0,2024-03-14
2024031403012790,MDB,62,71,100.0,418.5,41850.0,2024-03-14
2024031404018494,UMHL,33,17,650.0,265.0,172250.0,2024-03-14
2024031401028630,RFPL,17,57,313.0,377.6,118188.8,2024-03-14
2024031404018493,KKHC,35,14,50.0,248.0,12400.0,2024-03-14
2024031404018492,KKHC,35,57,140.0,247.0,34580.0,2024-03-14
2024031401028629,MSHL,1,35,10.0,620.4,6204.0,2024-03-14
2024031401028628,SMJC,21,37,50.0,380.0,19000.0,2024-03-14
2024031405005015,HRL,36,1,10.0,631.0,6310.0,2024-03-14
2024031404018491,KPCL,85,65,10.0,410.9,4109.0,2024-03-14
2024031404018490,KPCL,85,6,50.0,410.0,20500.0,2024-03-14
2024031403012789,FMDBL,17,59,10.0,615.0,6150.0,2024-03-14
2024031403012788,CBBL,52,34,23.0,864.9,19892.7,2024-03-14
2024031401028627,SHIVM,52,4,200.0,555.0,111000.0,2024-03-14
2024031401028626,NRM,42,38,50.0,390.0,19500.0,2024-03-14
2024031404018489,UNHPL,48,45,200.0,251.0,50200.0,2024-03-14
2024031403012787,USLB,62,42,41.0,1637.0,67117.0,2024-03-14
2024031403012786,USLB,62,21,35.0,1637.0,57295.0,2024-03-14
2024031403012785,USLB,62,22,34.0,1635.0,55590.0,2024-03-14
2024031403012784,USLB,62,28,34.0,1633.0,55522.0,2024-03-14
2024031403012783,USLB,62,57,10.0,1632.0,16320.0,2024-03-14
2024031403012782,USLB,62,49,20.0,1632.0,32640.0,2024-03-14
2024031403012781,USLB,62,58,30.0,1632.0,48960.0,2024-03-14
2024031403012780,USLB,62,7,10.0,1632.0,16320.0,2024-03-14
2024031403012779,USLB,62,57,19.0,1632.0,31008.0,2024-03-14
2024031403012778,USLB,62,34,10.0,1632.0,16320.0,2024-03-14
2024031403012777,USLB,62,7,10.0,1632.0,16320.0,2024-03-14
2024031403012776,USLB,62,14,100.0,1631.9,163190.0,2024-03-14
2024031403012775,USLB,62,7,50.0,1631.8,81590.0,2024-03-14
2024031403012774,USLB,62,14,95.0,1631.7,155011.5,2024-03-14
2024031403012773,USLB,62,58,10.0,1631.6,16316.0,2024-03-14
2024031403012772,USLB,62,57,34.0,1631.0,55454.0,2024-03-14
2024031403012771,USLB,62,58,20.0,1631.0,32620.0,2024-03-14
2024031403012770,USLB,62,29,50.0,1630.6,81530.0,2024-03-14
2024031403012769,USLB,62,63,10.0,1630.0,16300.0,2024-03-14
2024031403012768,USLB,62,14,100.0,1629.9,162990.0,2024-03-14
2024031403012767,USLB,62,34,404.0,1621.8,655207.2,2024-03-14
2024031403012766,USLB,62,49,10.0,1621.3,16213.0,2024-03-14
2024031403012765,USLB,62,45,10.0,1621.0,16210.0,2024-03-14
2024031403012764,USLB,62,52,214.0,1620.0,346680.0,2024-03-14
2024031403012763,USLB,62,49,10.0,1620.0,16200.0,2024-03-14
2024031403012762,USLB,62,59,100.0,1620.0,162000.0,2024-03-14
2024031403012761,USLB,62,6,20.0,1620.0,32400.0,2024-03-14
2024031403012760,USLB,62,21,60.0,1619.0,97140.0,2024-03-14
2024031403012759,USLB,62,7,10.0,1618.0,16180.0,2024-03-14
2024031403012758,USLB,62,42,34.0,1615.0,54910.0,2024-03-14
2024031403012757,USLB,62,58,50.0,1612.0,80600.0,2024-03-14
2024031403012756,USLB,62,45,30.0,1610.0,48300.0,2024-03-14
2024031403012755,USLB,62,57,10.0,1607.0,16070.0,2024-03-14
2024031403012754,USLB,62,35,26.0,1605.0,41730.0,2024-03-14
2024031403012753,USLB,62,59,190.0,1605.0,304950.0,2024-03-14
2024031401028625,NICA,14,28,100.0,426.0,42600.0,2024-03-14
2024031401028624,NICA,45,28,30.0,426.0,12780.0,2024-03-14
2024031401028623,NICA,13,28,10.0,426.0,4260.0,2024-03-14
2024031401028622,NICA,5,28,275.0,426.0,117150.0,2024-03-14
2024031401028621,NICA,44,28,56.0,426.1,23861.6,2024-03-14
2024031401028620,NICA,42,28,100.0,426.2,42620.0,2024-03-14
2024031401028619,MAKAR,58,81,10.0,390.0,3900.0,2024-03-14
2024031401028618,CLI,38,58,10.0,466.0,4660.0,2024-03-14
2024031401028617,SNLI,41,51,20.0,616.0,12320.0,2024-03-14
2024031405005014,NIFRA,34,58,25.0,212.5,5312.5,2024-03-14
2024031404018488,AHPC,41,7,343.0,186.0,63798.0,2024-03-14
2024031404018487,AHPC,41,7,110.0,186.1,20471.0,2024-03-14
2024031404018486,AHPC,22,7,100.0,186.1,18610.0,2024-03-14
2024031404018485,AHPC,58,7,10.0,186.1,1861.0,2024-03-14
2024031404018484,AHPC,55,7,400.0,186.1,74440.0,2024-03-14
2024031404018483,AHPC,8,7,335.0,186.1,62343.5,2024-03-14
2024031401028616,SHIVM,71,38,50.0,554.4,27720.0,2024-03-14
2024031403012752,MLBSL,35,38,16.0,1708.0,27328.0,2024-03-14
2024031403012751,MLBSL,34,38,20.0,1713.0,34260.0,2024-03-14
2024031403012750,MLBSL,59,38,10.0,1713.1,17131.0,2024-03-14
2024031403012749,KRBL,51,32,40.0,395.2,15808.0,2024-03-14
2024031404018482,HURJA,58,86,50.0,298.0,14900.0,2024-03-14
2024031404018481,HURJA,58,86,200.0,299.0,59800.0,2024-03-14
2024031401028615,MEL,45,45,10.0,225.5,2255.0,2024-03-14
2024031403012748,WNLB,17,13,41.0,1156.5,47416.5,2024-03-14
2024031401028614,PPL,58,59,10.0,338.5,3385.0,2024-03-14
2024031401028613,SMJC,49,45,60.0,381.0,22860.0,2024-03-14
2024031401028612,IHL,21,14,10.0,372.0,3720.0,2024-03-14
2024031404018480,GHL,17,50,10.0,169.0,1690.0,2024-03-14
2024031401028611,PCBL,42,42,2.0,198.0,396.0,2024-03-14
2024031403012747,MNBBL,26,49,125.0,364.0,45500.0,2024-03-14
2024031403012746,MNBBL,26,54,54.0,363.9,19650.6,2024-03-14
2024031403012745,MNBBL,26,1,50.0,363.0,18150.0,2024-03-14
2024031401028610,VLUCL,34,44,75.0,533.0,39975.0,2024-03-14
2024031401028609,VLUCL,38,44,55.0,533.0,29315.0,2024-03-14
2024031403012744,FMDBL,13,41,10.0,614.9,6149.0,2024-03-14
2024031404018479,SHPC,44,41,10.0,344.0,3440.0,2024-03-14
2024031403012743,NADEP,58,41,80.0,601.0,48080.0,2024-03-14
2024031403012742,RSDC,58,38,53.0,575.0,30475.0,2024-03-14
2024031403012741,RSDC,58,51,20.0,575.0,11500.0,2024-03-14
2024031401028608,GCIL,62,58,740.0,556.1,411514.0,2024-03-14
2024031401028607,GCIL,65,58,260.0,557.0,144820.0,2024-03-14
2024031404018478,GHL,45,50,200.0,169.0,33800.0,2024-03-14
2024031404018477,MEN,49,45,20.0,574.0,11480.0,2024-03-14
2024031401028606,NRM,57,38,100.0,390.0,39000.0,2024-03-14
2024031401028605,NRM,50,38,500.0,390.0,195000.0,2024-03-14
2024031401028604,SAMAJ,38,16,10.0,2099.0,20990.0,2024-03-14
2024031401028603,SAMAJ,38,26,10.0,2065.0,20650.0,2024-03-14
2024031403012740,EDBL,57,57,10.0,358.8,3588.0,2024-03-14
2024031401028602,SHLB,57,33,53.0,986.0,52258.0,2024-03-14
2024031401028601,SHLB,57,34,20.0,985.0,19700.0,2024-03-14
2024031401028600,SHLB,57,7,10.0,985.0,9850.0,2024-03-14
2024031401028599,SHLB,57,45,10.0,985.0,9850.0,2024-03-14
2024031401028598,SHLB,57,32,18.0,984.8,17726.4,2024-03-14
2024031401028597,SHLB,57,57,10.0,983.0,9830.0,2024-03-14
2024031401028596,SHLB,57,51,50.0,983.0,49150.0,2024-03-14
2024031401028595,SHLB,57,44,20.0,983.0,19660.0,2024-03-14
2024031401028594,SHLB,57,58,10.0,982.0,9820.0,2024-03-14
2024031401028593,SHLB,57,51,10.0,982.0,9820.0,2024-03-14
2024031401028592,SHLB,57,41,29.0,982.0,28478.0,2024-03-14
2024031401028591,SHLB,57,40,10.0,981.0,9810.0,2024-03-14
2024031401028590,SHLB,57,57,10.0,980.0,9800.0,2024-03-14
2024031403012739,SHINE,42,21,100.0,380.0,38000.0,2024-03-14
2024031403012738,SJLIC,34,36,11.0,511.4,5625.4,2024-03-14
2024031403012737,SJLIC,4,36,49.0,512.0,25088.0,2024-03-14
2024031403012736,SJLIC,25,36,300.0,512.0,153600.0,2024-03-14
2024031403012735,SJLIC,34,36,30.0,512.0,15360.0,2024-03-14
2024031403012734,SJLIC,5,36,500.0,512.1,256050.0,2024-03-14
2024031403012733,SJLIC,5,36,800.0,512.2,409760.0,2024-03-14
2024031403012732,SJLIC,59,36,10.0,512.2,5122.0,2024-03-14
2024031403012731,SJLIC,5,36,60.0,512.2,30732.0,2024-03-14
2024031403012730,SJLIC,52,36,30.0,513.0,15390.0,2024-03-14
2024031403012729,SJLIC,40,36,10.0,513.2,5132.0,2024-03-14
2024031401028589,GCIL,65,6,40.0,557.0,22280.0,2024-03-14
2024031404018476,RURU,5,59,10.0,710.0,7100.0,2024-03-14
2024031401028588,AVYAN,3,57,10.0,644.0,6440.0,2024-03-14
2024031401028587,AVYAN,3,57,10.0,643.0,6430.0,2024-03-14
2024031404018475,RIDI,42,34,20.0,192.2,3844.0,2024-03-14
2024031401028586,MSHL,64,57,10.0,624.0,6240.0,2024-03-14
2024031401028585,MSHL,64,34,10.0,623.0,6230.0,2024-03-14
2024031404018474,GHL,48,50,100.0,169.0,16900.0,2024-03-14
2024031401028584,DOLTI,57,43,200.0,403.0,80600.0,2024-03-14
2024031401028583,DOLTI,71,43,500.0,403.0,201500.0,2024-03-14
2024031401028582,DOLTI,89,43,100.0,403.0,40300.0,2024-03-14
2024031401028581,DOLTI,39,43,50.0,403.2,20160.0,2024-03-14
2024031401028580,DOLTI,7,43,150.0,404.0,60600.0,2024-03-14
2024031401028579,BGWT,42,51,151.0,598.0,90298.0,2024-03-14
2024031404018473,GHL,11,26,960.0,168.7,161952.0,2024-03-14
2024031404018472,GHL,14,26,30.0,168.7,5061.0,2024-03-14
2024031404018471,GHL,58,26,10.0,168.8,1688.0,2024-03-14
2024031403012728,KSBBL,25,8,88.0,355.0,31240.0,2024-03-14
2024031403012727,KSBBL,41,8,25.0,355.0,8875.0,2024-03-14
2024031401028578,CZBIL,7,42,25.0,165.4,4135.0,2024-03-14
2024031403012726,GMFIL,33,57,37.0,371.0,13727.0,2024-03-14
2024031401028577,JBLB,21,32,49.0,1368.0,67032.0,2024-03-14
2024031401028576,LSL,16,58,100.0,167.0,16700.0,2024-03-14
2024031404018470,UNHPL,36,16,375.0,250.0,93750.0,2024-03-14
2024031404018469,UNHPL,37,16,625.0,250.0,156250.0,2024-03-14
2024031403012725,HLI,43,55,20.0,418.3,8366.0,2024-03-14
2024031401028575,MKCL,32,58,10.0,955.0,9550.0,2024-03-14
2024031401028574,DORDI,86,69,32.0,424.1,13571.2,2024-03-14
2024031401028573,DORDI,58,69,25.0,424.2,10605.0,2024-03-14
2024031401028572,DORDI,32,69,100.0,425.0,42500.0,2024-03-14
2024031401028571,DORDI,82,69,1500.0,425.0,637500.0,2024-03-14
2024031401028570,DORDI,57,69,500.0,425.0,212500.0,2024-03-14
2024031401028569,DORDI,95,69,400.0,425.5,170200.0,2024-03-14
2024031401028568,DORDI,11,69,100.0,425.5,42550.0,2024-03-14
2024031401028567,DORDI,38,69,10.0,426.0,4260.0,2024-03-14
2024031401028566,DORDI,38,69,50.0,426.0,21300.0,2024-03-14
2024031401028565,DORDI,18,69,500.0,426.1,213050.0,2024-03-14
2024031401028564,DORDI,21,69,500.0,426.2,213100.0,2024-03-14
2024031404018468,HPPL,58,45,90.0,278.3,25047.0,2024-03-14
2024031403012724,NADEP,19,38,690.0,600.0,414000.0,2024-03-14
2024031403012723,NADEP,5,38,100.0,600.1,60010.0,2024-03-14
2024031404018467,GHL,38,50,516.0,169.0,87204.0,2024-03-14
2024031404018466,GHL,38,1,40.0,169.0,6760.0,2024-03-14
2024031404018465,GHL,38,35,444.0,169.0,75036.0,2024-03-14
2024031403012722,SFCL,57,45,200.0,319.0,63800.0,2024-03-14
2024031401028563,NRM,38,45,10.0,391.0,3910.0,2024-03-14
2024031401028562,MMKJL,57,57,200.0,430.0,86000.0,2024-03-14
2024031401028561,SHIVM,71,59,107.0,554.4,59320.8,2024-03-14
2024031401028560,CITY,35,49,19.0,608.0,11552.0,2024-03-14
2024031401028559,JBLB,21,21,30.0,1368.0,41040.0,2024-03-14
2024031401028558,JBLB,53,21,70.0,1368.0,95760.0,2024-03-14
2024031403012721,CFCL,20,49,200.0,348.9,69780.0,2024-03-14
2024031401028557,NBL,52,42,1218.0,223.5,272223.0,2024-03-14
2024031401028556,NBL,13,42,10.0,223.7,2237.0,2024-03-14
2024031401028555,NBL,57,42,72.0,223.7,16106.4,2024-03-14
2024031403012720,JSLBB,29,62,235.0,1014.8,238478.0,2024-03-14
2024031403012719,JSLBB,29,41,90.0,1010.0,90900.0,2024-03-14
2024031403012718,JSLBB,29,52,50.0,1010.0,50500.0,2024-03-14
2024031403012717,JSLBB,29,45,125.0,999.0,124875.0,2024-03-14
2024031401028554,BHPL,43,42,100.0,482.0,48200.0,2024-03-14
2024031403012716,GRDBL,19,51,21.0,369.0,7749.0,2024-03-14
2024031404018464,NGPL,50,41,200.0,315.0,63000.0,2024-03-14
2024031401028553,RAWA,34,4,250.0,473.0,118250.0,2024-03-14
2024031401028552,SONA,26,29,100.0,514.0,51400.0,2024-03-14
2024031401028551,TAMOR,45,8,45.0,387.0,17415.0,2024-03-14
2024031401028550,UHEWA,32,56,10.0,349.7,3497.0,2024-03-14
2024031401028549,CLI,48,57,347.0,465.1,161389.7,2024-03-14
2024031401028548,CLI,44,57,300.0,465.2,139560.0,2024-03-14
2024031401028547,CLI,42,57,43.0,465.3,20007.9,2024-03-14
2024031401028546,CLI,58,57,10.0,465.4,4654.0,2024-03-14
2024031405005013,HRL,36,38,30.0,631.0,18930.0,2024-03-14
2024031401028545,GBIME,57,21,23.0,192.2,4420.6,2024-03-14
2024031401028544,MKCL,36,57,10.0,958.0,9580.0,2024-03-14
2024031401028543,MKCL,36,49,10.0,958.0,9580.0,2024-03-14
2024031405005012,BBC,49,17,10.0,3900.0,39000.0,2024-03-14
2024031404018463,SSHL,44,39,200.0,170.0,34000.0,2024-03-14
2024031404018462,SSHL,54,39,186.0,170.0,31620.0,2024-03-14
2024031401028542,SONA,68,14,160.0,513.7,82192.0,2024-03-14
2024031401028541,SONA,16,14,50.0,513.8,25690.0,2024-03-14
2024031401028540,SONA,22,14,760.0,513.8,390488.0,2024-03-14
2024031401028539,CZBIL,52,42,75.0,165.4,12405.0,2024-03-14
2024031404018461,CGH,33,42,120.0,832.0,99840.0,2024-03-14
2024031404018460,CGH,49,42,100.0,833.0,83300.0,2024-03-14
2024031404018459,CGH,87,42,50.0,833.0,41650.0,2024-03-14
2024031404018458,CGH,38,42,230.0,833.0,191590.0,2024-03-14
2024031404018457,CGH,29,42,200.0,833.0,166600.0,2024-03-14
2024031404018456,CGH,60,42,300.0,833.1,249930.0,2024-03-14
2024031405005011,HRL,36,62,300.0,631.0,189300.0,2024-03-14
2024031401028538,GBIME,28,40,409.0,193.9,79305.1,2024-03-14
2024031401028537,GBIME,28,41,27.0,193.8,5232.6,2024-03-14
2024031401028536,GBIME,28,26,100.0,193.5,19350.0,2024-03-14
2024031401028535,GBIME,28,35,50.0,193.0,9650.0,2024-03-14
2024031401028534,GBIME,28,57,24.0,193.0,4632.0,2024-03-14
2024031401028533,GBIME,28,43,380.0,193.0,73340.0,2024-03-14
2024031404018455,NGPL,62,47,130.0,314.1,40833.0,2024-03-14
2024031405005010,HRL,36,19,20.0,631.0,12620.0,2024-03-14
2024031404018454,API,37,19,100.0,188.2,18820.0,2024-03-14
2024031404018453,API,37,8,501.0,188.2,94288.2,2024-03-14
2024031403012715,GBLBS,7,14,50.0,588.0,29400.0,2024-03-14
2024031403012714,GBLBS,7,25,82.0,585.0,47970.0,2024-03-14
2024031403012713,GBLBS,7,34,30.0,583.0,17490.0,2024-03-14
2024031401028532,SONA,22,34,800.0,513.8,411040.0,2024-03-14
2024031401028531,MKHC,57,16,970.0,299.0,290030.0,2024-03-14
2024031401028530,MKHC,17,16,30.0,299.1,8973.0,2024-03-14
2024031404018452,API,37,32,300.0,188.2,56460.0,2024-03-14
2024031405005009,HRL,36,25,10.0,631.0,6310.0,2024-03-14
2024031403012712,SLBBL,32,41,75.0,666.0,49950.0,2024-03-14
2024031404018451,IGI,16,45,300.0,550.2,165060.0,2024-03-14
2024031401028529,NWCL,58,13,50.0,766.0,38300.0,2024-03-14
2024031401028528,NWCL,10,13,60.0,766.0,45960.0,2024-03-14
2024031403012711,SJLIC,17,13,36.0,515.0,18540.0,2024-03-14
2024031403012710,NFS,59,38,245.0,377.0,92365.0,2024-03-14
2024031401028527,SHLB,57,42,43.0,980.0,42140.0,2024-03-14
2024031401028526,SHLB,57,19,50.0,979.0,48950.0,2024-03-14
2024031401028525,SHLB,57,19,97.0,975.0,94575.0,2024-03-14
2024031401028524,SHLB,57,49,10.0,974.0,9740.0,2024-03-14
2024031401028523,SHLB,34,38,30.0,968.4,29052.0,2024-03-14
2024031401028522,SHLB,56,38,20.0,970.1,19402.0,2024-03-14
2024031401028521,PHCL,58,58,1000.0,322.1,322100.0,2024-03-14
2024031405005008,HRL,36,58,10.0,631.0,6310.0,2024-03-14
2024031404018450,NGPL,59,41,66.0,315.0,20790.0,2024-03-14
2024031405005007,HRL,36,36,40.0,631.0,25240.0,2024-03-14
2024031403012709,NFS,49,58,20.0,377.2,7544.0,2024-03-14
2024031405005006,STC,26,3,11.0,5265.0,57915.0,2024-03-14
2024031405005005,STC,39,3,10.0,5270.1,52701.0,2024-03-14
2024031404018449,UNHPL,37,42,100.0,250.0,25000.0,2024-03-14
2024031404018448,UNHPL,62,42,50.0,250.2,12510.0,2024-03-14
2024031404018447,SHL,44,54,210.0,453.1,95151.0,2024-03-14
2024031401028520,SONA,13,29,200.0,514.0,102800.0,2024-03-14
2024031401028519,SONA,35,29,150.0,514.0,77100.0,2024-03-14
2024031401028518,SONA,44,29,100.0,514.0,51400.0,2024-03-14
2024031401028517,SONA,6,29,171.0,514.0,87894.0,2024-03-14
2024031404018446,SSHL,54,46,700.0,170.0,119000.0,2024-03-14
2024031404018445,SSHL,46,46,500.0,170.0,85000.0,2024-03-14
2024031401028516,SHIVM,77,4,10.0,555.0,5550.0,2024-03-14
2024031405005004,NIFRA,34,47,30.0,212.5,6375.0,2024-03-14
2024031401028515,HATHY,32,71,300.0,900.0,270000.0,2024-03-14
2024031401028514,HDL,89,13,10.0,1617.0,16170.0,2024-03-14
2024031401028513,HDL,33,13,40.0,1617.1,64684.0,2024-03-14
2024031401028512,DORDI,87,58,10.0,426.5,4265.0,2024-03-14
2024031401028511,SONA,6,58,129.0,514.0,66306.0,2024-03-14
2024031401028510,SONA,45,58,351.0,514.0,180414.0,2024-03-14
2024031401028509,SONA,4,58,20.0,514.1,10282.0,2024-03-14
2024031401028508,GCIL,58,34,10.0,557.0,5570.0,2024-03-14
2024031404018444,GHL,49,35,500.0,169.0,84500.0,2024-03-14
2024031401028507,CKHL,70,42,20.0,611.0,12220.0,2024-03-14
2024031401028506,CKHL,70,36,10.0,611.0,6110.0,2024-03-14
2024031404018443,UMRH,5,48,10.0,364.0,3640.0,2024-03-14
2024031404018442,NIL,42,43,10.0,824.0,8240.0,2024-03-14
2024031401028505,ANLB,64,82,10.0,2152.0,21520.0,2024-03-14
2024031401028504,ANLB,64,42,10.0,2150.0,21500.0,2024-03-14
2024031401028503,ANLB,64,57,10.0,2150.0,21500.0,2024-03-14
2024031404018441,API,37,91,40.0,188.2,7528.0,2024-03-14
2024031403012708,JSLBB,26,10,21.0,998.9,20976.9,2024-03-14
2024031403012707,ACLBSL,7,32,15.0,659.0,9885.0,2024-03-14
2024031403012706,CORBL,69,1,225.0,440.0,99000.0,2024-03-14
2024031404018440,NGPL,17,41,100.0,315.0,31500.0,2024-03-14
2024031404018439,NGPL,36,41,156.0,316.0,49296.0,2024-03-14
2024031401028502,HDL,33,45,10.0,1617.1,16171.0,2024-03-14
2024031401028501,TSHL,34,45,10.0,488.1,4881.0,2024-03-14
2024031401028500,SCB,42,45,50.0,526.0,26300.0,2024-03-14
2024031401028499,TAMOR,45,75,300.0,387.0,116100.0,2024-03-14
2024031401028498,TAMOR,38,75,20.0,387.1,7742.0,2024-03-14
2024031401028497,TAMOR,8,75,20.0,387.1,7742.0,2024-03-14
2024031401028496,TAMOR,20,75,100.0,387.1,38710.0,2024-03-14
2024031401028495,TAMOR,17,75,10.0,387.1,3871.0,2024-03-14
2024031401028494,TAMOR,42,75,50.0,387.1,19355.0,2024-03-14
2024031405005003,NIFRA,58,47,24.0,212.5,5100.0,2024-03-14
2024031405005002,NIFRA,58,44,316.0,212.5,67150.0,2024-03-14
2024031401028493,SPHL,58,67,10.0,473.0,4730.0,2024-03-14
2024031401028492,SPHL,58,48,10.0,472.9,4729.0,2024-03-14
2024031404018438,GLH,58,17,10.0,234.0,2340.0,2024-03-14
2024031405005001,HRL,36,38,10.0,631.0,6310.0,2024-03-14
2024031405005000,HRL,36,58,10.0,631.0,6310.0,2024-03-14
2024031405004999,HRL,36,51,20.0,631.0,12620.0,2024-03-14
2024031405004998,HRL,36,29,10.0,631.0,6310.0,2024-03-14
2024031405004997,HRL,36,42,20.0,631.0,12620.0,2024-03-14
2024031405004996,HRL,36,38,10.0,631.0,6310.0,2024-03-14
2024031405004995,HRL,36,45,10.0,631.0,6310.0,2024-03-14
2024031405004994,HRL,36,41,400.0,630.5,252200.0,2024-03-14
2024031401028491,NICA,44,17,74.0,426.1,31531.4,2024-03-14
2024031403012705,SIFC,34,52,276.0,374.0,103224.0,2024-03-14
2024031403012704,SIFC,21,52,20.0,374.0,7480.0,2024-03-14
2024031403012703,SIFC,6,52,493.0,374.0,184382.0,2024-03-14
2024031401028490,NIMB,40,44,41.0,168.5,6908.5,2024-03-14
2024031401028489,GCIL,62,48,10.0,556.1,5561.0,2024-03-14
2024031404018437,UPPER,26,28,162.0,187.8,30423.6,2024-03-14
2024031404018436,UPPER,58,28,19.0,187.8,3568.2,2024-03-14
2024031404018435,UPPER,4,28,819.0,187.8,153808.2,2024-03-14
2024031401028488,SONA,45,47,250.0,514.0,128500.0,2024-03-14
2024031401028487,HATHY,52,71,100.0,900.0,90000.0,2024-03-14
2024031401028486,HATHY,34,71,100.0,900.0,90000.0,2024-03-14
2024031401028485,HATHY,28,71,213.0,900.0,191700.0,2024-03-14
2024031405004993,HRL,58,34,50.0,630.1,31505.0,2024-03-14
2024031405004992,HRL,32,34,450.0,630.1,283545.0,2024-03-14
2024031404018434,SHPC,44,16,233.0,344.0,80152.0,2024-03-14
2024031404018433,RIDI,32,34,100.0,192.2,19220.0,2024-03-14
2024031401028484,CYCL,74,45,20.0,1390.0,27800.0,2024-03-14
2024031404018432,AHPC,8,57,580.0,186.1,107938.0,2024-03-14
2024031404018431,AHPC,8,57,50.0,186.2,9310.0,2024-03-14
2024031404018430,API,37,57,100.0,188.2,18820.0,2024-03-14
2024031401028483,TSHL,37,48,10.0,498.0,4980.0,2024-03-14
2024031401028482,TSHL,37,58,10.0,495.0,4950.0,2024-03-14
2024031401028481,TSHL,37,58,10.0,492.0,4920.0,2024-03-14
2024031405004991,NRN,70,35,27.0,564.0,15228.0,2024-03-14
2024031405004990,NRN,58,35,1000.0,564.3,564300.0,2024-03-14
2024031405004989,NRN,11,35,50.0,564.3,28215.0,2024-03-14
2024031405004988,NRN,38,35,10.0,564.4,5644.0,2024-03-14
2024031403012702,BFC,14,35,300.0,345.1,103530.0,2024-03-14
2024031404018429,NICL,53,58,10.0,864.0,8640.0,2024-03-14
2024031401028480,HDL,42,45,1.0,1618.0,1618.0,2024-03-14
2024031401028479,HDL,58,45,10.0,1618.0,16180.0,2024-03-14
2024031403012701,ICFC,62,49,10.0,503.0,5030.0,2024-03-14
2024031403012700,NFS,59,29,100.0,377.0,37700.0,2024-03-14
2024031401028478,RNLI,48,43,10.0,458.0,4580.0,2024-03-14
2024031401028477,RNLI,48,44,10.0,458.0,4580.0,2024-03-14
2024031401028476,NIMB,25,33,31.0,168.0,5208.0,2024-03-14
2024031401028475,NIMB,56,33,20.0,168.0,3360.0,2024-03-14
2024031401028474,NIMB,34,33,59.0,168.0,9912.0,2024-03-14
2024031401028473,NIMB,57,33,150.0,168.0,25200.0,2024-03-14
2024031401028472,NIMB,47,33,20.0,168.0,3360.0,2024-03-14
2024031401028471,NIMB,6,33,10.0,168.1,1681.0,2024-03-14
2024031401028470,NIMB,25,33,200.0,168.1,33620.0,2024-03-14
2024031401028469,MKHC,6,58,13.0,303.0,3939.0,2024-03-14
2024031401028468,MKHC,6,47,500.0,303.0,151500.0,2024-03-14
2024031401028467,MKHC,6,45,500.0,303.0,151500.0,2024-03-14
2024031401028466,MKHC,6,3,75.0,303.0,22725.0,2024-03-14
2024031401028465,MKHC,6,57,12.0,303.0,3636.0,2024-03-14
2024031401028464,MKHC,6,43,40.0,302.9,12116.0,2024-03-14
2024031401028463,MKHC,6,45,1190.0,302.5,359975.0,2024-03-14
2024031401028462,MKHC,6,45,100.0,302.0,30200.0,2024-03-14
2024031401028461,MKHC,6,19,320.0,302.0,96640.0,2024-03-14
2024031401028460,MKHC,6,49,30.0,302.0,9060.0,2024-03-14
2024031401028459,MKHC,6,36,220.0,301.9,66418.0,2024-03-14
2024031401028458,RAWA,34,59,10.0,477.0,4770.0,2024-03-14
2024031403012699,SWMF,41,49,10.0,701.0,7010.0,2024-03-14
2024031405004987,NRIC,61,41,80.0,770.6,61648.0,2024-03-14
2024031404018428,JOSHI,10,29,250.0,339.0,84750.0,2024-03-14
2024031401028457,PHCL,45,52,10.0,325.0,3250.0,2024-03-14
2024031401028456,KBL,65,45,50.0,145.5,7275.0,2024-03-14
2024031401028455,KBL,49,45,10.0,145.6,1456.0,2024-03-14
2024031401028454,KBL,17,45,30.0,145.6,4368.0,2024-03-14
2024031401028453,KBL,45,45,25.0,145.6,3640.0,2024-03-14
2024031401028452,KBL,49,45,160.0,145.6,23296.0,2024-03-14
2024031405004986,HRL,32,57,20.0,630.1,12602.0,2024-03-14
2024031403012698,NMFBS,44,81,10.0,1121.0,11210.0,2024-03-14
2024031403012697,SJLIC,17,37,10.0,514.9,5149.0,2024-03-14
2024031404018427,TRH,57,49,10.0,786.0,7860.0,2024-03-14
2024031401028451,KBL,49,42,10.0,145.6,1456.0,2024-03-14
2024031401028450,DOLTI,7,68,250.0,404.0,101000.0,2024-03-14
2024031401028449,DOLTI,29,68,50.0,404.0,20200.0,2024-03-14
2024031401028448,DOLTI,21,68,100.0,404.4,40440.0,2024-03-14
2024031401028447,NRM,43,51,43.0,390.0,16770.0,2024-03-14
2024031401028446,NRM,33,51,10.0,390.0,3900.0,2024-03-14
2024031404018426,GHL,43,35,256.0,169.0,43264.0,2024-03-14
2024031403012696,KRBL,51,58,180.0,395.2,71136.0,2024-03-14
2024031404018425,GHL,43,41,10.0,169.0,1690.0,2024-03-14
2024031403012695,KRBL,51,34,20.0,395.1,7902.0,2024-03-14
2024031403012694,KRBL,51,19,10.0,394.9,3949.0,2024-03-14
2024031403012693,ILBS,35,44,10.0,760.0,7600.0,2024-03-14
2024031401028445,SHIVM,77,4,10.0,555.0,5550.0,2024-03-14
2024031401028444,CYCL,77,41,110.0,1400.0,154000.0,2024-03-14
2024031401028443,CYCL,77,77,90.0,1399.0,125910.0,2024-03-14
2024031401028442,MHCL,62,16,250.0,452.6,113150.0,2024-03-14
2024031403012692,LICN,56,55,10.0,1370.0,13700.0,2024-03-14
2024031403012691,LICN,17,55,10.0,1370.0,13700.0,2024-03-14
2024031403012690,LICN,32,55,45.0,1370.0,61650.0,2024-03-14
2024031404018424,SICL,34,38,10.0,720.0,7200.0,2024-03-14
2024031404018423,SPDL,66,85,230.0,257.0,59110.0,2024-03-14
2024031404018422,SPDL,13,85,270.0,257.1,69417.0,2024-03-14
2024031403012689,ALICL,57,19,10.0,591.9,5919.0,2024-03-14
2024031403012688,GFCL,77,57,384.0,460.0,176640.0,2024-03-14
2024031405004985,CIT,81,42,30.0,2151.9,64557.0,2024-03-14
2024031404018421,HPPL,58,21,20.0,278.3,5566.0,2024-03-14
2024031401028441,NRM,33,49,90.0,390.0,35100.0,2024-03-14
2024031401028440,NRM,40,49,200.0,390.0,78000.0,2024-03-14
2024031401028439,NRM,1,49,20.0,390.0,7800.0,2024-03-14
2024031401028438,NRM,57,49,200.0,390.0,78000.0,2024-03-14
2024031404018420,AHPC,22,56,10.0,186.7,1867.0,2024-03-14
2024031404018419,HDHPC,5,38,44.0,144.3,6349.2,2024-03-14
2024031403012687,FOWAD,58,48,10.0,1095.0,10950.0,2024-03-14
2024031403012686,FOWAD,58,25,50.0,1094.4,54720.0,2024-03-14
2024031401028437,UHEWA,57,58,10.0,345.0,3450.0,2024-03-14
2024031401028436,UHEWA,57,54,10.0,345.0,3450.0,2024-03-14
2024031401028435,MBJC,29,54,10.0,322.4,3224.0,2024-03-14
2024031404018418,UMRH,29,38,180.0,363.0,65340.0,2024-03-14
2024031401028434,SHIVM,29,4,43.0,555.0,23865.0,2024-03-14
2024031401028433,SONA,45,48,200.0,514.0,102800.0,2024-03-14
2024031404018417,UPPER,43,65,298.0,187.9,55994.2,2024-03-14
2024031404018416,UPPER,43,46,10.0,187.9,1879.0,2024-03-14
2024031405004984,HRL,32,8,10.0,630.1,6301.0,2024-03-14
2024031401028432,NRM,50,7,50.0,390.0,19500.0,2024-03-14
2024031401028431,NRM,42,7,100.0,390.0,39000.0,2024-03-14
2024031401028430,NRM,22,7,15.0,390.0,5850.0,2024-03-14
2024031401028429,NRM,17,7,200.0,390.1,78020.0,2024-03-14
2024031403012685,HLBSL,45,46,10.0,633.7,6337.0,2024-03-14
2024031401028428,AHL,34,57,405.0,442.5,179212.5,2024-03-14
2024031401028427,RAWA,34,1,80.0,473.0,37840.0,2024-03-14
2024031401028426,RAWA,18,1,100.0,473.0,47300.0,2024-03-14
2024031401028425,RAWA,38,1,10.0,473.1,4731.0,2024-03-14
2024031401028424,RAWA,36,1,10.0,474.0,4740.0,2024-03-14
2024031401028423,RAWA,36,1,200.0,474.0,94800.0,2024-03-14
2024031403012684,SINDU,21,52,20.0,344.0,6880.0,2024-03-14
2024031404018415,GHL,17,41,10.0,169.0,1690.0,2024-03-14
2024031401028422,MHCL,58,39,2.0,453.0,906.0,2024-03-14
2024031401028421,MHCL,16,39,12.0,453.0,5436.0,2024-03-14
2024031401028420,MHCL,61,39,16.0,453.0,7248.0,2024-03-14
2024031404018414,UAIL,94,17,83.0,556.0,46148.0,2024-03-14
2024031404018413,UAIL,42,17,10.0,556.5,5565.0,2024-03-14
2024031404018412,UAIL,58,17,100.0,556.5,55650.0,2024-03-14
2024031403012683,PMLI,22,25,50.0,531.0,26550.0,2024-03-14
2024031401028419,SMJC,52,45,10.0,381.0,3810.0,2024-03-14
2024031404018411,GHL,58,41,40.0,169.0,6760.0,2024-03-14
2024031403012682,NICLBSL,35,42,10.0,578.0,5780.0,2024-03-14
2024031403012681,NICLBSL,45,42,50.0,578.0,28900.0,2024-03-14
2024031403012680,NICLBSL,42,42,100.0,578.0,57800.0,2024-03-14
2024031403012679,NICLBSL,70,42,500.0,578.2,289100.0,2024-03-14
2024031403012678,NICLBSL,3,42,65.0,579.0,37635.0,2024-03-14
2024031403012677,NICLBSL,26,42,20.0,579.0,11580.0,2024-03-14
2024031401028418,SONA,45,29,10.0,514.0,5140.0,2024-03-14
2024031401028417,SHIVM,19,48,31.0,554.3,17183.3,2024-03-14
2024031401028416,SBL,43,25,13.0,230.0,2990.0,2024-03-14
2024031404018410,UPPER,4,16,181.0,187.8,33991.8,2024-03-14
2024031404018409,UPPER,26,16,200.0,187.8,37560.0,2024-03-14
2024031401028415,HDL,33,46,30.0,1617.1,48513.0,2024-03-14
2024031401028414,MBJC,25,6,60.0,323.0,19380.0,2024-03-14
2024031401028413,RHGCL,16,45,200.0,300.4,60080.0,2024-03-14
2024031401028412,TAMOR,38,81,332.0,388.0,128816.0,2024-03-14
2024031401028411,SMJC,34,35,50.0,380.1,19005.0,2024-03-14
2024031401028410,SHLB,56,35,10.0,970.1,9701.0,2024-03-14
2024031401028409,HATHY,89,58,10.0,904.0,9040.0,2024-03-14
2024031401028408,HATHY,89,28,11.0,904.0,9944.0,2024-03-14
2024031401028407,HATHY,89,8,12.0,902.0,10824.0,2024-03-14
2024031401028406,HATHY,89,19,461.0,901.0,415361.0,2024-03-14
2024031401028405,ILI,58,57,18.0,545.2,9813.6,2024-03-14
2024031401028404,ILI,10,57,20.0,545.2,10904.0,2024-03-14
2024031404018408,UPPER,16,59,100.0,187.7,18770.0,2024-03-14
2024031403012676,CORBL,45,36,80.0,435.1,34808.0,2024-03-14
2024031404018407,HURJA,58,65,300.0,299.0,89700.0,2024-03-14
2024031401028403,IHL,49,49,70.0,370.1,25907.0,2024-03-14
2024031401028402,IHL,5,49,50.0,370.2,18510.0,2024-03-14
2024031403012675,HLI,43,67,101.0,418.3,42248.3,2024-03-14
2024031401028401,SANIMA,33,80,116.0,245.0,28420.0,2024-03-14
2024031401028400,SANIMA,62,80,225.0,245.0,55125.0,2024-03-14
2024031401028399,SANIMA,54,80,100.0,245.0,24500.0,2024-03-14
2024031401028398,SANIMA,57,80,10.0,245.0,2450.0,2024-03-14
2024031401028397,SANIMA,74,80,100.0,245.0,24500.0,2024-03-14
2024031401028396,SANIMA,34,80,10.0,245.0,2450.0,2024-03-14
2024031401028395,SANIMA,45,80,10.0,245.1,2451.0,2024-03-14
2024031401028394,SANIMA,57,80,100.0,245.2,24520.0,2024-03-14
2024031401028393,SANIMA,41,80,500.0,245.2,122600.0,2024-03-14
2024031401028392,SANIMA,16,80,10.0,246.0,2460.0,2024-03-14
2024031401028391,SANIMA,11,80,100.0,246.0,24600.0,2024-03-14
2024031401028390,SANIMA,16,80,329.0,246.0,80934.0,2024-03-14
2024031401028389,SANIMA,1,80,100.0,246.0,24600.0,2024-03-14
2024031401028388,SANIMA,42,80,200.0,246.0,49200.0,2024-03-14
2024031401028387,SANIMA,40,80,90.0,246.1,22149.0,2024-03-14
2024031404018406,PPCL,58,81,100.0,258.0,25800.0,2024-03-14
2024031404018405,UPPER,58,16,100.0,187.8,18780.0,2024-03-14
2024031403012674,RSDC,42,32,60.0,575.0,34500.0,2024-03-14
2024031404018404,CGH,7,42,617.0,834.0,514578.0,2024-03-14
2024031404018403,JOSHI,13,51,200.0,338.0,67600.0,2024-03-14
2024031403012673,GFCL,53,42,10.0,464.5,4645.0,2024-03-14
2024031404018402,NGPL,36,44,500.0,316.0,158000.0,2024-03-14
2024031401028386,CLI,77,70,20.0,468.0,9360.0,2024-03-14
2024031401028385,CLI,77,21,180.0,467.9,84222.0,2024-03-14
2024031401028384,CLI,77,25,100.0,467.8,46780.0,2024-03-14
2024031401028383,MEL,45,25,20.0,225.5,4510.0,2024-03-14
2024031403012672,BFC,14,32,400.0,345.1,138040.0,2024-03-14
2024031403012671,BFC,25,32,100.0,345.1,34510.0,2024-03-14
2024031404018401,SICL,32,38,20.0,720.0,14400.0,2024-03-14
2024031401028382,HDL,33,41,10.0,1617.1,16171.0,2024-03-14
2024031401028381,SHIVM,45,4,60.0,555.0,33300.0,2024-03-14
2024031401028380,MEL,45,19,500.0,225.9,112950.0,2024-03-14
2024031404018400,UPCL,35,58,10.0,215.3,2153.0,2024-03-14
2024031403012670,HLI,43,34,10.0,418.3,4183.0,2024-03-14
2024031404018399,NGPL,36,52,100.0,316.0,31600.0,2024-03-14
2024031404018398,NGPL,36,51,44.0,316.0,13904.0,2024-03-14
2024031404018397,NGPL,36,46,200.0,315.0,63000.0,2024-03-14
2024031404018396,UMHL,58,17,40.0,266.0,10640.0,2024-03-14
2024031401028379,DORDI,39,57,40.0,426.9,17076.0,2024-03-14
2024031404018395,BARUN,17,42,17.0,251.0,4267.0,2024-03-14
2024031404018394,IGI,65,10,300.0,551.0,165300.0,2024-03-14
2024031401028378,CYCL,66,77,10.0,1399.0,13990.0,2024-03-14
2024031401028377,ADBL,54,45,10.0,233.6,2336.0,2024-03-14
2024031404018393,AHPC,8,4,85.0,186.1,15818.5,2024-03-14
2024031404018392,AHPC,47,4,10.0,186.1,1861.0,2024-03-14
2024031404018391,AHPC,35,4,140.0,186.1,26054.0,2024-03-14
2024031404018390,UPPER,19,16,1000.0,187.8,187800.0,2024-03-14
2024031405004983,HRL,32,19,20.0,630.1,12602.0,2024-03-14
2024031405004982,HRL,43,19,80.0,630.2,50416.0,2024-03-14
2024031401028376,SHIVM,77,4,10.0,555.0,5550.0,2024-03-14
2024031401028375,SHLB,56,6,10.0,970.1,9701.0,2024-03-14
2024031405004981,NRN,38,57,90.0,564.4,50796.0,2024-03-14
2024031405004980,NRN,10,57,10.0,564.4,5644.0,2024-03-14
2024031405004979,CIT,45,76,19.0,2150.5,40859.5,2024-03-14
2024031404018389,CHCL,17,45,90.0,472.0,42480.0,2024-03-14
2024031401028374,CKHL,70,14,10.0,610.0,6100.0,2024-03-14
2024031401028373,CKHL,70,22,10.0,610.0,6100.0,2024-03-14
2024031401028372,EHPL,57,65,110.0,439.0,48290.0,2024-03-14
2024031401028371,EHPL,34,65,100.0,440.0,44000.0,2024-03-14
2024031401028370,EHPL,34,65,100.0,441.0,44100.0,2024-03-14
2024031401028369,EHPL,34,65,100.0,442.0,44200.0,2024-03-14
2024031401028368,EHPL,34,65,90.0,443.0,39870.0,2024-03-14
2024031404018388,UPPER,36,16,19.0,187.8,3568.2,2024-03-14
2024031404018387,UPPER,36,65,481.0,187.8,90331.8,2024-03-14
2024031401028367,SRLI,36,33,100.0,458.0,45800.0,2024-03-14
2024031401028366,PRVU,43,33,100.0,148.8,14880.0,2024-03-14
2024031401028365,PRVU,43,45,400.0,148.7,59480.0,2024-03-14
