transaction,symbol,buyer,seller,quantity,rate,amount,date
2025010704014665,UMHL,72,49,10.0,338.0,3380.0,2025-01-07
2025010703014759,SINDU,72,33,10.0,953.9,9539.0,2025-01-07
2025010703014758,SLBSL,21,62,16.0,2300.0,36800.0,2025-01-07
2025010703014757,LBBL,69,72,27.0,474.0,12798.0,2025-01-07
2025010703014756,LBBL,69,58,233.0,473.5,110325.5,2025-01-07
2025010703014755,LBBL,69,53,100.0,473.4,47340.0,2025-01-07
2025010701023149,SARBTM,14,49,10.0,749.0,7490.0,2025-01-07
2025010701023148,USHEC,45,14,90.0,651.0,58590.0,2025-01-07
2025010701023147,USHEC,45,14,50.0,653.0,32650.0,2025-01-07
2025010701023146,USHEC,56,14,100.0,653.0,65300.0,2025-01-07
2025010701023145,GVL,3,96,10.0,550.0,5500.0,2025-01-07
2025010705014053,CHDC,58,1,15.0,1643.0,24645.0,2025-01-07
2025010705014052,MEL,1,49,10.0,351.0,3510.0,2025-01-07
2025010701023144,SPHL,72,7,10.0,806.0,8060.0,2025-01-07
2025010703014754,NABBC,17,49,10.0,1002.0,10020.0,2025-01-07
2025010701023143,RHGCL,6,88,100.0,612.0,61200.0,2025-01-07
2025010703014753,JFL,39,57,10.0,714.0,7140.0,2025-01-07
2025010701023142,BGWT,74,39,13.0,1015.0,13195.0,2025-01-07
2025010701023141,SHLB,40,49,10.0,2715.0,27150.0,2025-01-07
2025010703014752,NLIC,39,1,10.0,780.0,7800.0,2025-01-07
2025010703014751,CORBL,42,60,10.0,1739.0,17390.0,2025-01-07
2025010703014750,BFC,7,45,30.0,678.0,20340.0,2025-01-07
2025010701023140,MHL,45,41,10.0,846.0,8460.0,2025-01-07
2025010703014749,MLBL,52,38,50.0,376.0,18800.0,2025-01-07
2025010701023139,TVCL,25,26,10.0,660.5,6605.0,2025-01-07
2025010701023138,USHL,35,42,10.0,891.0,8910.0,2025-01-07
2025010703014748,SLBSL,66,62,500.0,2328.5,1164250.0,2025-01-07
2025010701023137,NICA,4,75,10.0,387.8,3878.0,2025-01-07
2025010701023136,SIKLES,68,43,10.0,908.0,9080.0,2025-01-07
2025010701023135,SIKLES,68,81,20.0,906.0,18120.0,2025-01-07
2025010705014051,NIFRA,42,41,10.0,256.0,2560.0,2025-01-07
2025010701023134,ULBSL,36,36,32.0,4056.1,129795.2,2025-01-07
2025010701023133,ULBSL,36,36,50.0,4056.2,202810.0,2025-01-07
2025010701023132,ULBSL,45,36,18.0,4109.0,73962.0,2025-01-07
2025010704014664,SSHL,40,41,222.0,230.0,51060.0,2025-01-07
2025010701023131,RHGCL,28,88,323.0,612.0,197676.0,2025-01-07
2025010701023130,RHGCL,28,11,10.0,612.0,6120.0,2025-01-07
2025010701023129,RHGCL,28,47,100.0,612.0,61200.0,2025-01-07
2025010701023128,RHGCL,28,17,67.0,612.0,41004.0,2025-01-07
2025010703014747,NABBC,28,49,50.0,1002.0,50100.0,2025-01-07
2025010705014050,HDL,22,55,50.0,1195.0,59750.0,2025-01-07
2025010705014049,ENL,55,42,30.0,1198.0,35940.0,2025-01-07
2025010701023127,UNLB,34,25,10.0,2498.0,24980.0,2025-01-07
2025010705014048,MEL,55,41,10.0,351.0,3510.0,2025-01-07
2025010705014047,MEL,55,25,150.0,350.0,52500.0,2025-01-07
2025010705014046,MEL,55,38,60.0,350.0,21000.0,2025-01-07
2025010705014045,MEL,55,74,400.0,350.0,140000.0,2025-01-07
2025010705014044,MEL,55,26,10.0,350.0,3500.0,2025-01-07
2025010705014043,MEL,55,66,500.0,350.0,175000.0,2025-01-07
2025010705014042,MEL,55,57,50.0,350.0,17500.0,2025-01-07
2025010705014041,MEL,55,22,10.0,350.0,3500.0,2025-01-07
2025010705014040,MEL,55,42,20.0,350.0,7000.0,2025-01-07
2025010705014039,MEL,55,49,10.0,349.9,3499.0,2025-01-07
2025010705014038,MEL,55,45,231.0,349.9,80826.9,2025-01-07
2025010705014037,MEL,55,59,100.0,349.8,34980.0,2025-01-07
2025010705014036,MEL,55,39,440.0,349.5,153780.0,2025-01-07
2025010701023126,USHL,34,6,100.0,890.9,89090.0,2025-01-07
2025010703014746,FMDBL,14,55,50.0,734.0,36700.0,2025-01-07
2025010703014745,SINDU,34,33,10.0,953.9,9539.0,2025-01-07
2025010705014035,NRN,34,62,150.0,1088.9,163335.0,2025-01-07
2025010703014744,SJLIC,8,52,10.0,457.7,4577.0,2025-01-07
2025010704014663,API,96,22,1406.0,277.0,389462.0,2025-01-07
2025010704014662,API,96,49,361.0,277.0,99997.0,2025-01-07
2025010704014661,API,96,59,1000.0,276.9,276900.0,2025-01-07
2025010704014660,API,96,42,500.0,276.8,138400.0,2025-01-07
2025010704014659,API,96,44,100.0,276.7,27670.0,2025-01-07
2025010704014658,API,96,36,108.0,276.5,29862.0,2025-01-07
2025010703014743,RLFL,86,6,50.0,576.0,28800.0,2025-01-07
2025010703014742,RLFL,86,26,50.0,575.9,28795.0,2025-01-07
2025010703014741,JFL,57,86,85.0,710.0,60350.0,2025-01-07
2025010703014740,JFL,71,86,10.0,710.0,7100.0,2025-01-07
2025010703014739,JFL,39,86,405.0,710.0,287550.0,2025-01-07
2025010701023125,SPC,58,32,10.0,520.9,5209.0,2025-01-07
2025010704014657,KPCL,44,59,10.0,529.9,5299.0,2025-01-07
2025010703014738,GBBL,11,58,250.0,396.0,99000.0,2025-01-07
2025010703014737,GBBL,33,58,30.0,396.0,11880.0,2025-01-07
2025010701023124,MKHC,42,99,10.0,565.9,5659.0,2025-01-07
2025010701023123,SMHL,65,64,180.0,1537.0,276660.0,2025-01-07
2025010701023122,SMHL,65,26,10.0,1537.0,15370.0,2025-01-07
2025010701023121,SMHL,65,8,10.0,1535.0,15350.0,2025-01-07
2025010701023120,SMHL,65,26,10.0,1535.0,15350.0,2025-01-07
2025010701023119,SMHL,65,45,10.0,1535.0,15350.0,2025-01-07
2025010701023118,SMHL,65,58,10.0,1531.0,15310.0,2025-01-07
2025010701023117,SMHL,65,38,10.0,1531.0,15310.0,2025-01-07
2025010701023116,SMHL,65,13,10.0,1531.0,15310.0,2025-01-07
2025010701023115,SMHL,65,11,10.0,1531.0,15310.0,2025-01-07
2025010701023114,SMHL,65,35,10.0,1531.0,15310.0,2025-01-07
2025010701023113,SMHL,65,71,10.0,1531.0,15310.0,2025-01-07
2025010701023112,SMHL,65,58,10.0,1531.0,15310.0,2025-01-07
2025010701023111,SMHL,65,54,10.0,1530.0,15300.0,2025-01-07
2025010701023110,SMHL,65,35,90.0,1530.0,137700.0,2025-01-07
2025010701023109,SMHL,65,34,10.0,1530.0,15300.0,2025-01-07
2025010701023108,SMHL,65,49,10.0,1530.0,15300.0,2025-01-07
2025010701023107,SMHL,65,44,10.0,1530.0,15300.0,2025-01-07
2025010701023106,SMHL,65,6,10.0,1530.0,15300.0,2025-01-07
2025010701023105,SMHL,65,14,10.0,1529.0,15290.0,2025-01-07
2025010701023104,SMHL,65,49,10.0,1525.0,15250.0,2025-01-07
2025010701023103,SMHL,65,26,10.0,1525.0,15250.0,2025-01-07
2025010701023102,SMHL,65,14,40.0,1525.0,61000.0,2025-01-07
2025010701023101,USHEC,29,45,53.0,660.0,34980.0,2025-01-07
2025010701023100,USHEC,29,58,10.0,660.0,6600.0,2025-01-07
2025010701023099,USHEC,29,58,100.0,660.0,66000.0,2025-01-07
2025010701023098,USHEC,29,58,100.0,660.0,66000.0,2025-01-07
2025010701023097,USHEC,29,58,10.0,660.0,6600.0,2025-01-07
2025010701023096,USHEC,29,22,12.0,660.0,7920.0,2025-01-07
2025010701023095,USHEC,29,16,115.0,659.0,75785.0,2025-01-07
2025010705014034,NRM,44,57,10.0,443.0,4430.0,2025-01-07
2025010703014736,JFL,39,57,155.0,710.0,110050.0,2025-01-07
2025010703014735,JFL,4,57,100.0,711.0,71100.0,2025-01-07
2025010703014734,JFL,26,57,40.0,711.0,28440.0,2025-01-07
2025010703014733,JFL,39,57,105.0,712.0,74760.0,2025-01-07
2025010701023094,ULBSL,48,29,16.0,4110.0,65760.0,2025-01-07
2025010703014732,CORBL,29,55,20.0,1750.0,35000.0,2025-01-07
2025010704014656,SHPC,51,77,10.0,482.0,4820.0,2025-01-07
2025010701023093,MAKAR,57,34,10.0,647.9,6479.0,2025-01-07
2025010704014655,UPPER,32,26,10.0,206.9,2069.0,2025-01-07
2025010704014654,TRH,32,1,10.0,1110.0,11100.0,2025-01-07
2025010704014653,TRH,32,49,10.0,1109.0,11090.0,2025-01-07
2025010703014731,USLB,32,19,10.0,1586.0,15860.0,2025-01-07
2025010701023092,RAWA,36,66,250.0,794.0,198500.0,2025-01-07
2025010701023091,RAWA,19,66,80.0,794.0,63520.0,2025-01-07
2025010705014033,MBJC,53,21,51.0,347.0,17697.0,2025-01-07
2025010705014032,MBJC,26,21,100.0,347.1,34710.0,2025-01-07
2025010705014031,MBJC,26,21,100.0,347.1,34710.0,2025-01-07
2025010705014030,MBJC,26,21,50.0,347.2,17360.0,2025-01-07
2025010705014029,MBJC,26,21,50.0,347.2,17360.0,2025-01-07
2025010705014028,MBJC,42,21,59.0,347.5,20502.5,2025-01-07
2025010705014027,MBJC,26,21,90.0,347.8,31302.0,2025-01-07
2025010701023090,ULHC,69,13,95.0,568.0,53960.0,2025-01-07
2025010701023089,ULHC,69,47,95.0,567.0,53865.0,2025-01-07
2025010701023088,ULHC,69,21,10.0,566.0,5660.0,2025-01-07
2025010703014730,NABBC,69,49,17.0,1002.0,17034.0,2025-01-07
2025010703014729,NABBC,69,21,83.0,1002.0,83166.0,2025-01-07
2025010705014026,HATHY,69,45,45.0,1368.9,61600.5,2025-01-07
2025010705014025,HATHY,69,32,55.0,1368.0,75240.0,2025-01-07
2025010705014024,HATHY,69,91,10.0,1368.0,13680.0,2025-01-07
2025010701023087,MAKAR,14,14,20.0,647.9,12958.0,2025-01-07
2025010703014728,SADBL,1,49,10.0,402.9,4029.0,2025-01-07
2025010701023086,MKHL,53,25,10.0,664.5,6645.0,2025-01-07
2025010701023085,RHGCL,7,17,10.0,612.0,6120.0,2025-01-07
2025010701023084,SHLB,18,7,10.0,2737.9,27379.0,2025-01-07
2025010705014023,HIDCL,17,57,10.0,242.9,2429.0,2025-01-07
2025010704014652,AKPL,17,32,140.0,241.0,33740.0,2025-01-07
2025010703014727,GMFBS,6,54,10.0,1831.0,18310.0,2025-01-07
2025010705014022,NRM,36,74,40.0,443.9,17756.0,2025-01-07
2025010705014021,NRN,14,81,83.0,1079.0,89557.0,2025-01-07
2025010705014020,NRN,42,81,10.0,1081.0,10810.0,2025-01-07
2025010701023083,TAMOR,81,16,10.0,521.0,5210.0,2025-01-07
2025010704014651,RIDI,7,81,273.0,227.0,61971.0,2025-01-07
2025010701023082,SPL,39,58,10.0,985.0,9850.0,2025-01-07
2025010705014019,NRN,60,62,10.0,1088.9,10889.0,2025-01-07
2025010705014018,SAHAS,34,45,200.0,518.0,103600.0,2025-01-07
2025010703014726,HLI,45,25,10.0,458.0,4580.0,2025-01-07
2025010703014725,HLI,45,47,10.0,457.9,4579.0,2025-01-07
2025010701023081,UNLB,80,45,70.0,2470.0,172900.0,2025-01-07
2025010701023080,UNLB,8,45,10.0,2470.1,24701.0,2025-01-07
2025010703014724,GUFL,46,45,10.0,674.0,6740.0,2025-01-07
2025010701023079,MKHC,56,99,20.0,565.9,11318.0,2025-01-07
2025010701023078,RHGCL,56,88,41.0,611.0,25051.0,2025-01-07
2025010701023077,HBL,56,62,42.0,241.9,10159.8,2025-01-07
2025010701023076,HBL,56,57,58.0,241.0,13978.0,2025-01-07
2025010705014017,HATHY,38,91,10.0,1368.0,13680.0,2025-01-07
2025010705014016,HATHY,38,57,100.0,1365.0,136500.0,2025-01-07
2025010701023075,SARBTM,18,47,70.0,746.0,52220.0,2025-01-07
2025010701023074,MKHC,47,99,48.0,565.9,27163.2,2025-01-07
2025010701023073,MKHC,47,45,10.0,565.9,5659.0,2025-01-07
2025010701023072,MKHC,47,49,10.0,565.9,5659.0,2025-01-07
2025010701023071,MKHC,47,44,940.0,565.9,531946.0,2025-01-07
2025010701023070,MKHC,47,58,32.0,565.9,18108.8,2025-01-07
2025010701023069,MKHC,47,22,200.0,565.0,113000.0,2025-01-07
2025010701023068,MKHC,47,25,100.0,565.0,56500.0,2025-01-07
2025010701023067,MKHC,47,42,1010.0,565.0,570650.0,2025-01-07
2025010701023066,MKHC,47,22,10.0,565.0,5650.0,2025-01-07
2025010701023065,MKHC,47,38,10.0,565.0,5650.0,2025-01-07
2025010701023064,MKHC,47,36,10.0,565.0,5650.0,2025-01-07
2025010704014650,OHL,47,44,100.0,890.0,89000.0,2025-01-07
2025010701023063,MKHC,47,57,10.0,563.0,5630.0,2025-01-07
2025010701023062,MKHC,47,26,100.0,563.0,56300.0,2025-01-07
2025010701023061,MKHC,47,11,500.0,563.0,281500.0,2025-01-07
2025010701023060,MKHC,47,56,1000.0,563.0,563000.0,2025-01-07
2025010701023059,MKHC,47,38,100.0,562.1,56210.0,2025-01-07
2025010701023058,MKHC,47,48,800.0,562.1,449680.0,2025-01-07
2025010701023057,MKHC,47,57,100.0,562.1,56210.0,2025-01-07
2025010701023056,MKHC,47,45,100.0,562.0,56200.0,2025-01-07
2025010701023055,MKHC,47,19,300.0,561.0,168300.0,2025-01-07
2025010701023054,MKHC,47,48,150.0,561.0,84150.0,2025-01-07
2025010701023053,MKHC,47,41,10.0,561.0,5610.0,2025-01-07
2025010701023052,MKHC,47,19,50.0,561.0,28050.0,2025-01-07
2025010701023051,MKHC,47,43,40.0,561.0,22440.0,2025-01-07
2025010701023050,MKHC,47,25,100.0,561.0,56100.0,2025-01-07
2025010701023049,MKHC,47,4,50.0,561.0,28050.0,2025-01-07
2025010701023048,MKHC,47,19,30.0,561.0,16830.0,2025-01-07
2025010701023047,MKHC,47,45,10.0,561.0,5610.0,2025-01-07
2025010701023046,MKHC,47,56,10.0,561.0,5610.0,2025-01-07
2025010701023045,MKHC,47,19,20.0,561.0,11220.0,2025-01-07
2025010701023044,MKHC,47,54,480.0,561.0,269280.0,2025-01-07
2025010701023043,MKHC,47,42,10.0,560.0,5600.0,2025-01-07
2025010701023042,MKHC,47,63,100.0,560.0,56000.0,2025-01-07
2025010701023041,MKHC,47,58,100.0,560.0,56000.0,2025-01-07
2025010701023040,MKHC,47,11,10.0,560.0,5600.0,2025-01-07
2025010701023039,MKHC,47,45,10.0,560.0,5600.0,2025-01-07
2025010701023038,MKHC,47,58,10.0,560.0,5600.0,2025-01-07
2025010701023037,MKHC,47,19,20.0,559.9,11198.0,2025-01-07
2025010701023036,MKHC,47,19,50.0,559.0,27950.0,2025-01-07
2025010701023035,MKHC,47,19,20.0,559.0,11180.0,2025-01-07
2025010701023034,MKHC,47,45,50.0,558.9,27945.0,2025-01-07
2025010701023033,MKHC,47,19,20.0,558.9,11178.0,2025-01-07
2025010701023032,MKHC,47,48,10.0,558.0,5580.0,2025-01-07
2025010701023031,MKHC,47,5,200.0,557.9,111580.0,2025-01-07
2025010701023030,MKHC,47,6,10.0,557.9,5579.0,2025-01-07
2025010701023029,MKHC,47,19,20.0,557.9,11158.0,2025-01-07
2025010701023028,MKHC,47,25,10.0,557.9,5579.0,2025-01-07
2025010701023027,MKHC,47,21,50.0,557.8,27890.0,2025-01-07
2025010701023026,MKHC,47,58,10.0,557.5,5575.0,2025-01-07
2025010701023025,MKHC,47,34,950.0,557.0,529150.0,2025-01-07
2025010703014723,GFCL,25,57,51.0,815.0,41565.0,2025-01-07
2025010703014722,GFCL,25,43,34.0,815.0,27710.0,2025-01-07
2025010703014721,GFCL,25,57,15.0,812.8,12192.0,2025-01-07
2025010701023024,USHEC,38,16,75.0,659.0,49425.0,2025-01-07
2025010701023023,USHEC,38,13,10.0,659.0,6590.0,2025-01-07
2025010701023022,USHEC,38,52,15.0,658.0,9870.0,2025-01-07
2025010701023021,MKHC,13,34,50.0,557.0,27850.0,2025-01-07
2025010703014720,SJLIC,35,52,10.0,457.9,4579.0,2025-01-07
2025010701023020,RFPL,62,45,20.0,1340.0,26800.0,2025-01-07
2025010703014719,ILBS,62,91,50.0,989.9,49495.0,2025-01-07
2025010701023019,SGHC,67,4,10.0,515.1,5151.0,2025-01-07
2025010704014649,HURJA,33,14,100.0,236.0,23600.0,2025-01-07
2025010703014718,GRDBL,28,49,59.0,1174.0,69266.0,2025-01-07
2025010704014648,HPPL,28,43,50.0,416.7,20835.0,2025-01-07
2025010703014717,SIFC,41,26,166.0,592.0,98272.0,2025-01-07
2025010703014716,SIFC,41,3,34.0,590.0,20060.0,2025-01-07
2025010704014647,SPDL,41,44,10.0,335.0,3350.0,2025-01-07
2025010703014715,SINDU,55,13,10.0,953.7,9537.0,2025-01-07
2025010703014714,SJLIC,71,52,10.0,457.9,4579.0,2025-01-07
2025010701023018,DORDI,71,46,10.0,633.5,6335.0,2025-01-07
2025010701023017,DORDI,71,44,90.0,633.5,57015.0,2025-01-07
2025010703014713,JSLBB,17,55,10.0,1602.0,16020.0,2025-01-07
2025010701023016,MHCL,55,57,47.0,542.0,25474.0,2025-01-07
2025010701023015,MHCL,55,58,200.0,540.0,108000.0,2025-01-07
2025010701023014,MHCL,55,42,553.0,540.0,298620.0,2025-01-07
2025010704014646,UPCL,58,34,141.0,285.2,40213.2,2025-01-07
2025010701023013,TVCL,34,26,100.0,660.5,66050.0,2025-01-07
2025010703014712,HLBSL,34,26,10.0,990.0,9900.0,2025-01-07
2025010701023012,CITY,42,34,10.0,901.0,9010.0,2025-01-07
2025010704014645,MHNL,34,49,10.0,258.0,2580.0,2025-01-07
2025010703014711,PFL,86,8,290.0,557.0,161530.0,2025-01-07
2025010703014710,SHINE,50,41,10.0,424.0,4240.0,2025-01-07
2025010705014015,NRN,50,62,10.0,1088.9,10889.0,2025-01-07
2025010701023011,BGWT,74,49,38.0,1015.0,38570.0,2025-01-07
2025010701023010,BGWT,74,58,62.0,1015.0,62930.0,2025-01-07
2025010701023009,BGWT,74,63,40.0,1015.0,40600.0,2025-01-07
2025010701023008,BGWT,74,52,39.0,1015.0,39585.0,2025-01-07
2025010701023007,BGWT,74,35,43.0,1015.0,43645.0,2025-01-07
2025010701023006,BGWT,74,56,10.0,1015.0,10150.0,2025-01-07
2025010701023005,BGWT,74,35,10.0,1015.0,10150.0,2025-01-07
2025010703014709,SFCL,74,34,270.0,644.0,173880.0,2025-01-07
2025010703014708,SFCL,74,22,150.0,644.0,96600.0,2025-01-07
2025010703014707,SFCL,74,48,10.0,643.0,6430.0,2025-01-07
2025010703014706,SFCL,74,3,70.0,643.0,45010.0,2025-01-07
2025010704014644,BARUN,44,42,10.0,414.9,4149.0,2025-01-07
2025010705014014,PHCL,11,52,10.0,566.0,5660.0,2025-01-07
2025010705014013,NRN,58,62,74.0,1088.9,80578.6,2025-01-07
2025010705014012,NRN,58,58,156.0,1087.0,169572.0,2025-01-07
2025010705014011,NRN,58,41,30.0,1085.9,32577.0,2025-01-07
2025010705014010,NRN,58,77,130.0,1085.0,141050.0,2025-01-07
2025010705014009,NRN,58,77,100.0,1085.0,108500.0,2025-01-07
2025010705014008,NRN,58,41,10.0,1084.9,10849.0,2025-01-07
2025010703014705,CFCL,57,6,10.0,602.0,6020.0,2025-01-07
2025010701023004,SHLB,57,7,10.0,2737.9,27379.0,2025-01-07
2025010705014007,NRN,42,57,10.0,1081.0,10810.0,2025-01-07
2025010701023003,USHEC,72,52,20.0,658.0,13160.0,2025-01-07
2025010703014704,SLBSL,72,62,100.0,2329.5,232950.0,2025-01-07
2025010703014703,SLBSL,72,29,1400.0,2139.0,2994600.0,2025-01-07
2025010703014702,SLBSL,72,66,30.0,2116.1,63483.0,2025-01-07
2025010703014701,SLBSL,72,47,200.0,2116.0,423200.0,2025-01-07
2025010703014700,SLBSL,72,5,248.0,2116.0,524768.0,2025-01-07
2025010703014699,SINDU,72,34,100.0,953.0,95300.0,2025-01-07
2025010703014698,SINDU,72,42,30.0,953.0,28590.0,2025-01-07
2025010703014697,SINDU,72,34,100.0,953.0,95300.0,2025-01-07
2025010704014643,SHPC,32,77,200.0,482.0,96400.0,2025-01-07
2025010704014642,JOSHI,32,40,180.0,445.0,80100.0,2025-01-07
2025010704014641,JOSHI,32,74,145.0,445.0,64525.0,2025-01-07
2025010704014640,JOSHI,32,45,95.0,445.0,42275.0,2025-01-07
2025010704014639,JOSHI,32,57,50.0,445.0,22250.0,2025-01-07
2025010704014638,JOSHI,32,38,10.0,445.0,4450.0,2025-01-07
2025010704014637,JOSHI,32,45,70.0,445.0,31150.0,2025-01-07
2025010704014636,JOSHI,32,33,500.0,444.0,222000.0,2025-01-07
2025010704014635,JOSHI,32,44,10.0,444.0,4440.0,2025-01-07
2025010704014634,JOSHI,32,85,900.0,443.0,398700.0,2025-01-07
2025010704014633,JOSHI,32,38,10.0,442.0,4420.0,2025-01-07
2025010704014632,JOSHI,32,45,500.0,441.0,220500.0,2025-01-07
2025010704014631,JOSHI,32,25,50.0,440.0,22000.0,2025-01-07
2025010704014630,JOSHI,32,59,480.0,440.0,211200.0,2025-01-07
2025010703014696,NICLBSL,32,29,10.0,666.0,6660.0,2025-01-07
2025010703014695,SLBSL,66,5,10.0,2116.0,21160.0,2025-01-07
2025010704014629,NHPC,41,66,95.0,221.0,20995.0,2025-01-07
2025010704014628,NHPC,44,66,230.0,221.0,50830.0,2025-01-07
2025010704014627,NHPC,48,66,75.0,221.1,16582.5,2025-01-07
2025010704014626,CHCL,63,51,10.0,512.0,5120.0,2025-01-07
2025010701023002,MKCL,14,41,20.0,1518.9,30378.0,2025-01-07
2025010701023001,MKCL,14,20,10.0,1515.7,15157.0,2025-01-07
2025010703014694,SINDU,14,71,10.0,952.0,9520.0,2025-01-07
2025010701023000,RAWA,90,57,10.0,799.0,7990.0,2025-01-07
2025010703014693,ALICL,18,38,10.0,722.0,7220.0,2025-01-07
2025010704014625,KKHC,17,69,20.0,411.8,8236.0,2025-01-07
2025010704014624,SHL,91,49,100.0,493.6,49360.0,2025-01-07
2025010704014623,SHL,91,49,100.0,493.6,49360.0,2025-01-07
2025010704014622,DHPL,16,40,10.0,305.7,3057.0,2025-01-07
2025010701022999,NESDO,95,19,24.0,2264.0,54336.0,2025-01-07
2025010701022998,NESDO,29,19,107.0,2264.0,242248.0,2025-01-07
2025010701022997,NESDO,56,19,18.0,2270.0,40860.0,2025-01-07
2025010701022996,NESDO,62,19,16.0,2270.0,36320.0,2025-01-07
2025010701022995,NESDO,36,19,15.0,2271.0,34065.0,2025-01-07
2025010704014621,JOSHI,29,40,10.0,439.7,4397.0,2025-01-07
2025010701022994,BHPL,48,60,10.0,852.6,8526.0,2025-01-07
2025010701022993,CITY,59,64,10.0,907.1,9071.0,2025-01-07
2025010705014006,VLUCL,52,47,10.0,699.8,6998.0,2025-01-07
2025010705014005,CLI,1,19,10.0,700.0,7000.0,2025-01-07
2025010701022992,TSHL,52,57,10.0,892.0,8920.0,2025-01-07
2025010701022991,RHGCL,38,88,50.0,611.0,30550.0,2025-01-07
2025010704014620,NHDL,42,36,30.0,820.1,24603.0,2025-01-07
2025010701022990,MMKJL,13,72,10.0,718.0,7180.0,2025-01-07
2025010705014004,GCIL,62,34,11.0,501.0,5511.0,2025-01-07
2025010705014003,GCIL,62,22,10.0,501.0,5010.0,2025-01-07
2025010705014002,GCIL,62,44,11.0,501.0,5511.0,2025-01-07
2025010705014001,GCIL,62,45,11.0,500.0,5500.0,2025-01-07
2025010705014000,GCIL,62,53,51.0,500.0,25500.0,2025-01-07
2025010705013999,GCIL,62,34,85.0,500.0,42500.0,2025-01-07
2025010705013998,GCIL,62,4,11.0,500.0,5500.0,2025-01-07
2025010705013997,GCIL,62,45,50.0,500.0,25000.0,2025-01-07
2025010705013996,GCIL,62,28,11.0,500.0,5500.0,2025-01-07
2025010701022989,RHGCL,62,88,10.0,611.0,6110.0,2025-01-07
2025010703014692,SLBSL,62,5,242.0,2116.0,512072.0,2025-01-07
2025010703014691,SLBSL,62,59,110.0,2101.0,231110.0,2025-01-07
2025010703014690,SLBSL,62,86,380.0,2099.0,797620.0,2025-01-07
2025010703014689,SLBSL,62,22,50.0,2094.1,104705.0,2025-01-07
2025010703014688,SLBSL,62,58,18.0,2094.1,37693.8,2025-01-07
2025010703014687,SLBSL,62,4,20.0,2094.0,41880.0,2025-01-07
2025010703014686,SLBSL,62,50,11.0,2094.0,23034.0,2025-01-07
2025010703014685,SLBSL,62,45,200.0,2093.0,418600.0,2025-01-07
2025010703014684,SLBSL,62,45,50.0,2093.0,104650.0,2025-01-07
2025010703014683,SLBSL,62,38,10.0,2075.7,20757.0,2025-01-07
2025010703014682,SLBSL,62,34,10.0,2075.7,20757.0,2025-01-07
2025010703014681,SLBSL,62,8,14.0,2075.7,29059.8,2025-01-07
2025010703014680,SLBSL,62,41,100.0,2075.7,207570.0,2025-01-07
2025010703014679,SLBSL,62,58,10.0,2070.6,20706.0,2025-01-07
2025010703014678,SLBSL,62,49,100.0,2070.0,207000.0,2025-01-07
2025010703014677,SLBSL,62,52,14.0,2070.0,28980.0,2025-01-07
2025010703014676,SLBSL,62,66,10.0,2065.0,20650.0,2025-01-07
2025010703014675,SLBSL,62,52,50.0,2060.0,103000.0,2025-01-07
2025010703014674,SLBSL,62,44,100.0,2060.0,206000.0,2025-01-07
2025010703014673,SLBSL,62,66,10.0,2055.0,20550.0,2025-01-07
2025010703014672,SLBSL,62,84,14.0,2051.2,28716.8,2025-01-07
2025010703014671,SLBSL,62,58,26.0,2050.6,53315.6,2025-01-07
2025010703014670,SLBSL,62,58,20.0,2048.0,40960.0,2025-01-07
2025010703014669,SLBSL,62,5,10.0,2047.1,20471.0,2025-01-07
2025010703014668,SLBSL,62,34,421.0,2045.1,860987.1,2025-01-07
2025010701022988,NWCL,62,55,10.0,974.6,9746.0,2025-01-07
2025010703014667,SINDU,71,71,10.0,952.0,9520.0,2025-01-07
2025010703014666,GBLBS,49,13,192.0,776.9,149164.8,2025-01-07
2025010703014665,GBLBS,49,13,35.0,776.9,27191.5,2025-01-07
2025010703014664,GBLBS,49,33,173.0,776.8,134386.4,2025-01-07
2025010703014663,GBLBS,49,43,60.0,776.8,46608.0,2025-01-07
2025010703014662,GBLBS,49,36,40.0,776.8,31072.0,2025-01-07
2025010701022987,TVCL,55,26,200.0,660.5,132100.0,2025-01-07
2025010701022986,TVCL,55,39,20.0,660.0,13200.0,2025-01-07
2025010701022985,TVCL,55,4,310.0,660.0,204600.0,2025-01-07
2025010701022984,TVCL,55,10,180.0,659.0,118620.0,2025-01-07
2025010701022983,TVCL,55,60,300.0,657.0,197100.0,2025-01-07
2025010701022982,TVCL,55,101,200.0,653.8,130760.0,2025-01-07
2025010701022981,TVCL,55,22,200.0,653.0,130600.0,2025-01-07
2025010701022980,TVCL,55,4,150.0,652.8,97920.0,2025-01-07
2025010701022979,TVCL,55,26,20.0,652.8,13056.0,2025-01-07
2025010701022978,TVCL,55,57,10.0,652.8,6528.0,2025-01-07
2025010701022977,TVCL,55,57,10.0,652.8,6528.0,2025-01-07
2025010701022976,TVCL,55,48,10.0,652.7,6527.0,2025-01-07
2025010701022975,TVCL,55,39,20.0,652.6,13052.0,2025-01-07
2025010701022974,TVCL,55,44,130.0,652.0,84760.0,2025-01-07
2025010701022973,TVCL,55,39,30.0,652.0,19560.0,2025-01-07
2025010701022972,TVCL,55,32,450.0,652.0,293400.0,2025-01-07
2025010701022971,TVCL,55,28,20.0,652.0,13040.0,2025-01-07
2025010701022970,TVCL,55,25,30.0,652.0,19560.0,2025-01-07
2025010701022969,TVCL,55,47,400.0,650.1,260040.0,2025-01-07
2025010701022968,TVCL,55,7,300.0,650.0,195000.0,2025-01-07
2025010701022967,TVCL,55,25,650.0,650.0,422500.0,2025-01-07
2025010701022966,TVCL,55,14,100.0,650.0,65000.0,2025-01-07
2025010701022965,TVCL,55,26,20.0,650.0,13000.0,2025-01-07
2025010701022964,TVCL,55,1,105.0,650.0,68250.0,2025-01-07
2025010701022963,TVCL,55,1,230.0,650.0,149500.0,2025-01-07
2025010701022962,TVCL,55,62,20.0,650.0,13000.0,2025-01-07
2025010701022961,TVCL,55,32,100.0,650.0,65000.0,2025-01-07
2025010701022960,TVCL,55,42,30.0,650.0,19500.0,2025-01-07
2025010701022959,TVCL,55,50,10.0,650.0,6500.0,2025-01-07
2025010701022958,TVCL,55,58,30.0,650.0,19500.0,2025-01-07
2025010701022957,TVCL,55,11,20.0,650.0,13000.0,2025-01-07
2025010701022956,TVCL,55,52,100.0,649.0,64900.0,2025-01-07
2025010701022955,TVCL,55,48,20.0,648.7,12974.0,2025-01-07
2025010701022954,TVCL,55,39,100.0,647.7,64770.0,2025-01-07
2025010701022953,TVCL,55,57,20.0,647.7,12954.0,2025-01-07
2025010701022952,TVCL,55,7,200.0,647.6,129520.0,2025-01-07
2025010701022951,TVCL,55,39,30.0,647.0,19410.0,2025-01-07
2025010701022950,TVCL,55,39,50.0,647.0,32350.0,2025-01-07
2025010701022949,TVCL,55,39,200.0,647.0,129400.0,2025-01-07
2025010701022948,TVCL,55,58,10.0,647.0,6470.0,2025-01-07
2025010701022947,TVCL,55,49,20.0,646.0,12920.0,2025-01-07
2025010701022946,TVCL,55,7,200.0,645.0,129000.0,2025-01-07
2025010701022945,TVCL,55,6,35.0,645.0,22575.0,2025-01-07
2025010701022944,TVCL,55,7,150.0,645.0,96750.0,2025-01-07
2025010701022943,TVCL,55,58,50.0,645.0,32250.0,2025-01-07
2025010701022942,TVCL,55,57,300.0,645.0,193500.0,2025-01-07
2025010701022941,TVCL,55,42,600.0,645.0,387000.0,2025-01-07
2025010701022940,TVCL,55,49,100.0,645.0,64500.0,2025-01-07
2025010701022939,TVCL,55,42,320.0,645.0,206400.0,2025-01-07
2025010701022938,TVCL,55,47,50.0,643.0,32150.0,2025-01-07
2025010701022937,TVCL,55,14,10.0,640.0,6400.0,2025-01-07
2025010701022936,TVCL,55,65,200.0,640.0,128000.0,2025-01-07
2025010701022935,TVCL,55,43,20.0,640.0,12800.0,2025-01-07
2025010701022934,TVCL,55,56,20.0,640.0,12800.0,2025-01-07
2025010701022933,TVCL,55,49,100.0,638.7,63870.0,2025-01-07
2025010701022932,TVCL,55,21,40.0,638.0,25520.0,2025-01-07
2025010701022931,TVCL,55,77,1800.0,638.0,1148400.0,2025-01-07
2025010701022930,TVCL,55,71,100.0,637.0,63700.0,2025-01-07
2025010701022929,TVCL,55,77,850.0,637.0,541450.0,2025-01-07
2025010703014661,SWBBL,50,25,10.0,895.0,8950.0,2025-01-07
2025010703014660,MSLB,50,29,10.0,1451.0,14510.0,2025-01-07
2025010701022928,LSL,46,44,10.0,221.8,2218.0,2025-01-07
2025010704014619,AKJCL,42,95,10.0,203.0,2030.0,2025-01-07
2025010704014618,SGIC,57,57,100.0,690.5,69050.0,2025-01-07
2025010704014617,SGIC,21,57,100.0,690.6,69060.0,2025-01-07
2025010705013995,NTC,57,49,10.0,914.9,9149.0,2025-01-07
2025010705013994,NRM,34,74,20.0,443.9,8878.0,2025-01-07
2025010701022927,SPHL,72,51,10.0,815.0,8150.0,2025-01-07
2025010701022926,SARBTM,21,49,10.0,749.0,7490.0,2025-01-07
2025010705013993,NRN,42,63,100.0,1081.0,108100.0,2025-01-07
2025010703014659,PROFL,91,42,11.0,626.2,6888.2,2025-01-07
2025010704014616,SPDL,33,16,452.0,334.6,151239.2,2025-01-07
2025010704014615,SPDL,34,16,374.0,334.7,125177.8,2025-01-07
2025010704014614,BARUN,16,42,10.0,414.9,4149.0,2025-01-07
2025010701022925,BEDC,33,81,329.0,750.0,246750.0,2025-01-07
2025010701022924,BEDC,17,81,100.0,750.0,75000.0,2025-01-07
2025010701022923,BEDC,45,81,30.0,750.2,22506.0,2025-01-07
2025010701022922,BEDC,19,81,100.0,751.0,75100.0,2025-01-07
2025010701022921,BEDC,44,81,750.0,751.0,563250.0,2025-01-07
2025010701022920,BEDC,74,81,200.0,751.1,150220.0,2025-01-07
2025010701022919,BEDC,39,81,30.0,751.1,22533.0,2025-01-07
2025010701022918,BEDC,22,81,150.0,751.5,112725.0,2025-01-07
2025010701022917,BEDC,34,81,113.0,752.0,84976.0,2025-01-07
2025010701022916,BEDC,28,81,198.0,754.0,149292.0,2025-01-07
2025010704014613,AKPL,21,58,10.0,240.5,2405.0,2025-01-07
2025010701022915,TPC,41,19,50.0,544.0,27200.0,2025-01-07
2025010701022914,TPC,21,19,70.0,546.0,38220.0,2025-01-07
2025010701022913,SMHL,58,14,10.0,1525.0,15250.0,2025-01-07
2025010704014612,NLG,37,57,10.0,988.0,9880.0,2025-01-07
2025010701022912,CZBIL,1,32,10.0,215.1,2151.0,2025-01-07
2025010701022911,USHEC,6,52,15.0,658.0,9870.0,2025-01-07
2025010701022910,MKHC,47,21,10.0,557.0,5570.0,2025-01-07
2025010701022909,MKHC,47,42,10.0,556.9,5569.0,2025-01-07
2025010701022908,MKHC,47,47,968.0,556.0,538208.0,2025-01-07
2025010701022907,MKHC,47,51,10.0,550.0,5500.0,2025-01-07
2025010703014658,SFCL,47,3,30.0,643.0,19290.0,2025-01-07
2025010703014657,SFCL,47,57,470.0,643.0,302210.0,2025-01-07
2025010701022906,BHDC,26,35,215.0,705.0,151575.0,2025-01-07
2025010705013992,MEL,75,65,400.0,348.0,139200.0,2025-01-07
2025010705013991,MEL,75,45,290.0,347.5,100775.0,2025-01-07
2025010701022905,IHL,26,29,10.0,703.5,7035.0,2025-01-07
2025010701022904,CYCL,62,42,10.0,1585.0,15850.0,2025-01-07
2025010701022903,CYCL,62,49,10.0,1584.0,15840.0,2025-01-07
2025010703014656,MLBBL,62,41,100.0,1613.0,161300.0,2025-01-07
2025010703014655,PFL,4,8,10.0,557.0,5570.0,2025-01-07
2025010705013990,MMF1,28,49,150.0,8.89,1333.5,2025-01-07
2025010703014654,ILBS,45,91,20.0,989.9,19798.0,2025-01-07
2025010701022902,RHGCL,41,88,150.0,611.0,91650.0,2025-01-07
2025010703014653,MATRI,45,38,10.0,1250.0,12500.0,2025-01-07
2025010704014611,UMRH,35,45,10.0,658.0,6580.0,2025-01-07
2025010701022901,NICA,49,75,10.0,387.8,3878.0,2025-01-07
2025010701022900,MHCL,55,42,467.0,540.0,252180.0,2025-01-07
2025010701022899,MHCL,55,49,10.0,540.0,5400.0,2025-01-07
2025010701022898,MHCL,55,51,63.0,539.0,33957.0,2025-01-07
2025010701022897,MHCL,55,51,260.0,537.0,139620.0,2025-01-07
2025010701022896,TSHL,86,81,100.0,891.9,89190.0,2025-01-07
2025010701022895,DORDI,16,42,85.0,633.4,53839.0,2025-01-07
2025010704014610,SSHL,57,39,10.0,230.4,2304.0,2025-01-07
2025010704014609,HDHPC,3,37,57.0,204.0,11628.0,2025-01-07
2025010701022894,PCBL,63,63,1000.0,254.0,254000.0,2025-01-07
2025010704014608,RADHI,3,65,10.0,347.2,3472.0,2025-01-07
2025010704014607,NGPL,21,58,140.0,272.0,38080.0,2025-01-07
2025010703014652,PROFL,63,56,230.0,620.1,142623.0,2025-01-07
2025010703014651,PROFL,34,56,100.0,621.0,62100.0,2025-01-07
2025010703014650,PROFL,29,56,300.0,621.1,186330.0,2025-01-07
2025010703014649,PROFL,91,56,200.0,621.2,124240.0,2025-01-07
2025010703014648,PROFL,57,56,20.0,625.0,12500.0,2025-01-07
2025010703014647,PROFL,11,56,50.0,625.1,31255.0,2025-01-07
2025010703014646,PROFL,57,56,100.0,626.0,62600.0,2025-01-07
2025010705013989,CIT,67,59,400.0,2016.2,806480.0,2025-01-07
2025010705013988,CIT,67,25,50.0,2016.0,100800.0,2025-01-07
2025010705013987,CIT,67,32,50.0,2016.0,100800.0,2025-01-07
2025010703014645,SLBSL,62,34,79.0,2045.1,161562.9,2025-01-07
2025010703014644,SLBSL,62,5,10.0,2045.0,20450.0,2025-01-07
2025010703014643,SLBSL,62,44,201.0,2034.0,408834.0,2025-01-07
2025010703014642,SLBSL,62,13,210.0,2000.0,420000.0,2025-01-07
2025010701022893,RFPL,62,58,10.0,1339.0,13390.0,2025-01-07
2025010701022892,RFPL,62,41,10.0,1339.0,13390.0,2025-01-07
2025010701022891,RFPL,62,62,20.0,1339.0,26780.0,2025-01-07
2025010701022890,RFPL,62,64,20.0,1338.5,26770.0,2025-01-07
2025010705013986,HRL,4,59,215.0,825.0,177375.0,2025-01-07
2025010705013985,HRL,4,90,100.0,825.0,82500.0,2025-01-07
2025010705013984,HRL,4,91,20.0,825.0,16500.0,2025-01-07
2025010705013983,HRL,4,53,20.0,825.0,16500.0,2025-01-07
2025010705013982,HRL,4,35,10.0,825.0,8250.0,2025-01-07
2025010701022889,SMHL,65,4,10.0,1522.0,15220.0,2025-01-07
2025010704014606,RURU,45,70,16.0,705.0,11280.0,2025-01-07
2025010704014605,RURU,45,48,24.0,702.1,16850.4,2025-01-07
2025010703014641,SINDU,56,71,980.0,950.1,931098.0,2025-01-07
2025010703014640,SINDU,38,71,15.0,950.2,14253.0,2025-01-07
2025010703014639,SINDU,42,71,55.0,950.2,52261.0,2025-01-07
2025010703014638,SINDU,82,71,2250.0,950.2,2137950.0,2025-01-07
2025010701022888,GVL,1,96,100.0,550.0,55000.0,2025-01-07
2025010701022887,GVL,25,96,60.0,550.0,33000.0,2025-01-07
2025010701022886,GVL,70,96,90.0,550.1,49509.0,2025-01-07
2025010701022885,GVL,70,96,200.0,550.2,110040.0,2025-01-07
2025010701022884,GVL,70,96,100.0,551.0,55100.0,2025-01-07
2025010701022883,GVL,42,96,50.0,553.0,27650.0,2025-01-07
2025010703014637,PFL,58,8,451.0,557.0,251207.0,2025-01-07
2025010703014636,PFL,42,8,90.0,559.0,50310.0,2025-01-07
2025010705013981,ILI,55,55,49.0,485.0,23765.0,2025-01-07
2025010705013980,ILI,51,55,451.0,485.5,218960.5,2025-01-07
2025010704014604,AKJCL,49,21,13.0,203.0,2639.0,2025-01-07
2025010705013979,PHCL,44,52,10.0,566.0,5660.0,2025-01-07
2025010701022882,USHL,51,42,50.0,891.0,44550.0,2025-01-07
2025010703014635,PROFL,56,42,50.0,626.2,31310.0,2025-01-07
2025010701022881,MKJC,29,70,10.0,555.0,5550.0,2025-01-07
2025010703014634,MLBL,57,38,10.0,376.0,3760.0,2025-01-07
2025010704014603,UMHL,11,32,391.0,335.1,131024.1,2025-01-07
2025010703014633,MDB,32,58,10.0,641.0,6410.0,2025-01-07
2025010701022880,UHEWA,90,26,10.0,855.0,8550.0,2025-01-07
2025010701022879,SMHL,65,14,50.0,1522.0,76100.0,2025-01-07
2025010703014632,RLFL,17,49,200.0,575.8,115160.0,2025-01-07
2025010705013978,HRL,48,35,10.0,825.0,8250.0,2025-01-07
2025010701022878,IHL,52,81,220.0,701.0,154220.0,2025-01-07
2025010704014602,MHNL,19,49,10.0,258.0,2580.0,2025-01-07
2025010701022877,TVCL,58,77,50.0,637.0,31850.0,2025-01-07
2025010701022876,TVCL,58,59,50.0,635.0,31750.0,2025-01-07
2025010701022875,MANDU,58,58,10.0,912.0,9120.0,2025-01-07
2025010703014631,JFL,58,57,10.0,714.0,7140.0,2025-01-07
2025010701022874,MEHL,1,43,310.0,510.0,158100.0,2025-01-07
2025010701022873,MEHL,1,48,90.0,508.0,45720.0,2025-01-07
2025010704014601,SJCL,43,44,10.0,359.9,3599.0,2025-01-07
2025010701022872,SMHL,65,62,10.0,1522.0,15220.0,2025-01-07
2025010703014630,NFS,58,68,190.0,985.0,187150.0,2025-01-07
2025010703014629,NFS,32,68,50.0,985.1,49255.0,2025-01-07
2025010703014628,NFS,1,68,100.0,985.1,98510.0,2025-01-07
2025010703014627,NFS,84,68,60.0,985.1,59106.0,2025-01-07
2025010703014626,NFS,5,68,55.0,985.4,54197.0,2025-01-07
2025010703014625,NFS,7,68,70.0,986.0,69020.0,2025-01-07
2025010703014624,NFS,16,68,75.0,988.0,74100.0,2025-01-07
2025010701022871,RHGCL,82,88,50.0,611.0,30550.0,2025-01-07
2025010703014623,SFCL,45,57,500.0,643.0,321500.0,2025-01-07
2025010704014600,HPPL,35,43,95.0,416.7,39586.5,2025-01-07
2025010704014599,HPPL,35,45,660.0,416.6,274956.0,2025-01-07
2025010704014598,HPPL,35,53,80.0,416.5,33320.0,2025-01-07
2025010704014597,HPPL,35,52,250.0,415.0,103750.0,2025-01-07
2025010704014596,HPPL,35,58,750.0,415.0,311250.0,2025-01-07
2025010704014595,HPPL,35,28,165.0,414.0,68310.0,2025-01-07
2025010701022870,SBI,36,89,30.0,429.0,12870.0,2025-01-07
2025010701022869,SBI,36,28,480.0,428.9,205872.0,2025-01-07
2025010701022868,SBI,36,86,250.0,428.8,107200.0,2025-01-07
2025010705013977,HDL,22,42,57.0,1194.6,68092.2,2025-01-07
2025010705013976,HDL,43,42,20.0,1195.0,23900.0,2025-01-07
2025010705013975,HDL,57,42,50.0,1195.0,59750.0,2025-01-07
2025010701022867,AVYAN,57,38,150.0,1000.0,150000.0,2025-01-07
2025010701022866,MMKJL,34,72,160.0,718.0,114880.0,2025-01-07
2025010701022865,MMKJL,58,72,54.0,718.1,38777.4,2025-01-07
2025010701022864,MMKJL,49,72,30.0,719.0,21570.0,2025-01-07
2025010701022863,NICA,17,57,438.0,385.1,168673.8,2025-01-07
2025010701022862,NICA,49,57,30.0,385.1,11553.0,2025-01-07
2025010701022861,NICA,66,57,40.0,385.1,15404.0,2025-01-07
2025010701022860,NICA,32,57,10.0,386.0,3860.0,2025-01-07
2025010701022859,NICA,35,57,50.0,386.0,19300.0,2025-01-07
2025010701022858,NICA,35,57,100.0,386.0,38600.0,2025-01-07
2025010701022857,NICA,55,57,1000.0,386.0,386000.0,2025-01-07
2025010701022856,NICA,35,57,332.0,386.1,128185.2,2025-01-07
2025010704014594,SHL,66,11,150.0,493.0,73950.0,2025-01-07
2025010704014593,SPDL,21,44,10.0,335.0,3350.0,2025-01-07
2025010703014622,USLB,56,14,10.0,1557.0,15570.0,2025-01-07
2025010704014592,GLH,88,14,431.0,253.3,109172.3,2025-01-07
2025010704014591,GLH,88,36,300.0,253.0,75900.0,2025-01-07
2025010704014590,GLH,88,11,100.0,253.0,25300.0,2025-01-07
2025010704014589,GLH,88,14,99.0,252.9,25037.1,2025-01-07
2025010704014588,GLH,88,65,380.0,252.7,96026.0,2025-01-07
2025010704014587,GLH,88,22,200.0,252.5,50500.0,2025-01-07
2025010704014586,GLH,88,43,300.0,252.5,75750.0,2025-01-07
2025010704014585,GLH,88,28,190.0,252.4,47956.0,2025-01-07
2025010703014621,JFL,39,18,40.0,712.0,28480.0,2025-01-07
2025010703014620,JFL,58,18,10.0,714.0,7140.0,2025-01-07
2025010701022855,PPL,52,64,300.0,550.1,165030.0,2025-01-07
2025010701022854,MANDU,17,58,35.0,912.0,31920.0,2025-01-07
2025010701022853,MANDU,17,42,10.0,912.0,9120.0,2025-01-07
2025010701022852,MANDU,17,34,10.0,912.0,9120.0,2025-01-07
2025010704014584,CHL,48,52,280.0,420.0,117600.0,2025-01-07
2025010704014583,CHL,48,51,20.0,420.0,8400.0,2025-01-07
2025010703014619,PFL,42,48,200.0,559.0,111800.0,2025-01-07
2025010705013974,MBJC,26,16,10.0,347.8,3478.0,2025-01-07
2025010705013973,RNLI,16,85,10.0,515.0,5150.0,2025-01-07
2025010704014582,SHPC,45,60,100.0,480.4,48040.0,2025-01-07
2025010704014581,UPPER,58,39,200.0,206.6,41320.0,2025-01-07
2025010701022851,UHEWA,60,26,150.0,855.0,128250.0,2025-01-07
2025010701022850,UHEWA,60,41,50.0,853.0,42650.0,2025-01-07
2025010704014580,HURJA,36,59,10.0,235.8,2358.0,2025-01-07
2025010705013972,PHCL,56,52,30.0,566.0,16980.0,2025-01-07
2025010705013971,CMF1,14,58,100.0,10.59,1059.0,2025-01-07
2025010705013970,NIFRA,51,41,228.0,255.1,58162.8,2025-01-07
2025010705013969,NIFRA,78,41,270.0,255.2,68904.0,2025-01-07
2025010705013968,NIFRA,38,41,100.0,255.3,25530.0,2025-01-07
2025010705013967,NIFRA,6,41,402.0,256.0,102912.0,2025-01-07
2025010701022849,RHGCL,35,88,20.0,611.0,12220.0,2025-01-07
2025010705013966,CIT,63,41,50.0,2015.0,100750.0,2025-01-07
2025010701022848,PRVU,22,34,10.0,228.9,2289.0,2025-01-07
2025010704014579,UMHL,29,49,10.0,338.0,3380.0,2025-01-07
2025010705013965,NIFRA,42,57,10.0,257.0,2570.0,2025-01-07
2025010705013964,NIFRA,6,66,58.0,256.0,14848.0,2025-01-07
2025010701022847,MHCL,57,51,50.0,536.9,26845.0,2025-01-07
2025010703014618,NABBC,69,58,10.0,1001.0,10010.0,2025-01-07
2025010704014578,NGPL,21,36,280.0,272.0,76160.0,2025-01-07
2025010704014577,NGPL,21,45,480.0,272.0,130560.0,2025-01-07
2025010701022846,PPL,77,45,10.0,552.0,5520.0,2025-01-07
2025010701022845,ULHC,14,64,360.0,564.0,203040.0,2025-01-07
2025010701022844,ULHC,41,64,140.0,565.0,79100.0,2025-01-07
2025010704014576,BPCL,34,17,10.0,407.0,4070.0,2025-01-07
2025010701022843,CYCL,28,48,100.0,1562.5,156250.0,2025-01-07
2025010701022842,CYCL,1,48,100.0,1562.6,156260.0,2025-01-07
2025010701022841,CYCL,95,48,50.0,1565.0,78250.0,2025-01-07
2025010701022840,CYCL,25,48,27.0,1565.0,42255.0,2025-01-07
2025010701022839,CYCL,62,48,11.0,1569.9,17268.9,2025-01-07
2025010701022838,CYCL,7,48,20.0,1570.0,31400.0,2025-01-07
2025010701022837,CYCL,62,48,11.0,1571.1,17282.1,2025-01-07
2025010701022836,CYCL,62,48,11.0,1574.1,17315.1,2025-01-07
2025010701022835,CYCL,62,48,11.0,1577.1,17348.1,2025-01-07
2025010701022834,CYCL,62,48,11.0,1578.9,17367.9,2025-01-07
2025010701022833,CYCL,62,48,11.0,1579.1,17370.1,2025-01-07
2025010704014575,SHPC,60,77,10.0,482.0,4820.0,2025-01-07
2025010703014617,ICFC,59,54,20.0,676.0,13520.0,2025-01-07
2025010701022832,RHGCL,56,88,100.0,611.0,61100.0,2025-01-07
2025010703014616,SFCL,43,57,30.0,643.0,19290.0,2025-01-07
2025010703014615,SMFBS,38,42,10.0,1948.0,19480.0,2025-01-07
2025010701022831,BHL,38,13,10.0,377.0,3770.0,2025-01-07
2025010701022830,RHGCL,54,88,100.0,611.0,61100.0,2025-01-07
2025010701022829,RHGCL,54,8,200.0,611.0,122200.0,2025-01-07
2025010704014574,HEI,33,32,10.0,634.0,6340.0,2025-01-07
2025010704014573,JOSHI,72,45,460.0,439.5,202170.0,2025-01-07
2025010704014572,JOSHI,47,45,200.0,439.5,87900.0,2025-01-07
2025010704014571,JOSHI,1,45,50.0,439.7,21985.0,2025-01-07
2025010704014570,JOSHI,46,45,110.0,439.8,48378.0,2025-01-07
2025010704014569,JOSHI,21,45,180.0,439.9,79182.0,2025-01-07
2025010705013963,NRN,42,45,100.0,1081.0,108100.0,2025-01-07
2025010703014614,GFCL,55,41,100.0,812.0,81200.0,2025-01-07
2025010705013962,SLCF,42,49,1085.0,9.6,10416.0,2025-01-07
2025010704014568,RADHI,69,65,968.0,347.2,336089.6,2025-01-07
2025010704014567,AHPC,72,50,10.0,261.2,2612.0,2025-01-07
2025010703014613,SADBL,39,57,110.0,401.0,44110.0,2025-01-07
2025010703014612,SINDU,82,20,100.0,950.2,95020.0,2025-01-07
2025010704014566,HDHPC,42,37,100.0,204.0,20400.0,2025-01-07
2025010701022828,HIDCLP,14,22,1510.0,166.0,250660.0,2025-01-07
2025010704014565,GLH,42,28,10.0,252.4,2524.0,2025-01-07
2025010703014611,JFL,26,7,45.0,715.0,32175.0,2025-01-07
2025010703014610,MLBL,7,17,283.0,374.7,106040.1,2025-01-07
2025010703014609,MLBL,49,17,62.0,374.8,23237.6,2025-01-07
2025010703014608,MERO,52,17,467.0,672.1,313870.7,2025-01-07
2025010703014607,MERO,43,17,33.0,672.2,22182.6,2025-01-07
2025010703014606,NFS,17,33,30.0,990.0,29700.0,2025-01-07
2025010703014605,WNLB,91,1,10.0,2570.0,25700.0,2025-01-07
2025010703014604,JFL,39,42,10.0,716.0,7160.0,2025-01-07
2025010704014564,RHPL,58,58,10.0,444.0,4440.0,2025-01-07
2025010701022827,USHL,58,42,50.0,891.0,44550.0,2025-01-07
2025010703014603,SMPDA,42,25,20.0,948.0,18960.0,2025-01-07
2025010701022826,TVCL,57,75,100.0,625.0,62500.0,2025-01-07
2025010701022825,TVCL,52,75,500.0,625.0,312500.0,2025-01-07
2025010703014602,MDB,46,26,50.0,640.0,32000.0,2025-01-07
2025010703014601,MDB,42,26,169.0,640.0,108160.0,2025-01-07
2025010703014600,MDB,26,26,100.0,640.0,64000.0,2025-01-07
2025010703014599,MDB,41,26,100.0,640.0,64000.0,2025-01-07
2025010703014598,MDB,55,26,100.0,640.0,64000.0,2025-01-07
2025010703014597,MDB,55,26,760.0,640.2,486552.0,2025-01-07
2025010703014596,MDB,13,26,250.0,640.4,160100.0,2025-01-07
2025010703014595,MDB,29,26,100.0,640.6,64060.0,2025-01-07
2025010703014594,MDB,42,26,312.0,641.0,199992.0,2025-01-07
2025010703014593,MDB,22,26,50.0,641.1,32055.0,2025-01-07
2025010701022824,RHGCL,62,8,150.0,611.0,91650.0,2025-01-07
2025010703014592,NMFBS,81,33,10.0,1333.0,13330.0,2025-01-07
2025010704014563,HDHPC,45,58,139.0,204.0,28356.0,2025-01-07
2025010704014562,HDHPC,45,58,210.0,204.0,42840.0,2025-01-07
2025010704014561,HDHPC,45,55,180.0,204.0,36720.0,2025-01-07
2025010704014560,HDHPC,45,6,100.0,204.0,20400.0,2025-01-07
2025010704014559,HDHPC,45,42,171.0,204.0,34884.0,2025-01-07
2025010704014558,HDHPC,45,74,100.0,203.9,20390.0,2025-01-07
2025010704014557,HDHPC,45,39,100.0,203.9,20390.0,2025-01-07
2025010701022823,USHL,4,11,50.0,890.0,44500.0,2025-01-07
2025010705013961,HRL,42,46,10.0,823.0,8230.0,2025-01-07
2025010703014591,SHINE,91,63,470.0,418.0,196460.0,2025-01-07
2025010703014590,SHINE,48,63,200.0,418.0,83600.0,2025-01-07
2025010703014589,SHINE,48,63,20.0,418.0,8360.0,2025-01-07
2025010703014588,SHINE,25,63,100.0,418.0,41800.0,2025-01-07
2025010703014587,SHINE,8,63,110.0,418.0,45980.0,2025-01-07
2025010703014586,SHINE,11,63,100.0,419.0,41900.0,2025-01-07
2025010705013960,SHIVM,38,34,294.0,535.0,157290.0,2025-01-07
2025010705013959,SHIVM,19,34,31.0,535.0,16585.0,2025-01-07
2025010705013958,SHIVM,41,34,25.0,535.0,13375.0,2025-01-07
2025010705013957,SHIVM,16,34,50.0,536.0,26800.0,2025-01-07
2025010701022822,USHL,34,42,10.0,891.0,8910.0,2025-01-07
2025010701022821,SBL,14,17,11.0,300.0,3300.0,2025-01-07
2025010701022820,SBL,14,16,40.0,299.5,11980.0,2025-01-07
2025010701022819,SBL,14,35,10.0,299.0,2990.0,2025-01-07
2025010704014556,SHPC,45,77,1000.0,480.4,480400.0,2025-01-07
2025010703014585,SHINE,91,41,10.0,424.0,4240.0,2025-01-07
2025010705013956,NBF3,39,36,100.0,9.13,913.0,2025-01-07
2025010703014584,JBBL,34,67,310.0,369.0,114390.0,2025-01-07
2025010704014555,SSHL,40,52,700.0,230.0,161000.0,2025-01-07
2025010701022818,USHL,56,42,50.0,891.0,44550.0,2025-01-07
2025010703014583,HLBSL,43,26,10.0,990.0,9900.0,2025-01-07
2025010704014554,NGPL,26,45,50.0,272.0,13600.0,2025-01-07
2025010703014582,GUFL,22,38,90.0,673.0,60570.0,2025-01-07
2025010703014581,GUFL,49,38,10.0,674.0,6740.0,2025-01-07
2025010704014553,BARUN,38,58,10.0,415.0,4150.0,2025-01-07
2025010704014552,KPCL,94,67,401.0,526.0,210926.0,2025-01-07
2025010705013955,ENL,56,45,10.0,1196.0,11960.0,2025-01-07
2025010703014580,SJLIC,51,45,41.0,452.1,18536.1,2025-01-07
2025010703014579,SJLIC,5,45,100.0,452.1,45210.0,2025-01-07
2025010703014578,SJLIC,21,45,61.0,452.2,27584.2,2025-01-07
2025010703014577,PROFL,8,42,10.0,627.0,6270.0,2025-01-07
2025010703014576,RLFL,37,35,10.0,575.0,5750.0,2025-01-07
2025010705013954,NIFRA,6,35,90.0,256.0,23040.0,2025-01-07
2025010701022817,SRLI,55,38,50.0,431.8,21590.0,2025-01-07
2025010701022816,SRLI,55,34,200.0,431.7,86340.0,2025-01-07
2025010701022815,SRLI,55,34,250.0,431.5,107875.0,2025-01-07
2025010704014551,AHPC,49,50,255.0,261.2,66606.0,2025-01-07
2025010701022814,NBL,5,22,100.0,266.0,26600.0,2025-01-07
2025010704014550,CGH,6,49,10.0,914.0,9140.0,2025-01-07
2025010705013953,MEL,46,45,200.0,347.5,69500.0,2025-01-07
2025010704014549,RIDI,29,52,105.0,228.0,23940.0,2025-01-07
2025010704014548,SPIL,72,58,50.0,807.0,40350.0,2025-01-07
2025010703014575,BFC,69,39,100.0,678.0,67800.0,2025-01-07
2025010703014574,BFC,69,41,260.0,678.0,176280.0,2025-01-07
2025010703014573,BFC,69,32,51.0,678.0,34578.0,2025-01-07
2025010701022813,DLBS,34,34,11.0,1695.0,18645.0,2025-01-07
2025010701022812,MKCL,55,34,240.0,1501.0,360240.0,2025-01-07
2025010703014572,MATRI,5,14,10.0,1245.0,12450.0,2025-01-07
2025010704014547,AHPC,49,60,780.0,261.2,203736.0,2025-01-07
2025010703014571,MPFL,60,32,48.0,701.0,33648.0,2025-01-07
2025010703014570,SINDU,82,1,50.0,950.2,47510.0,2025-01-07
2025010704014546,KKHC,56,69,20.0,411.8,8236.0,2025-01-07
2025010703014569,MPFL,62,32,100.0,701.0,70100.0,2025-01-07
2025010701022811,CYCL,62,38,10.0,1584.0,15840.0,2025-01-07
2025010703014568,JBBL,34,45,850.0,369.0,313650.0,2025-01-07
2025010703014567,JBBL,50,45,120.0,369.1,44292.0,2025-01-07
2025010703014566,MATRI,45,14,10.0,1245.0,12450.0,2025-01-07
2025010703014565,GUFL,49,32,1850.0,674.0,1246900.0,2025-01-07
2025010704014545,UMRH,69,45,10.0,658.0,6580.0,2025-01-07
2025010701022810,NIMB,54,42,122.0,217.6,26547.2,2025-01-07
2025010705013952,HIDCL,17,57,10.0,242.9,2429.0,2025-01-07
2025010703014564,ILBS,6,91,10.0,989.9,9899.0,2025-01-07
2025010701022809,UNLB,36,38,10.0,2490.0,24900.0,2025-01-07
2025010703014563,RLFL,37,36,150.0,575.0,86250.0,2025-01-07
2025010703014562,GMFBS,11,58,74.0,1829.0,135346.0,2025-01-07
2025010701022808,HHL,26,45,10.0,522.0,5220.0,2025-01-07
2025010704014544,SHPC,58,62,300.0,480.3,144090.0,2025-01-07
2025010701022807,NYADI,56,62,60.0,586.3,35178.0,2025-01-07
2025010703014561,JFL,26,50,25.0,715.0,17875.0,2025-01-07
2025010701022806,IHL,52,4,30.0,701.0,21030.0,2025-01-07
2025010703014560,GRDBL,71,49,10.0,1174.0,11740.0,2025-01-07
2025010704014543,IGI,28,35,35.0,601.8,21063.0,2025-01-07
2025010704014542,IGI,28,38,100.0,601.8,60180.0,2025-01-07
2025010704014541,IGI,28,44,500.0,601.8,300900.0,2025-01-07
2025010704014540,IGI,28,57,500.0,601.8,300900.0,2025-01-07
2025010704014539,IGI,28,41,104.0,601.8,62587.2,2025-01-07
2025010704014538,IGI,28,57,100.0,601.8,60180.0,2025-01-07
2025010704014537,IGI,28,48,300.0,601.2,180360.0,2025-01-07
2025010704014536,IGI,28,58,30.0,601.0,18030.0,2025-01-07
2025010704014535,IGI,28,58,50.0,601.0,30050.0,2025-01-07
2025010704014534,IGI,28,54,310.0,601.0,186310.0,2025-01-07
2025010704014533,IGI,28,25,200.0,601.0,120200.0,2025-01-07
2025010704014532,IGI,28,65,1000.0,600.7,600700.0,2025-01-07
2025010704014531,IGI,28,48,300.0,600.7,180210.0,2025-01-07
2025010704014530,IGI,28,43,30.0,600.5,18015.0,2025-01-07
2025010704014529,IGI,28,55,100.0,600.0,60000.0,2025-01-07
2025010704014528,IGI,28,45,500.0,600.0,300000.0,2025-01-07
2025010704014527,IGI,28,1,44.0,600.0,26400.0,2025-01-07
2025010704014526,IGI,28,34,50.0,599.8,29990.0,2025-01-07
2025010704014525,IGI,28,44,300.0,599.8,179940.0,2025-01-07
2025010704014524,IGI,28,32,13.0,599.7,7796.1,2025-01-07
2025010704014523,IGI,28,67,100.0,599.5,59950.0,2025-01-07
2025010704014522,IGI,28,57,200.0,599.0,119800.0,2025-01-07
2025010704014521,IGI,28,48,1000.0,599.0,599000.0,2025-01-07
2025010704014520,IGI,28,8,385.0,599.0,230615.0,2025-01-07
2025010704014519,IGI,28,1,70.0,596.0,41720.0,2025-01-07
2025010704014518,IGI,28,75,200.0,595.6,119120.0,2025-01-07
2025010704014517,IGI,28,14,50.0,595.3,29765.0,2025-01-07
2025010704014516,IGI,28,62,100.0,595.0,59500.0,2025-01-07
2025010704014515,IGI,28,62,60.0,595.0,35700.0,2025-01-07
2025010704014514,IGI,28,32,500.0,594.5,297250.0,2025-01-07
2025010704014513,IGI,28,70,100.0,594.0,59400.0,2025-01-07
2025010704014512,IGI,28,55,100.0,593.7,59370.0,2025-01-07
2025010704014511,IGI,28,58,200.0,593.6,118720.0,2025-01-07
2025010704014510,IGI,28,50,50.0,593.6,29680.0,2025-01-07
2025010704014509,IGI,28,7,30.0,593.0,17790.0,2025-01-07
2025010704014508,IGI,28,42,20.0,592.0,11840.0,2025-01-07
2025010704014507,IGI,28,44,200.0,591.8,118360.0,2025-01-07
2025010704014506,IGI,28,62,200.0,591.0,118200.0,2025-01-07
2025010704014505,IGI,28,38,100.0,591.0,59100.0,2025-01-07
2025010704014504,IGI,28,48,59.0,590.0,34810.0,2025-01-07
2025010704014503,IGI,28,51,100.0,590.0,59000.0,2025-01-07
2025010704014502,IGI,28,50,175.0,590.0,103250.0,2025-01-07
2025010704014501,IGI,28,44,10.0,590.0,5900.0,2025-01-07
2025010704014500,IGI,28,45,500.0,590.0,295000.0,2025-01-07
2025010704014499,IGI,28,41,150.0,589.8,88470.0,2025-01-07
2025010704014498,IGI,28,25,10.0,589.7,5897.0,2025-01-07
2025010704014497,IGI,28,7,1000.0,588.0,588000.0,2025-01-07
2025010704014496,IGI,28,51,50.0,588.0,29400.0,2025-01-07
2025010704014495,IGI,28,87,269.0,588.0,158172.0,2025-01-07
2025010704014494,IGI,28,44,100.0,587.9,58790.0,2025-01-07
2025010704014493,IGI,28,32,246.0,587.0,144402.0,2025-01-07
2025010704014492,IGI,28,67,85.0,587.0,49895.0,2025-01-07
2025010704014491,IGI,28,6,50.0,587.0,29350.0,2025-01-07
2025010704014490,IGI,28,14,100.0,585.0,58500.0,2025-01-07
2025010704014489,IGI,28,83,20.0,585.0,11700.0,2025-01-07
2025010704014488,IGI,28,57,83.0,585.0,48555.0,2025-01-07
2025010704014487,UMRH,28,45,10.0,658.0,6580.0,2025-01-07
2025010703014559,CFCL,41,6,200.0,602.0,120400.0,2025-01-07
2025010704014486,HURJA,51,50,3000.0,235.1,705300.0,2025-01-07
2025010701022805,DORDI,16,22,520.0,633.4,329368.0,2025-01-07
2025010701022804,DORDI,40,22,480.0,633.5,304080.0,2025-01-07
2025010703014558,NFS,36,33,10.0,990.0,9900.0,2025-01-07
2025010703014557,NFS,36,38,125.0,990.0,123750.0,2025-01-07
2025010703014556,NFS,36,7,20.0,989.5,19790.0,2025-01-07
2025010705013951,NRM,63,74,10.0,443.9,4439.0,2025-01-07
2025010705013950,PHCL,32,52,10.0,566.0,5660.0,2025-01-07
2025010701022803,RHGCL,34,8,50.0,611.0,30550.0,2025-01-07
2025010705013949,NRN,42,14,100.0,1080.5,108050.0,2025-01-07
2025010705013948,NRN,42,17,50.0,1080.0,54000.0,2025-01-07
2025010705013947,NRN,42,42,10.0,1080.0,10800.0,2025-01-07
2025010705013946,NRN,42,51,20.0,1079.1,21582.0,2025-01-07
2025010704014485,GLH,42,22,500.0,252.0,126000.0,2025-01-07
2025010701022802,HHL,59,99,200.0,523.0,104600.0,2025-01-07
2025010704014484,PMHPL,6,59,100.0,285.2,28520.0,2025-01-07
2025010704014483,PMHPL,49,59,90.0,286.2,25758.0,2025-01-07
2025010704014482,PMHPL,49,59,50.0,286.3,14315.0,2025-01-07
2025010701022801,ULHC,67,47,310.0,567.0,175770.0,2025-01-07
2025010701022800,ULHC,67,44,90.0,567.0,51030.0,2025-01-07
2025010701022799,ULHC,67,58,10.0,566.0,5660.0,2025-01-07
2025010701022798,ULHC,67,58,90.0,565.0,50850.0,2025-01-07
2025010703014555,PFL,42,1,110.0,559.0,61490.0,2025-01-07
2025010704014481,PRIN,56,56,39.0,984.9,38411.1,2025-01-07
2025010704014480,PRIN,56,45,107.0,980.0,104860.0,2025-01-07
2025010704014479,PRIN,56,60,104.0,979.0,101816.0,2025-01-07
2025010704014478,PRIN,56,57,50.0,978.0,48900.0,2025-01-07
2025010703014554,BFC,38,58,21.0,677.0,14217.0,2025-01-07
2025010701022797,RFPL,62,62,130.0,1339.0,174070.0,2025-01-07
2025010704014477,NICL,4,36,130.0,985.0,128050.0,2025-01-07
2025010704014476,NICL,4,53,10.0,985.0,9850.0,2025-01-07
2025010704014475,NICL,4,49,20.0,984.0,19680.0,2025-01-07
2025010703014553,SLBBL,65,54,100.0,925.1,92510.0,2025-01-07
2025010704014474,MEN,59,60,335.0,604.0,202340.0,2025-01-07
2025010704014473,MEN,36,60,65.0,604.0,39260.0,2025-01-07
2025010703014552,NFS,16,41,25.0,988.0,24700.0,2025-01-07
2025010703014551,NFS,4,41,50.0,988.0,49400.0,2025-01-07
2025010703014550,NFS,43,41,15.0,988.0,14820.0,2025-01-07
2025010703014549,NFS,25,41,25.0,988.1,24702.5,2025-01-07
2025010703014548,NFS,36,41,10.0,989.5,9895.0,2025-01-07
2025010705013945,GCIL,22,41,31.0,499.0,15469.0,2025-01-07
2025010701022796,MHCL,35,51,10.0,536.9,5369.0,2025-01-07
2025010701022795,MHCL,35,56,40.0,535.5,21420.0,2025-01-07
2025010703014547,GFCL,49,57,200.0,812.8,162560.0,2025-01-07
2025010703014546,MNBBL,29,35,400.0,372.5,149000.0,2025-01-07
2025010703014545,MNBBL,32,35,50.0,372.5,18625.0,2025-01-07
2025010703014544,MNBBL,41,35,35.0,372.5,13037.5,2025-01-07
2025010703014543,MNBBL,53,35,100.0,373.0,37300.0,2025-01-07
2025010703014542,MNBBL,14,35,20.0,373.0,7460.0,2025-01-07
2025010703014541,MNBBL,34,35,38.0,373.0,14174.0,2025-01-07
2025010703014540,MNBBL,57,35,30.0,373.1,11193.0,2025-01-07
2025010701022794,NBL,46,16,10.0,266.9,2669.0,2025-01-07
2025010703014539,ILBS,57,91,10.0,988.0,9880.0,2025-01-07
2025010704014472,RURU,74,20,400.0,700.1,280040.0,2025-01-07
2025010704014471,RURU,21,20,100.0,700.2,70020.0,2025-01-07
2025010701022793,CZBIL,45,32,400.0,215.1,86040.0,2025-01-07
2025010701022792,CZBIL,14,32,700.0,215.1,150570.0,2025-01-07
2025010703014538,MDB,32,48,10.0,645.0,6450.0,2025-01-07
2025010701022791,MKHC,52,14,14.0,548.1,7673.4,2025-01-07
2025010704014470,SSHL,34,39,100.0,230.4,23040.0,2025-01-07
2025010703014537,PMLI,44,5,200.0,599.0,119800.0,2025-01-07
2025010704014469,SHEL,40,67,50.0,243.0,12150.0,2025-01-07
2025010703014536,SFCL,59,22,150.0,644.0,96600.0,2025-01-07
2025010703014535,SFCL,59,11,200.0,644.0,128800.0,2025-01-07
2025010703014534,SFCL,59,13,100.0,644.0,64400.0,2025-01-07
2025010703014533,SFCL,59,44,50.0,644.0,32200.0,2025-01-07
2025010701022790,ULHC,14,52,100.0,564.0,56400.0,2025-01-07
2025010701022789,TVCL,6,25,40.0,625.0,25000.0,2025-01-07
2025010703014532,NMBMF,43,35,35.0,700.0,24500.0,2025-01-07
2025010703014531,NMBMF,43,42,20.0,700.0,14000.0,2025-01-07
2025010703014530,NMBMF,43,25,100.0,700.0,70000.0,2025-01-07
2025010703014529,NMBMF,43,39,20.0,699.9,13998.0,2025-01-07
2025010704014468,AHPC,49,43,200.0,261.2,52240.0,2025-01-07
2025010705013944,NRIC,25,36,10.0,749.0,7490.0,2025-01-07
2025010703014528,JFL,26,50,75.0,715.0,53625.0,2025-01-07
2025010703014527,JFL,26,48,25.0,715.0,17875.0,2025-01-07
2025010703014526,GMFIL,38,22,25.0,547.0,13675.0,2025-01-07
2025010703014525,GMFIL,38,19,260.0,546.9,142194.0,2025-01-07
2025010703014524,GMFIL,38,45,15.0,545.7,8185.5,2025-01-07
2025010703014523,GMFIL,38,61,200.0,545.6,109120.0,2025-01-07
2025010703014522,MPFL,21,35,123.0,700.0,86100.0,2025-01-07
2025010703014521,MPFL,58,35,59.0,700.2,41311.8,2025-01-07
2025010705013943,NRM,44,74,10.0,443.9,4439.0,2025-01-07
2025010701022788,SMHL,65,44,10.0,1522.0,15220.0,2025-01-07
2025010701022787,MEHL,45,57,90.0,507.1,45639.0,2025-01-07
2025010701022786,MEHL,14,57,50.0,508.0,25400.0,2025-01-07
2025010705013942,NRN,14,57,10.0,1079.0,10790.0,2025-01-07
2025010704014467,GLH,83,88,880.0,248.3,218504.0,2025-01-07
2025010704014466,GLH,49,88,50.0,249.0,12450.0,2025-01-07
2025010704014465,GLH,32,88,50.0,250.0,12500.0,2025-01-07
2025010704014464,GLH,38,88,10.0,250.0,2500.0,2025-01-07
2025010704014463,GLH,21,88,10.0,251.0,2510.0,2025-01-07
2025010701022785,MKJC,77,70,15.0,555.0,8325.0,2025-01-07
2025010701022784,MKJC,77,65,300.0,555.0,166500.0,2025-01-07
2025010701022783,MKJC,77,14,500.0,554.1,277050.0,2025-01-07
2025010701022782,MKJC,77,35,30.0,554.0,16620.0,2025-01-07
2025010701022781,MKJC,77,72,155.0,553.0,85715.0,2025-01-07
2025010701022780,MKJC,77,32,500.0,552.9,276450.0,2025-01-07
2025010703014520,PMLI,44,32,100.0,599.0,59900.0,2025-01-07
2025010705013941,NRIC,25,14,90.0,749.0,67410.0,2025-01-07
2025010705013940,NRIC,77,14,10.0,749.1,7491.0,2025-01-07
2025010704014462,BARUN,13,34,11.0,412.7,4539.7,2025-01-07
2025010701022779,ULBSL,48,42,16.0,4110.0,65760.0,2025-01-07
2025010705013939,PHCL,7,48,10.0,565.5,5655.0,2025-01-07
2025010701022778,RHGCL,6,8,100.0,611.0,61100.0,2025-01-07
2025010701022777,HBL,33,40,15.0,239.1,3586.5,2025-01-07
2025010701022776,HBL,43,40,17.0,240.0,4080.0,2025-01-07
2025010704014461,SHEL,84,19,450.0,243.4,109530.0,2025-01-07
2025010705013938,CHDC,75,94,10.0,1644.0,16440.0,2025-01-07
2025010704014460,RIDI,58,52,47.0,228.0,10716.0,2025-01-07
2025010704014459,SGIC,57,26,120.0,690.5,82860.0,2025-01-07
2025010701022775,JBLB,58,4,10.0,1361.0,13610.0,2025-01-07
2025010701022774,SNLI,43,58,12.0,636.4,7636.8,2025-01-07
2025010704014458,UPCL,45,67,30.0,286.9,8607.0,2025-01-07
2025010701022773,SMHL,65,41,10.0,1522.0,15220.0,2025-01-07
2025010704014457,UMRH,41,45,50.0,658.0,32900.0,2025-01-07
2025010704014456,UMRH,41,42,70.0,658.0,46060.0,2025-01-07
2025010704014455,UMRH,41,58,100.0,658.0,65800.0,2025-01-07
2025010704014454,UMRH,41,48,50.0,658.0,32900.0,2025-01-07
2025010704014453,UMRH,41,25,230.0,657.9,151317.0,2025-01-07
2025010701022772,JBLB,58,41,45.0,1361.0,61245.0,2025-01-07
2025010701022771,KBL,22,48,10.0,212.0,2120.0,2025-01-07
2025010705013937,SONA,5,51,65.0,465.0,30225.0,2025-01-07
2025010705013936,SONA,11,51,200.0,465.3,93060.0,2025-01-07
2025010705013935,SONA,42,51,85.0,465.3,39550.5,2025-01-07
2025010705013934,SONA,13,51,50.0,465.4,23270.0,2025-01-07
2025010701022770,DORDI,40,49,20.0,633.5,12670.0,2025-01-07
2025010701022769,TAMOR,60,49,132.0,519.4,68560.8,2025-01-07
2025010701022768,TAMOR,21,49,68.0,519.5,35326.0,2025-01-07
2025010705013933,SMJC,66,8,145.0,564.0,81780.0,2025-01-07
2025010705013932,SMJC,66,49,10.0,564.0,5640.0,2025-01-07
2025010705013931,SMJC,66,51,100.0,563.9,56390.0,2025-01-07
2025010705013930,SMJC,66,57,200.0,563.0,112600.0,2025-01-07
2025010705013929,SMJC,66,32,25.0,562.0,14050.0,2025-01-07
2025010705013928,SMJC,66,58,10.0,562.0,5620.0,2025-01-07
2025010705013927,SMJC,66,56,10.0,562.0,5620.0,2025-01-07
2025010705013926,ILI,51,17,37.0,485.5,17963.5,2025-01-07
2025010704014452,NGPL,81,45,900.0,272.0,244800.0,2025-01-07
2025010704014451,NGPL,81,57,100.0,271.9,27190.0,2025-01-07
2025010701022767,MANDU,17,40,100.0,911.0,91100.0,2025-01-07
2025010704014450,JOSHI,6,59,200.0,440.0,88000.0,2025-01-07
2025010704014449,JOSHI,28,59,45.0,440.0,19800.0,2025-01-07
2025010704014448,JOSHI,58,59,155.0,440.0,68200.0,2025-01-07
2025010701022766,MKHC,47,47,32.0,556.0,17792.0,2025-01-07
2025010701022765,MKHC,47,41,200.0,555.9,111180.0,2025-01-07
2025010701022764,MKHC,47,45,10.0,555.5,5555.0,2025-01-07
2025010701022763,MKHC,47,61,1000.0,555.0,555000.0,2025-01-07
2025010701022762,MKHC,47,14,300.0,555.0,166500.0,2025-01-07
2025010701022761,MKHC,47,63,100.0,555.0,55500.0,2025-01-07
2025010701022760,MKHC,47,63,50.0,555.0,27750.0,2025-01-07
2025010701022759,MKHC,47,7,10.0,555.0,5550.0,2025-01-07
2025010701022758,MKHC,47,58,40.0,555.0,22200.0,2025-01-07
2025010701022757,MKHC,47,34,1158.0,555.0,642690.0,2025-01-07
2025010701022756,MKHC,47,49,100.0,550.0,55000.0,2025-01-07
2025010703014519,SFCL,47,43,100.0,640.0,64000.0,2025-01-07
2025010705013925,CIT,42,25,27.0,2015.0,54405.0,2025-01-07
2025010704014447,BARUN,13,4,81.0,412.7,33428.7,2025-01-07
2025010704014446,BARUN,14,4,719.0,412.7,296731.3,2025-01-07
2025010701022755,ADBL,38,60,30.0,303.0,9090.0,2025-01-07
2025010701022754,ADBL,38,53,50.0,302.5,15125.0,2025-01-07
2025010705013924,NRIC,58,22,10.0,750.0,7500.0,2025-01-07
2025010703014518,SMFBS,41,28,12.0,1945.0,23340.0,2025-01-07
2025010701022753,HHL,70,65,90.0,521.0,46890.0,2025-01-07
2025010701022752,HHL,14,65,310.0,521.0,161510.0,2025-01-07
2025010701022751,TAMOR,21,29,32.0,519.5,16624.0,2025-01-07
2025010701022750,TAMOR,25,29,56.0,520.0,29120.0,2025-01-07
2025010701022749,TAMOR,45,29,12.0,520.0,6240.0,2025-01-07
2025010701022748,USHEC,6,14,30.0,657.0,19710.0,2025-01-07
2025010701022747,USHEC,96,14,289.0,657.0,189873.0,2025-01-07
2025010701022746,USHEC,7,14,100.0,658.0,65800.0,2025-01-07
2025010705013923,HRL,47,56,1.0,822.0,822.0,2025-01-07
2025010705013922,HRL,47,17,30.0,822.0,24660.0,2025-01-07
2025010705013921,SHIVM,41,16,15.0,535.0,8025.0,2025-01-07
2025010705013920,SHIVM,8,16,1305.0,535.1,698305.5,2025-01-07
2025010705013919,SHIVM,52,16,500.0,535.2,267600.0,2025-01-07
2025010705013918,SHIVM,44,16,180.0,535.2,96336.0,2025-01-07
2025010703014517,RLFL,37,45,40.0,575.0,23000.0,2025-01-07
2025010703014516,RLFL,37,35,10.0,575.0,5750.0,2025-01-07
2025010703014515,PMLI,44,6,12.0,599.0,7188.0,2025-01-07
2025010701022745,SANIMA,59,49,100.0,297.0,29700.0,2025-01-07
2025010703014514,PFL,42,13,95.0,559.0,53105.0,2025-01-07
2025010703014513,GFCL,25,43,350.0,815.0,285250.0,2025-01-07
2025010703014512,GFCL,25,21,25.0,815.0,20375.0,2025-01-07
2025010703014511,GFCL,25,57,300.0,814.0,244200.0,2025-01-07
2025010703014510,GFCL,25,40,50.0,814.0,40700.0,2025-01-07
2025010703014509,GFCL,25,40,50.0,814.0,40700.0,2025-01-07
2025010703014508,GFCL,25,41,70.0,814.0,56980.0,2025-01-07
2025010703014507,GFCL,25,36,80.0,814.0,65120.0,2025-01-07
2025010703014506,GFCL,25,59,75.0,813.0,60975.0,2025-01-07
2025010704014445,KKHC,72,25,490.0,410.9,201341.0,2025-01-07
2025010704014444,KKHC,6,25,10.0,411.0,4110.0,2025-01-07
2025010701022744,CYCL,62,34,69.0,1580.1,109026.9,2025-01-07
2025010701022743,USHL,71,42,10.0,891.0,8910.0,2025-01-07
2025010703014505,PROFL,58,42,25.0,627.0,15675.0,2025-01-07
2025010703014504,GUFL,58,46,10.0,674.0,6740.0,2025-01-07
2025010704014443,HURJA,45,14,20.0,236.0,4720.0,2025-01-07
2025010704014442,NLG,65,35,485.0,989.9,480101.5,2025-01-07
2025010704014441,NLG,65,48,170.0,985.1,167467.0,2025-01-07
2025010704014440,NLG,65,58,30.0,985.1,29553.0,2025-01-07
2025010703014503,MLBBL,52,70,21.0,1600.0,33600.0,2025-01-07
2025010703014502,MLBBL,58,70,79.0,1600.0,126400.0,2025-01-07
2025010704014439,AKPL,7,32,265.0,241.0,63865.0,2025-01-07
2025010704014438,AKPL,7,34,100.0,241.0,24100.0,2025-01-07
2025010701022742,RFPL,62,42,10.0,1339.0,13390.0,2025-01-07
2025010704014437,AKPL,7,62,135.0,241.0,32535.0,2025-01-07
2025010704014436,AKPL,39,62,15.0,241.0,3615.0,2025-01-07
2025010704014435,AKPL,34,62,50.0,241.1,12055.0,2025-01-07
2025010701022741,TSHL,60,44,50.0,891.0,44550.0,2025-01-07
2025010703014501,SINDU,82,80,100.0,950.2,95020.0,2025-01-07
2025010705013917,MEL,58,45,10.0,347.5,3475.0,2025-01-07
2025010705013916,MEL,58,64,10.0,346.0,3460.0,2025-01-07
2025010701022740,NABIL,8,32,22.0,500.0,11000.0,2025-01-07
2025010705013915,HDL,47,55,70.0,1194.9,83643.0,2025-01-07
2025010701022739,ULHC,41,45,200.0,563.2,112640.0,2025-01-07
2025010701022738,EBL,45,25,10.0,586.9,5869.0,2025-01-07
2025010701022737,MKCL,55,19,170.0,1500.0,255000.0,2025-01-07
2025010701022736,USHL,50,42,50.0,891.0,44550.0,2025-01-07
2025010705013914,HRL,41,34,75.0,825.0,61875.0,2025-01-07
2025010705013913,HRL,41,90,10.0,825.0,8250.0,2025-01-07
2025010705013912,HRL,41,14,10.0,824.0,8240.0,2025-01-07
2025010705013911,HRL,41,58,97.0,824.0,79928.0,2025-01-07
2025010705013910,HRL,41,58,102.0,823.0,83946.0,2025-01-07
2025010705013909,PHCL,65,46,10.0,565.0,5650.0,2025-01-07
2025010701022735,BHL,45,34,230.0,373.6,85928.0,2025-01-07
2025010701022734,BHL,17,34,50.0,373.7,18685.0,2025-01-07
2025010701022733,BHL,58,34,500.0,374.0,187000.0,2025-01-07
2025010701022732,BHL,38,34,80.0,375.0,30000.0,2025-01-07
2025010701022731,BHL,42,34,50.0,375.0,18750.0,2025-01-07
2025010701022730,BHL,38,34,90.0,375.0,33750.0,2025-01-07
2025010703014500,JBBL,50,37,30.0,369.1,11073.0,2025-01-07
2025010703014499,JBBL,28,37,300.0,369.2,110760.0,2025-01-07
2025010703014498,JFL,39,48,10.0,715.0,7150.0,2025-01-07
2025010704014434,CGH,52,21,10.0,915.0,9150.0,2025-01-07
2025010704014433,CGH,52,42,90.0,915.0,82350.0,2025-01-07
2025010703014497,RLFL,56,35,40.0,575.0,23000.0,2025-01-07
2025010703014496,RLFL,56,35,10.0,575.0,5750.0,2025-01-07
2025010701022729,SCB,52,4,400.0,682.0,272800.0,2025-01-07
2025010704014432,UMRH,52,38,70.0,656.1,45927.0,2025-01-07
2025010704014431,UMRH,35,38,150.0,656.5,98475.0,2025-01-07
2025010704014430,BARUN,14,38,60.0,412.7,24762.0,2025-01-07
2025010703014495,MLBBL,38,41,10.0,1613.0,16130.0,2025-01-07
2025010701022728,MMKJL,38,21,100.0,720.0,72000.0,2025-01-07
2025010703014494,SINDU,82,71,500.0,950.2,475100.0,2025-01-07
2025010705013908,HIDCL,48,45,34.0,241.0,8194.0,2025-01-07
2025010704014429,PRIN,62,45,44.0,975.3,42913.2,2025-01-07
2025010705013907,CLI,89,19,67.0,700.0,46900.0,2025-01-07
2025010705013906,CLI,89,51,100.0,700.0,70000.0,2025-01-07
2025010705013905,CLI,89,45,10.0,700.0,7000.0,2025-01-07
2025010705013904,CLI,89,94,10.0,700.0,7000.0,2025-01-07
2025010705013903,CLI,89,59,10.0,700.0,7000.0,2025-01-07
2025010705013902,CLI,89,58,10.0,700.0,7000.0,2025-01-07
2025010705013901,CLI,89,59,10.0,700.0,7000.0,2025-01-07
2025010705013900,CLI,89,58,31.0,700.0,21700.0,2025-01-07
2025010705013899,CLI,89,21,60.0,700.0,42000.0,2025-01-07
2025010705013898,CLI,89,58,10.0,700.0,7000.0,2025-01-07
2025010705013897,CLI,89,46,10.0,700.0,7000.0,2025-01-07
2025010705013896,CLI,89,75,10.0,700.0,7000.0,2025-01-07
2025010705013895,CLI,89,40,50.0,700.0,35000.0,2025-01-07
2025010705013894,CLI,89,58,10.0,700.0,7000.0,2025-01-07
2025010705013893,CLI,89,54,10.0,700.0,7000.0,2025-01-07
2025010705013892,CLI,89,45,100.0,700.0,70000.0,2025-01-07
2025010705013891,CLI,89,57,10.0,700.0,7000.0,2025-01-07
2025010705013890,CLI,89,51,10.0,700.0,7000.0,2025-01-07
2025010705013889,CLI,89,66,10.0,700.0,7000.0,2025-01-07
2025010705013888,CLI,89,13,10.0,700.0,7000.0,2025-01-07
2025010705013887,CLI,89,32,50.0,700.0,35000.0,2025-01-07
2025010705013886,CLI,89,81,548.0,700.0,383600.0,2025-01-07
2025010705013885,CLI,89,49,10.0,700.0,7000.0,2025-01-07
2025010705013884,CLI,89,83,10.0,700.0,7000.0,2025-01-07
2025010705013883,CLI,89,62,10.0,700.0,7000.0,2025-01-07
2025010705013882,CLI,89,5,10.0,700.0,7000.0,2025-01-07
2025010705013881,CLI,89,48,34.0,700.0,23800.0,2025-01-07
2025010705013880,CLI,89,44,100.0,699.8,69980.0,2025-01-07
2025010705013879,CLI,89,34,10.0,699.7,6997.0,2025-01-07
2025010705013878,CLI,89,45,10.0,699.0,6990.0,2025-01-07
2025010705013877,CLI,89,42,10.0,699.0,6990.0,2025-01-07
2025010705013876,CLI,89,28,20.0,699.0,13980.0,2025-01-07
2025010705013875,CLI,89,58,10.0,699.0,6990.0,2025-01-07
2025010705013874,CLI,89,50,300.0,699.0,209700.0,2025-01-07
2025010705013873,CLI,89,49,10.0,698.0,6980.0,2025-01-07
2025010705013872,CLI,89,91,1000.0,698.0,698000.0,2025-01-07
2025010705013871,CLI,89,55,10.0,698.0,6980.0,2025-01-07
2025010705013870,CLI,89,44,100.0,697.8,69780.0,2025-01-07
2025010705013869,CLI,89,25,10.0,697.8,6978.0,2025-01-07
2025010705013868,CLI,89,81,100.0,697.0,69700.0,2025-01-07
2025010705013867,CLI,89,38,10.0,696.0,6960.0,2025-01-07
2025010705013866,CLI,89,45,30.0,696.0,20880.0,2025-01-07
2025010705013865,CLI,89,57,50.0,696.0,34800.0,2025-01-07
2025010701022727,SGHC,49,5,200.0,516.0,103200.0,2025-01-07
2025010705013864,RNLI,57,21,10.0,512.1,5121.0,2025-01-07
2025010705013863,RNLI,50,21,50.0,512.2,25610.0,2025-01-07
2025010701022726,SMHL,65,49,10.0,1522.0,15220.0,2025-01-07
2025010704014428,API,65,57,250.0,276.1,69025.0,2025-01-07
2025010703014493,SFCL,47,32,50.0,640.0,32000.0,2025-01-07
2025010703014492,JFL,21,48,135.0,715.0,96525.0,2025-01-07
2025010703014491,JFL,81,48,30.0,715.0,21450.0,2025-01-07
2025010701022725,NIMB,54,5,15.0,217.6,3264.0,2025-01-07
2025010704014427,HURJA,16,14,10.0,236.0,2360.0,2025-01-07
2025010703014490,NFS,42,38,75.0,990.0,74250.0,2025-01-07
2025010703014489,NFS,42,55,25.0,990.0,24750.0,2025-01-07
2025010701022724,RHGCL,54,34,10.0,609.0,6090.0,2025-01-07
2025010701022723,RHGCL,50,34,10.0,610.0,6100.0,2025-01-07
2025010703014488,SMB,7,38,50.0,2730.0,136500.0,2025-01-07
2025010701022722,SPL,7,18,10.0,980.0,9800.0,2025-01-07
2025010704014426,RHPL,57,75,96.0,442.6,42489.6,2025-01-07
2025010704014425,RHPL,51,75,169.0,442.7,74816.3,2025-01-07
2025010704014424,RHPL,32,75,135.0,444.0,59940.0,2025-01-07
2025010701022721,AVYAN,36,41,150.0,999.9,149985.0,2025-01-07
2025010703014487,BFC,38,34,171.0,677.0,115767.0,2025-01-07
2025010701022720,CITY,42,58,45.0,901.0,40545.0,2025-01-07
2025010701022719,IHL,52,44,167.0,701.0,117067.0,2025-01-07
2025010701022718,IHL,53,44,33.0,701.1,23136.3,2025-01-07
2025010701022717,DOLTI,44,8,10.0,754.2,7542.0,2025-01-07
2025010703014486,RLFL,21,35,40.0,575.0,23000.0,2025-01-07
2025010703014485,RLFL,21,28,1000.0,575.0,575000.0,2025-01-07
2025010703014484,RLFL,21,60,100.0,575.0,57500.0,2025-01-07
2025010703014483,RLFL,21,50,20.0,575.0,11500.0,2025-01-07
2025010703014482,RLFL,21,3,40.0,575.0,23000.0,2025-01-07
2025010705013862,NTC,35,14,100.0,910.0,91000.0,2025-01-07
2025010703014481,MDB,32,48,10.0,645.0,6450.0,2025-01-07
2025010704014423,GHL,34,5,176.0,214.0,37664.0,2025-01-07
2025010704014422,GHL,32,5,59.0,214.0,12626.0,2025-01-07
2025010704014421,GHL,34,5,65.0,214.1,13916.5,2025-01-07
2025010703014480,ALBSL,16,34,23.0,793.0,18239.0,2025-01-07
2025010705013861,MEL,57,16,300.0,345.1,103530.0,2025-01-07
2025010705013860,MEL,51,16,200.0,345.2,69040.0,2025-01-07
2025010703014479,MERO,43,17,162.0,672.2,108896.4,2025-01-07
2025010703014478,SADBL,34,49,20.0,402.9,8058.0,2025-01-07
2025010703014477,SADBL,34,45,30.0,402.0,12060.0,2025-01-07
2025010704014420,PRIN,62,56,256.0,975.3,249676.8,2025-01-07
2025010704014419,PRIN,34,56,44.0,975.4,42917.6,2025-01-07
2025010705013859,NRIC,62,22,20.0,750.0,15000.0,2025-01-07
2025010701022716,MKHL,4,58,40.0,665.0,26600.0,2025-01-07
2025010701022715,MKHL,4,45,660.0,665.0,438900.0,2025-01-07
2025010701022714,MKHL,4,6,550.0,664.5,365475.0,2025-01-07
2025010701022713,MKHL,4,38,50.0,664.3,33215.0,2025-01-07
2025010701022712,MKHL,4,94,200.0,664.0,132800.0,2025-01-07
2025010701022711,MKHL,4,20,500.0,664.0,332000.0,2025-01-07
2025010701022710,MEHL,45,34,10.0,511.0,5110.0,2025-01-07
2025010701022709,MEHL,45,43,90.0,509.0,45810.0,2025-01-07
2025010701022708,MHCL,45,56,10.0,535.5,5355.0,2025-01-07
2025010705013858,HDL,14,44,20.0,1195.0,23900.0,2025-01-07
2025010705013857,HDL,80,44,20.0,1195.0,23900.0,2025-01-07
2025010705013856,HRL,47,58,10.0,822.0,8220.0,2025-01-07
2025010704014418,UMRH,69,25,10.0,657.9,6579.0,2025-01-07
2025010705013855,RNLI,49,85,343.0,515.0,176645.0,2025-01-07
2025010705013854,RNLI,49,21,11.0,515.0,5665.0,2025-01-07
2025010705013853,RNLI,49,42,11.0,513.0,5643.0,2025-01-07
2025010705013852,RNLI,49,57,335.0,513.0,171855.0,2025-01-07
2025010701022707,USHL,57,42,10.0,891.0,8910.0,2025-01-07
2025010703014476,CORBL,42,55,10.0,1750.0,17500.0,2025-01-07
2025010705013851,MBJC,39,43,20.0,348.0,6960.0,2025-01-07
2025010703014475,GFCL,6,59,45.0,813.0,36585.0,2025-01-07
2025010703014474,GFCL,6,34,15.0,813.0,12195.0,2025-01-07
2025010703014473,GFCL,6,5,50.0,813.0,40650.0,2025-01-07
2025010703014472,GFCL,6,14,390.0,812.9,317031.0,2025-01-07
2025010704014417,HURJA,51,59,10.0,235.1,2351.0,2025-01-07
2025010703014471,GRDBL,52,49,211.0,1174.0,247714.0,2025-01-07
2025010703014470,GRDBL,52,21,100.0,1174.0,117400.0,2025-01-07
2025010703014469,GRDBL,52,22,90.0,1173.8,105642.0,2025-01-07
2025010703014468,GRDBL,52,16,50.0,1173.7,58685.0,2025-01-07
2025010703014467,GRDBL,52,55,49.0,1170.0,57330.0,2025-01-07
2025010701022706,MKHC,47,34,40.0,555.0,22200.0,2025-01-07
2025010701022705,MKHC,47,35,210.0,554.9,116529.0,2025-01-07
2025010701022704,MKHC,47,34,800.0,554.0,443200.0,2025-01-07
2025010701022703,MKHC,47,36,37.0,554.0,20498.0,2025-01-07
2025010701022702,MKHC,47,60,100.0,552.0,55200.0,2025-01-07
2025010701022701,MKHC,47,57,800.0,550.0,440000.0,2025-01-07
2025010701022700,MKHC,47,38,13.0,550.0,7150.0,2025-01-07
2025010701022699,EHPL,46,74,70.0,805.0,56350.0,2025-01-07
2025010704014416,NGPL,67,11,10.0,271.0,2710.0,2025-01-07
2025010701022698,RFPL,62,51,10.0,1339.0,13390.0,2025-01-07
2025010701022697,DORDI,16,44,410.0,633.6,259776.0,2025-01-07
2025010704014415,LEC,52,58,75.0,217.5,16312.5,2025-01-07
2025010704014414,LEC,38,58,100.0,217.5,21750.0,2025-01-07
2025010704014413,LEC,57,58,1000.0,217.5,217500.0,2025-01-07
2025010704014412,LEC,48,58,150.0,217.5,32625.0,2025-01-07
2025010704014411,LEC,42,58,25.0,217.5,5437.5,2025-01-07
2025010704014410,LEC,58,58,100.0,217.6,21760.0,2025-01-07
2025010704014409,LEC,45,58,100.0,217.6,21760.0,2025-01-07
2025010704014408,LEC,16,58,10.0,217.6,2176.0,2025-01-07
2025010704014407,LEC,7,58,50.0,217.6,10880.0,2025-01-07
2025010704014406,LEC,45,58,100.0,217.7,21770.0,2025-01-07
2025010704014405,LEC,58,58,10.0,218.0,2180.0,2025-01-07
2025010704014404,LEC,81,58,2000.0,218.0,436000.0,2025-01-07
2025010704014403,LEC,35,58,500.0,218.0,109000.0,2025-01-07
2025010704014402,LEC,19,58,200.0,218.0,43600.0,2025-01-07
2025010704014401,LEC,46,58,250.0,218.0,54500.0,2025-01-07
2025010704014400,LEC,52,58,30.0,218.1,6543.0,2025-01-07
2025010704014399,LEC,26,58,300.0,218.1,65430.0,2025-01-07
2025010701022696,USHL,88,42,10.0,891.0,8910.0,2025-01-07
2025010701022695,NWCL,49,38,10.0,972.0,9720.0,2025-01-07
2025010703014466,MPFL,49,32,30.0,701.0,21030.0,2025-01-07
2025010703014465,MPFL,94,32,74.0,701.0,51874.0,2025-01-07
2025010703014464,MPFL,51,32,98.0,702.0,68796.0,2025-01-07
2025010703014463,NMBMF,16,39,10.0,699.9,6999.0,2025-01-07
2025010704014398,SHEL,57,42,92.0,243.0,22356.0,2025-01-07
2025010705013850,NIFRA,42,57,10.0,257.0,2570.0,2025-01-07
2025010701022694,MANDU,17,42,100.0,911.0,91100.0,2025-01-07
2025010701022693,BHDC,26,42,30.0,705.0,21150.0,2025-01-07
2025010705013849,RNLI,57,17,200.0,512.1,102420.0,2025-01-07
2025010701022692,MKCL,33,19,30.0,1500.0,45000.0,2025-01-07
2025010704014397,UMHL,59,49,10.0,338.0,3380.0,2025-01-07
2025010703014462,SHINE,8,41,91.0,418.0,38038.0,2025-01-07
2025010703014461,SHINE,39,41,100.0,418.0,41800.0,2025-01-07
2025010703014460,SHINE,45,41,309.0,418.0,129162.0,2025-01-07
2025010704014396,HURJA,45,14,10.0,236.0,2360.0,2025-01-07
2025010703014459,JBBL,28,35,200.0,369.2,73840.0,2025-01-07
2025010701022691,UNL,58,69,10.0,45000.0,450000.0,2025-01-07
2025010704014395,AKJCL,58,1,50.0,203.0,10150.0,2025-01-07
2025010701022690,CKHL,85,52,190.0,764.0,145160.0,2025-01-07
2025010701022689,CKHL,85,34,1000.0,764.0,764000.0,2025-01-07
2025010701022688,CKHL,85,44,440.0,763.0,335720.0,2025-01-07
2025010704014394,SHPC,45,34,248.0,480.2,119089.6,2025-01-07
2025010703014458,PMLI,44,7,42.0,599.0,25158.0,2025-01-07
2025010703014457,SJLIC,21,1,50.0,452.2,22610.0,2025-01-07
2025010701022687,NABIL,52,32,18.0,500.0,9000.0,2025-01-07
2025010701022686,NABIL,52,59,57.0,500.0,28500.0,2025-01-07
2025010701022685,NABIL,52,1,125.0,500.0,62500.0,2025-01-07
2025010705013848,MBJC,91,43,50.0,348.0,17400.0,2025-01-07
2025010705013847,MBJC,80,43,400.0,348.0,139200.0,2025-01-07
2025010705013846,MBJC,80,43,100.0,348.0,34800.0,2025-01-07
2025010705013845,HRL,47,25,10.0,822.0,8220.0,2025-01-07
2025010704014393,UMRH,28,25,100.0,657.9,65790.0,2025-01-07
2025010704014392,AHPC,49,38,500.0,261.2,130600.0,2025-01-07
2025010701022684,RFPL,62,74,10.0,1339.0,13390.0,2025-01-07
2025010705013844,NRN,39,55,69.0,1079.1,74457.9,2025-01-07
2025010701022683,IHL,53,41,107.0,701.1,75017.7,2025-01-07
2025010704014391,PPCL,45,35,25.0,286.0,7150.0,2025-01-07
2025010703014456,SLBSL,4,72,33.0,1951.0,64383.0,2025-01-07
2025010703014455,SLBSL,3,72,20.0,1951.0,39020.0,2025-01-07
2025010703014454,SLBSL,45,72,100.0,1951.0,195100.0,2025-01-07
2025010703014453,SLBSL,33,72,100.0,1952.0,195200.0,2025-01-07
2025010703014452,SLBSL,17,72,100.0,1955.0,195500.0,2025-01-07
2025010703014451,SLBSL,66,72,10.0,1956.1,19561.0,2025-01-07
2025010703014450,SLBSL,59,72,100.0,1964.2,196420.0,2025-01-07
2025010703014449,SLBSL,45,72,10.0,1965.0,19650.0,2025-01-07
2025010703014448,SLBSL,5,72,50.0,1965.0,98250.0,2025-01-07
2025010703014447,SLBSL,7,72,20.0,1965.0,39300.0,2025-01-07
2025010703014446,SLBSL,5,72,200.0,1965.0,393000.0,2025-01-07
2025010703014445,SLBSL,65,72,20.0,1968.0,39360.0,2025-01-07
2025010703014444,SLBSL,50,72,17.0,1968.0,33456.0,2025-01-07
2025010703014443,SLBSL,45,72,20.0,1968.1,39362.0,2025-01-07
2025010703014442,SLBSL,56,72,100.0,1970.0,197000.0,2025-01-07
2025010703014441,SLBSL,16,72,30.0,1971.1,59133.0,2025-01-07
2025010703014440,SLBSL,28,72,20.0,1972.0,39440.0,2025-01-07
2025010703014439,SLBSL,60,72,50.0,1980.0,99000.0,2025-01-07
2025010703014438,SIFC,29,3,16.0,590.0,9440.0,2025-01-07
2025010703014437,SIFC,29,49,37.0,590.0,21830.0,2025-01-07
2025010701022682,USHEC,53,22,20.0,660.0,13200.0,2025-01-07
2025010701022681,NMB,14,58,247.0,242.5,59897.5,2025-01-07
2025010701022680,RHGCL,48,17,423.0,612.0,258876.0,2025-01-07
2025010701022679,RHGCL,48,35,100.0,612.0,61200.0,2025-01-07
2025010701022678,RHGCL,48,44,10.0,612.0,6120.0,2025-01-07
2025010701022677,RHGCL,48,34,100.0,612.0,61200.0,2025-01-07
2025010701022676,RHGCL,48,65,277.0,612.0,169524.0,2025-01-07
2025010701022675,RHGCL,48,8,90.0,611.0,54990.0,2025-01-07
2025010703014436,MERO,43,17,250.0,672.2,168050.0,2025-01-07
2025010703014435,WNLB,39,80,10.0,2605.0,26050.0,2025-01-07
2025010701022674,NYADI,56,75,10.0,586.3,5863.0,2025-01-07
2025010701022673,MEHL,13,43,200.0,509.0,101800.0,2025-01-07
2025010701022672,MEHL,34,43,30.0,509.0,15270.0,2025-01-07
2025010701022671,MEHL,1,43,180.0,509.0,91620.0,2025-01-07
2025010705013843,CIT,41,8,49.0,2014.2,98695.8,2025-01-07
2025010705013842,CIT,14,8,11.0,2014.3,22157.3,2025-01-07
2025010705013841,CIT,42,8,10.0,2015.0,20150.0,2025-01-07
2025010705013840,CIT,57,8,10.0,2015.0,20150.0,2025-01-07
2025010705013839,CIT,45,8,15.0,2015.0,30225.0,2025-01-07
2025010705013838,CIT,42,8,20.0,2015.0,40300.0,2025-01-07
2025010705013837,CIT,21,8,15.0,2015.0,30225.0,2025-01-07
2025010705013836,CIT,44,8,10.0,2016.0,20160.0,2025-01-07
2025010705013835,CIT,21,8,10.0,2016.0,20160.0,2025-01-07
2025010701022670,RHGCL,50,8,10.0,611.0,6110.0,2025-01-07
2025010701022669,NIBLGF,83,94,1000.0,8.88,8880.0,2025-01-07
2025010704014390,NHDL,42,49,160.0,820.1,131216.0,2025-01-07
2025010704014389,NHDL,8,49,40.0,820.5,32820.0,2025-01-07
2025010701022668,JBLB,42,47,50.0,1362.0,68100.0,2025-01-07
2025010701022667,KBL,19,17,413.0,211.5,87349.5,2025-01-07
2025010701022666,KBL,49,17,487.0,211.5,103000.5,2025-01-07
2025010701022665,PCBL,42,19,60.0,255.9,15354.0,2025-01-07
2025010704014388,KPCL,70,67,195.0,526.0,102570.0,2025-01-07
2025010704014387,KPCL,22,67,186.0,526.0,97836.0,2025-01-07
2025010704014386,KPCL,36,67,200.0,527.0,105400.0,2025-01-07
2025010704014385,KPCL,45,67,18.0,529.0,9522.0,2025-01-07
2025010705013834,RNLI,57,94,101.0,512.1,51722.1,2025-01-07
2025010703014434,EDBL,71,59,10.0,603.0,6030.0,2025-01-07
2025010703014433,EDBL,71,5,40.0,603.0,24120.0,2025-01-07
2025010703014432,EDBL,71,38,50.0,599.0,29950.0,2025-01-07
2025010704014384,BARUN,14,33,13.0,412.7,5365.1,2025-01-07
2025010704014383,CHCL,57,45,113.0,510.0,57630.0,2025-01-07
2025010701022664,TSHL,60,58,40.0,890.9,35636.0,2025-01-07
2025010705013833,MMF1,35,49,144.0,8.89,1280.16,2025-01-07
2025010703014431,GMFIL,57,3,200.0,545.7,109140.0,2025-01-07
2025010701022663,SIKLES,58,81,300.0,906.0,271800.0,2025-01-07
2025010704014382,SICL,39,42,100.0,794.0,79400.0,2025-01-07
2025010704014381,UMRH,43,19,40.0,656.4,26256.0,2025-01-07
2025010703014430,MLBBL,58,19,10.0,1600.0,16000.0,2025-01-07
2025010701022662,TVCL,6,26,570.0,625.0,356250.0,2025-01-07
2025010703014429,MATRI,42,48,63.0,1236.0,77868.0,2025-01-07
2025010701022661,MCHL,67,67,10.0,651.1,6511.0,2025-01-07
2025010701022660,BHDC,26,42,200.0,705.0,141000.0,2025-01-07
2025010704014380,JOSHI,58,59,300.0,440.0,132000.0,2025-01-07
2025010705013832,SIGS2,48,47,1100.0,9.75,10725.0,2025-01-07
2025010701022659,EBL,52,52,75.0,586.5,43987.5,2025-01-07
2025010701022658,MCHL,56,67,10.0,651.1,6511.0,2025-01-07
2025010703014428,SWBBL,54,25,10.0,895.0,8950.0,2025-01-07
2025010705013831,HDL,80,34,50.0,1195.0,59750.0,2025-01-07
2025010705013830,HDL,80,32,50.0,1195.0,59750.0,2025-01-07
2025010705013829,HDL,80,44,50.0,1195.0,59750.0,2025-01-07
2025010705013828,HDL,80,45,30.0,1195.0,35850.0,2025-01-07
2025010703014427,FMDBL,33,52,10.0,739.0,7390.0,2025-01-07
2025010701022657,GVL,1,45,10.0,556.6,5566.0,2025-01-07
2025010704014379,AHPC,72,60,20.0,261.3,5226.0,2025-01-07
2025010703014426,SJLIC,63,63,1.0,453.0,453.0,2025-01-07
2025010704014378,NHDL,88,90,20.0,825.0,16500.0,2025-01-07
2025010704014377,NHDL,88,58,505.0,824.0,416120.0,2025-01-07
2025010704014376,NHDL,88,48,445.0,824.0,366680.0,2025-01-07
2025010704014375,NHDL,88,58,13.0,823.9,10710.7,2025-01-07
2025010704014374,NHDL,88,48,35.0,823.9,28836.5,2025-01-07
2025010704014373,NHDL,88,58,100.0,823.8,82380.0,2025-01-07
2025010704014372,NHDL,88,26,60.0,822.0,49320.0,2025-01-07
2025010704014371,NHDL,88,88,200.0,821.0,164200.0,2025-01-07
2025010704014370,NHDL,88,26,200.0,821.0,164200.0,2025-01-07
2025010704014369,NHDL,88,22,422.0,821.0,346462.0,2025-01-07
2025010705013827,MEL,64,21,60.0,345.0,20700.0,2025-01-07
2025010705013826,MEL,22,21,100.0,345.1,34510.0,2025-01-07
2025010705013825,MEL,62,21,10.0,345.1,3451.0,2025-01-07
2025010705013824,MEL,55,21,30.0,345.2,10356.0,2025-01-07
2025010704014368,SPDL,21,44,10.0,335.0,3350.0,2025-01-07
2025010704014367,UMHL,11,57,50.0,335.1,16755.0,2025-01-07
2025010704014366,NLG,19,58,10.0,985.1,9851.0,2025-01-07
2025010704014365,NLG,17,58,360.0,985.1,354636.0,2025-01-07
2025010701022656,RHGCL,6,65,600.0,612.0,367200.0,2025-01-07
2025010703014425,GFCL,42,58,100.0,810.0,81000.0,2025-01-07
2025010703014424,JBBL,50,34,50.0,369.1,18455.0,2025-01-07
2025010701022655,JBLB,13,47,27.0,1362.0,36774.0,2025-01-07
2025010704014364,HURJA,52,14,360.0,236.0,84960.0,2025-01-07
2025010704014363,HURJA,52,59,40.0,235.8,9432.0,2025-01-07
2025010704014362,HURJA,52,42,600.0,235.8,141480.0,2025-01-07
2025010704014361,AKPL,34,10,350.0,241.1,84385.0,2025-01-07
2025010704014360,AKPL,58,10,50.0,241.6,12080.0,2025-01-07
2025010703014423,NLIC,65,33,60.0,778.1,46686.0,2025-01-07
2025010703014422,NLIC,11,33,150.0,778.5,116775.0,2025-01-07
2025010705013823,CLI,57,89,212.0,690.1,146301.2,2025-01-07
2025010705013822,CLI,52,89,459.0,690.2,316801.8,2025-01-07
2025010705013821,CLI,94,89,200.0,690.5,138100.0,2025-01-07
2025010705013820,CLI,58,89,610.0,691.5,421815.0,2025-01-07
2025010705013819,CLI,43,89,500.0,692.0,346000.0,2025-01-07
2025010705013818,CLI,69,89,18.0,692.6,12466.8,2025-01-07
2025010705013817,CLI,53,89,200.0,693.0,138600.0,2025-01-07
2025010705013816,CLI,77,89,411.0,693.0,284823.0,2025-01-07
2025010705013815,CLI,56,89,390.0,693.1,270309.0,2025-01-07
2025010701022654,SCB,45,7,10.0,683.9,6839.0,2025-01-07
2025010701022653,RHGCL,46,65,1000.0,612.0,612000.0,2025-01-07
2025010703014421,MFIL,53,36,20.0,665.0,13300.0,2025-01-07
2025010703014420,MFIL,53,49,24.0,665.0,15960.0,2025-01-07
2025010704014359,NLG,17,57,20.0,985.1,19702.0,2025-01-07
2025010703014419,PFL,42,32,405.0,559.0,226395.0,2025-01-07
2025010703014418,PFL,36,32,95.0,559.0,53105.0,2025-01-07
2025010704014358,JOSHI,58,1,45.0,440.0,19800.0,2025-01-07
2025010703014417,JFL,39,42,10.0,716.0,7160.0,2025-01-07
2025010701022652,ULHC,58,42,10.0,563.1,5631.0,2025-01-07
2025010701022651,NICA,35,42,168.0,386.1,64864.8,2025-01-07
2025010701022650,NICA,58,42,240.0,386.2,92688.0,2025-01-07
2025010703014416,SKBBL,40,45,30.0,810.9,24327.0,2025-01-07
2025010701022649,PPL,1,52,20.0,552.9,11058.0,2025-01-07
2025010703014415,MDB,42,56,188.0,641.0,120508.0,2025-01-07
2025010703014414,MDB,45,56,20.0,642.0,12840.0,2025-01-07
2025010703014413,MDB,36,56,500.0,642.0,321000.0,2025-01-07
2025010703014412,MDB,36,56,500.0,642.0,321000.0,2025-01-07
2025010703014411,MDB,21,56,50.0,642.0,32100.0,2025-01-07
2025010703014410,MDB,42,56,467.0,642.0,299814.0,2025-01-07
2025010703014409,MDB,55,56,100.0,642.0,64200.0,2025-01-07
2025010703014408,MDB,32,56,10.0,642.1,6421.0,2025-01-07
2025010703014407,MDB,40,56,20.0,642.5,12850.0,2025-01-07
2025010703014406,MDB,34,56,500.0,643.0,321500.0,2025-01-07
2025010703014405,MDB,34,56,50.0,643.0,32150.0,2025-01-07
2025010703014404,MDB,42,56,500.0,643.0,321500.0,2025-01-07
2025010703014403,MDB,45,56,110.0,643.0,70730.0,2025-01-07
2025010703014402,MDB,6,56,2000.0,643.1,1286200.0,2025-01-07
2025010703014401,MDB,26,56,100.0,644.0,64400.0,2025-01-07
2025010703014400,MDB,32,56,10.0,644.9,6449.0,2025-01-07
2025010704014357,NLG,17,38,280.0,985.1,275828.0,2025-01-07
2025010703014399,RLFL,22,38,200.0,571.3,114260.0,2025-01-07
2025010704014356,UMHL,11,38,400.0,335.1,134040.0,2025-01-07
2025010703014398,NFS,58,55,45.0,990.0,44550.0,2025-01-07
2025010703014397,NFS,4,55,10.0,990.0,9900.0,2025-01-07
2025010703014396,NFS,53,55,10.0,990.0,9900.0,2025-01-07
2025010703014395,NFS,48,55,100.0,990.0,99000.0,2025-01-07
2025010703014394,NFS,56,55,103.0,990.0,101970.0,2025-01-07
2025010703014393,NFS,19,55,10.0,990.1,9901.0,2025-01-07
2025010703014392,NFS,35,55,17.0,990.1,16831.7,2025-01-07
2025010703014391,NFS,45,55,180.0,990.2,178236.0,2025-01-07
2025010705013814,SONA,47,51,20.0,466.0,9320.0,2025-01-07
2025010701022648,MAKAR,34,53,10.0,645.0,6450.0,2025-01-07
2025010705013813,HDL,14,45,18.0,1195.0,21510.0,2025-01-07
2025010704014355,API,49,36,101.0,276.5,27926.5,2025-01-07
2025010704014354,API,49,42,80.0,276.5,22120.0,2025-01-07
2025010705013812,HATHY,81,57,66.0,1360.0,89760.0,2025-01-07
2025010705013811,HATHY,7,57,34.0,1361.0,46274.0,2025-01-07
2025010704014353,NLG,17,57,130.0,985.1,128063.0,2025-01-07
2025010703014390,SADBL,39,58,20.0,401.0,8020.0,2025-01-07
2025010705013810,GIBF1,17,49,100.0,9.98,998.0,2025-01-07
2025010703014389,MERO,43,17,55.0,672.2,36971.0,2025-01-07
2025010703014388,MERO,58,17,445.0,673.0,299485.0,2025-01-07
2025010703014387,PROFL,26,42,100.0,627.0,62700.0,2025-01-07
2025010703014386,PROFL,5,42,200.0,627.0,125400.0,2025-01-07
2025010703014385,PROFL,52,42,140.0,627.0,87780.0,2025-01-07
2025010705013809,CIT,43,59,10.0,2016.2,20162.0,2025-01-07
2025010701022647,SPC,45,43,90.0,519.3,46737.0,2025-01-07
2025010701022646,SPC,44,43,180.0,519.4,93492.0,2025-01-07
2025010701022645,SPC,34,43,50.0,520.0,26000.0,2025-01-07
2025010705013808,MBJC,80,13,200.0,348.0,69600.0,2025-01-07
2025010705013807,MBJC,80,13,200.0,348.5,69700.0,2025-01-07
2025010705013806,MBJC,80,13,200.0,348.5,69700.0,2025-01-07
2025010705013805,MBJC,80,13,200.0,348.7,69740.0,2025-01-07
2025010705013804,MBJC,80,13,200.0,348.8,69760.0,2025-01-07
2025010701022644,MHCL,4,56,100.0,535.5,53550.0,2025-01-07
2025010701022643,MHCL,57,56,50.0,535.5,26775.0,2025-01-07
2025010704014352,NLG,17,38,301.0,985.1,296515.1,2025-01-07
2025010704014351,KKHC,72,8,1867.0,410.9,767150.3,2025-01-07
2025010705013803,CHDC,59,22,420.0,1633.1,685902.0,2025-01-07
2025010705013802,CHDC,34,22,50.0,1636.0,81800.0,2025-01-07
2025010705013801,CHDC,50,22,10.0,1637.5,16375.0,2025-01-07
2025010705013800,CHDC,40,22,10.0,1638.0,16380.0,2025-01-07
2025010705013799,CHDC,67,22,10.0,1638.0,16380.0,2025-01-07
2025010704014350,LEC,1,11,100.0,218.1,21810.0,2025-01-07
2025010701022642,USHL,11,42,30.0,891.0,26730.0,2025-01-07
2025010701022641,RFPL,62,45,10.0,1339.0,13390.0,2025-01-07
2025010703014384,SFCL,45,44,40.0,644.0,25760.0,2025-01-07
2025010703014383,SFCL,45,14,240.0,644.0,154560.0,2025-01-07
2025010703014382,SFCL,45,61,210.0,643.9,135219.0,2025-01-07
2025010703014381,SFCL,45,43,10.0,642.0,6420.0,2025-01-07
2025010703014380,JFL,11,42,140.0,716.0,100240.0,2025-01-07
2025010703014379,JFL,11,34,200.0,716.0,143200.0,2025-01-07
2025010704014349,SALICO,65,17,90.0,725.0,65250.0,2025-01-07
2025010704014348,CHL,38,51,51.0,420.0,21420.0,2025-01-07
2025010704014347,CHL,48,51,370.0,420.0,155400.0,2025-01-07
2025010704014346,CHL,40,51,59.0,420.1,24785.9,2025-01-07
2025010704014345,CHL,22,51,1000.0,420.3,420300.0,2025-01-07
2025010704014344,CHL,32,51,500.0,420.4,210200.0,2025-01-07
2025010703014378,PMLI,44,77,272.0,599.0,162928.0,2025-01-07
2025010701022640,BEDC,55,81,20.0,755.0,15100.0,2025-01-07
2025010701022639,BEDC,14,81,200.0,755.0,151000.0,2025-01-07
2025010701022638,BEDC,57,81,100.0,756.0,75600.0,2025-01-07
2025010701022637,DOLTI,48,8,106.0,754.2,79945.2,2025-01-07
2025010701022636,DOLTI,48,64,94.0,754.2,70894.8,2025-01-07
2025010703014377,BFC,48,34,200.0,677.0,135400.0,2025-01-07
2025010703014376,HLI,3,49,491.0,456.0,223896.0,2025-01-07
2025010703014375,HLI,35,49,40.0,456.0,18240.0,2025-01-07
2025010704014343,SGIC,57,57,160.0,690.5,110480.0,2025-01-07
2025010704014342,SGIC,21,57,40.0,690.6,27624.0,2025-01-07
2025010704014341,UMRH,43,5,10.0,656.4,6564.0,2025-01-07
2025010701022635,MKCL,33,37,120.0,1500.0,180000.0,2025-01-07
2025010701022634,MKCL,55,37,10.0,1505.0,15050.0,2025-01-07
2025010701022633,EHPL,46,19,10.0,805.0,8050.0,2025-01-07
2025010701022632,IHL,34,4,300.0,701.5,210450.0,2025-01-07
2025010703014374,USLB,43,41,96.0,1587.2,152371.2,2025-01-07
2025010703014373,USLB,43,57,50.0,1587.0,79350.0,2025-01-07
2025010703014372,USLB,43,41,14.0,1586.0,22204.0,2025-01-07
2025010704014340,AHPC,49,43,225.0,261.2,58770.0,2025-01-07
2025010704014339,AHPC,34,43,500.0,261.3,130650.0,2025-01-07
2025010704014338,AHPC,26,43,75.0,261.3,19597.5,2025-01-07
2025010704014337,SSHL,40,13,78.0,230.0,17940.0,2025-01-07
2025010704014336,SSHL,25,13,100.0,230.0,23000.0,2025-01-07
2025010704014335,SSHL,49,13,85.0,230.0,19550.0,2025-01-07
2025010704014334,SSHL,45,13,50.0,230.1,11505.0,2025-01-07
2025010704014333,SSHL,46,13,37.0,230.2,8517.4,2025-01-07
2025010701022631,CITY,43,58,20.0,902.0,18040.0,2025-01-07
2025010703014371,MPFL,51,52,130.0,702.0,91260.0,2025-01-07
2025010701022630,USHEC,25,22,10.0,660.0,6600.0,2025-01-07
2025010701022629,TVCL,25,26,45.0,625.0,28125.0,2025-01-07
2025010703014370,HLI,35,4,10.0,456.0,4560.0,2025-01-07
2025010701022628,MHCL,57,58,10.0,535.5,5355.0,2025-01-07
2025010704014332,UAIL,33,32,10.0,664.0,6640.0,2025-01-07
2025010703014369,GUFL,22,35,430.0,673.0,289390.0,2025-01-07
2025010703014368,MPFL,51,42,95.0,702.0,66690.0,2025-01-07
2025010703014367,MPFL,51,37,177.0,702.0,124254.0,2025-01-07
2025010704014331,SGIC,21,77,50.0,690.6,34530.0,2025-01-07
2025010704014330,JOSHI,21,14,20.0,439.9,8798.0,2025-01-07
2025010701022627,IHL,53,49,10.0,701.1,7011.0,2025-01-07
2025010703014366,PMLI,44,6,12.0,599.0,7188.0,2025-01-07
2025010704014329,HURJA,51,17,225.0,235.1,52897.5,2025-01-07
2025010704014328,AKJCL,13,19,360.0,202.6,72936.0,2025-01-07
2025010704014327,AKJCL,4,19,500.0,202.6,101300.0,2025-01-07
2025010704014326,BPCL,42,1,371.0,407.9,151330.9,2025-01-07
2025010701022626,MANDU,17,40,100.0,911.0,91100.0,2025-01-07
2025010701022625,MKCL,62,42,10.0,1507.0,15070.0,2025-01-07
2025010703014365,NFS,45,4,20.0,990.2,19804.0,2025-01-07
2025010704014325,NICL,56,53,10.0,985.0,9850.0,2025-01-07
2025010705013798,SAHAS,55,32,45.0,519.0,23355.0,2025-01-07
2025010701022624,MKHC,25,38,77.0,550.0,42350.0,2025-01-07
2025010705013797,SMJC,41,45,10.0,562.0,5620.0,2025-01-07
2025010705013796,SMJC,41,57,100.0,561.9,56190.0,2025-01-07
2025010705013795,SMJC,41,1,60.0,561.0,33660.0,2025-01-07
2025010705013794,SMJC,41,35,325.0,560.0,182000.0,2025-01-07
2025010705013793,NIFRA,60,57,20.0,257.0,5140.0,2025-01-07
2025010701022623,AVYAN,66,41,10.0,999.9,9999.0,2025-01-07
2025010703014364,JBBL,45,45,30.0,369.9,11097.0,2025-01-07
2025010703014363,MSLB,22,29,10.0,1450.2,14502.0,2025-01-07
2025010703014362,NUBL,34,29,10.0,675.9,6759.0,2025-01-07
2025010701022622,SMHL,65,53,10.0,1522.0,15220.0,2025-01-07
2025010701022621,NIMB,50,5,305.0,217.5,66337.5,2025-01-07
2025010701022620,NIMB,4,5,500.0,217.5,108750.0,2025-01-07
2025010701022619,NIMB,54,5,195.0,218.0,42510.0,2025-01-07
2025010701022618,GBIME,49,38,300.0,223.6,67080.0,2025-01-07
2025010704014324,UPPER,59,39,200.0,206.7,41340.0,2025-01-07
2025010703014361,SFCL,42,61,110.0,643.9,70829.0,2025-01-07
2025010703014360,SFCL,42,55,20.0,640.0,12800.0,2025-01-07
2025010703014359,SFCL,42,33,70.0,636.0,44520.0,2025-01-07
2025010701022617,GVL,1,43,90.0,556.6,50094.0,2025-01-07
2025010705013792,SHIVM,44,34,20.0,535.2,10704.0,2025-01-07
2025010701022616,GBIME,42,34,643.0,223.0,143389.0,2025-01-07
2025010701022615,GBIME,53,34,100.0,223.0,22300.0,2025-01-07
2025010701022614,GBIME,44,34,17.0,223.0,3791.0,2025-01-07
2025010705013791,HDL,47,38,22.0,1194.9,26287.8,2025-01-07
2025010701022613,MKJC,29,34,10.0,552.0,5520.0,2025-01-07
2025010705013790,PHCL,65,52,90.0,565.0,50850.0,2025-01-07
2025010705013789,PHCL,33,52,100.0,565.0,56500.0,2025-01-07
2025010705013788,SONA,47,26,220.0,466.0,102520.0,2025-01-07
2025010703014358,BFC,42,26,200.0,676.0,135200.0,2025-01-07
2025010701022612,USHL,58,42,50.0,891.0,44550.0,2025-01-07
2025010701022611,CITY,5,58,50.0,902.0,45100.0,2025-01-07
2025010704014323,CHL,22,7,360.0,420.5,151380.0,2025-01-07
2025010705013787,SAHAS,35,32,30.0,519.0,15570.0,2025-01-07
2025010703014357,BFC,35,34,100.0,677.0,67700.0,2025-01-07
2025010703014356,PFL,36,14,875.0,559.0,489125.0,2025-01-07
2025010703014355,PFL,6,14,45.0,560.0,25200.0,2025-01-07
2025010703014354,PFL,41,14,10.0,560.0,5600.0,2025-01-07
2025010703014353,PFL,42,14,300.0,560.0,168000.0,2025-01-07
2025010703014352,PFL,19,14,70.0,560.0,39200.0,2025-01-07
2025010704014322,SHEL,57,42,418.0,243.0,101574.0,2025-01-07
2025010701022610,LSL,62,32,300.0,220.0,66000.0,2025-01-07
2025010701022609,LSL,39,32,100.0,220.0,22000.0,2025-01-07
2025010701022608,LSL,57,32,550.0,220.0,121000.0,2025-01-07
2025010701022607,SMHL,65,32,10.0,1522.0,15220.0,2025-01-07
2025010705013786,NRN,39,67,50.0,1079.1,53955.0,2025-01-07
2025010704014321,RHPL,51,6,282.0,442.7,124841.4,2025-01-07
2025010701022606,USHL,80,42,10.0,891.0,8910.0,2025-01-07
2025010701022605,USHL,38,42,10.0,892.0,8920.0,2025-01-07
2025010701022604,USHL,40,42,100.0,892.0,89200.0,2025-01-07
2025010701022603,USHL,80,42,50.0,892.0,44600.0,2025-01-07
2025010701022602,USHL,61,42,10.0,892.0,8920.0,2025-01-07
2025010701022601,USHL,80,42,50.0,892.0,44600.0,2025-01-07
2025010704014320,CHCL,57,34,100.0,510.0,51000.0,2025-01-07
2025010701022600,RFPL,62,26,30.0,1338.0,40140.0,2025-01-07
2025010704014319,CGH,4,42,10.0,915.0,9150.0,2025-01-07
2025010704014318,PMHPL,28,11,10.0,288.0,2880.0,2025-01-07
2025010703014351,SLBSL,34,66,100.0,1975.0,197500.0,2025-01-07
2025010701022599,NYADI,56,45,80.0,586.3,46904.0,2025-01-07
2025010701022598,SANIMA,38,51,39.0,296.1,11547.9,2025-01-07
2025010701022597,SANIMA,14,51,20.0,296.2,5924.0,2025-01-07
2025010701022596,SANIMA,5,51,50.0,296.2,14810.0,2025-01-07
2025010705013785,NBF3,19,21,2000.0,9.1,18200.0,2025-01-07
2025010703014350,SMFBS,53,41,19.0,1923.0,36537.0,2025-01-07
2025010704014317,BARUN,14,53,50.0,412.7,20635.0,2025-01-07
2025010701022595,MAKAR,34,85,400.0,645.0,258000.0,2025-01-07
2025010701022594,USHL,14,47,10.0,892.4,8924.0,2025-01-07
2025010703014349,NICLBSL,32,21,10.0,665.0,6650.0,2025-01-07
2025010701022593,NABIL,32,1,50.0,500.0,25000.0,2025-01-07
2025010703014348,MERO,91,17,400.0,673.0,269200.0,2025-01-07
2025010705013784,RNLI,57,19,110.0,512.1,56331.0,2025-01-07
2025010705013783,RNLI,51,19,89.0,512.2,45585.8,2025-01-07
2025010704014316,UMHL,11,75,117.0,335.1,39206.7,2025-01-07
2025010704014315,UMHL,59,75,163.0,335.1,54621.3,2025-01-07
2025010704014314,UMHL,51,75,200.0,335.2,67040.0,2025-01-07
2025010704014313,UMHL,75,75,330.0,335.2,110616.0,2025-01-07
2025010704014312,UMHL,22,75,300.0,335.4,100620.0,2025-01-07
2025010701022592,DORDI,16,42,30.0,633.6,19008.0,2025-01-07
2025010701022591,USHL,34,11,50.0,892.5,44625.0,2025-01-07
2025010701022590,UHEWA,52,26,45.0,855.0,38475.0,2025-01-07
2025010701022589,UHEWA,52,17,55.0,855.0,47025.0,2025-01-07
2025010704014311,RURU,74,45,279.0,700.1,195327.9,2025-01-07
2025010704014310,RURU,7,45,21.0,700.1,14702.1,2025-01-07
2025010705013782,SAHAS,16,32,30.0,519.0,15570.0,2025-01-07
2025010703014347,MPFL,94,57,220.0,701.0,154220.0,2025-01-07
2025010703014346,MPFL,22,57,60.0,701.1,42066.0,2025-01-07
2025010705013781,SAHAS,66,32,176.0,519.0,91344.0,2025-01-07
2025010705013780,SAHAS,49,32,180.0,519.0,93420.0,2025-01-07
2025010704014309,NGPL,67,17,25.0,271.0,6775.0,2025-01-07
2025010704014308,NGPL,58,17,50.0,271.0,13550.0,2025-01-07
2025010704014307,NGPL,81,17,25.0,271.0,6775.0,2025-01-07
2025010701022588,TPC,59,45,10.0,550.0,5500.0,2025-01-07
2025010701022587,TPC,59,29,10.0,545.0,5450.0,2025-01-07
2025010704014306,SHEL,1,42,100.0,243.0,24300.0,2025-01-07
2025010704014305,SHL,36,11,150.0,493.0,73950.0,2025-01-07
2025010701022586,CZBIL,14,33,300.0,215.1,64530.0,2025-01-07
2025010703014345,FMDBL,33,52,10.0,739.0,7390.0,2025-01-07
2025010703014344,SFCL,41,33,500.0,636.0,318000.0,2025-01-07
2025010703014343,SFCL,59,33,30.0,636.0,19080.0,2025-01-07
2025010704014304,UPPER,59,58,200.0,206.7,41340.0,2025-01-07
2025010705013779,NIFRA,22,55,10.0,257.0,2570.0,2025-01-07
2025010704014303,SPDL,21,44,10.0,335.0,3350.0,2025-01-07
2025010704014302,SPDL,21,3,500.0,334.7,167350.0,2025-01-07
2025010705013778,RNLI,51,48,11.0,512.2,5634.2,2025-01-07
2025010701022585,PPL,48,42,340.0,554.0,188360.0,2025-01-07
2025010701022584,PPL,48,47,50.0,553.0,27650.0,2025-01-07
2025010701022583,PPL,48,38,10.0,553.0,5530.0,2025-01-07
2025010701022582,PPL,48,57,100.0,553.0,55300.0,2025-01-07
2025010703014342,GBLBS,49,74,641.0,776.0,497416.0,2025-01-07
2025010704014301,UPPER,32,26,100.0,206.9,20690.0,2025-01-07
2025010704014300,KKHC,72,32,550.0,410.9,225995.0,2025-01-07
2025010704014299,KKHC,50,32,50.0,411.0,20550.0,2025-01-07
2025010704014298,UPPER,19,26,100.0,206.9,20690.0,2025-01-07
2025010703014341,CORBL,42,28,40.0,1739.0,69560.0,2025-01-07
2025010703014340,CORBL,71,28,10.0,1749.0,17490.0,2025-01-07
2025010701022581,MANDU,17,71,50.0,911.0,45550.0,2025-01-07
2025010703014339,LICN,58,38,10.0,1128.0,11280.0,2025-01-07
2025010701022580,MCHL,44,38,20.0,645.0,12900.0,2025-01-07
2025010704014297,HPPL,35,58,20.0,415.0,8300.0,2025-01-07
2025010704014296,HPPL,35,32,100.0,414.9,41490.0,2025-01-07
2025010705013777,NIFRA,21,55,20.0,257.0,5140.0,2025-01-07
2025010703014338,MATRI,34,48,200.0,1236.0,247200.0,2025-01-07
2025010703014337,MATRI,48,48,17.0,1236.0,21012.0,2025-01-07
2025010703014336,MATRI,22,48,20.0,1236.1,24722.0,2025-01-07
2025010703014335,MATRI,48,48,50.0,1236.1,61805.0,2025-01-07
2025010701022579,DOLTI,36,64,100.0,754.2,75420.0,2025-01-07
2025010705013776,NIFRA,17,55,10.0,257.0,2570.0,2025-01-07
2025010705013775,NIFRA,17,52,10.0,256.9,2569.0,2025-01-07
2025010701022578,RHGCL,52,65,10.0,612.0,6120.0,2025-01-07
2025010701022577,NIMB,54,5,15.0,218.0,3270.0,2025-01-07
2025010701022576,MCHL,56,67,10.0,651.1,6511.0,2025-01-07
2025010704014295,KKHC,50,45,150.0,411.0,61650.0,2025-01-07
2025010703014334,PROFL,52,8,360.0,627.0,225720.0,2025-01-07
2025010703014333,PROFL,46,8,300.0,628.0,188400.0,2025-01-07
2025010703014332,PROFL,6,8,40.0,629.0,25160.0,2025-01-07
2025010704014294,MEN,45,60,179.0,605.0,108295.0,2025-01-07
2025010704014293,LEC,58,42,10.0,219.0,2190.0,2025-01-07
2025010701022575,NABIL,8,58,10.0,499.9,4999.0,2025-01-07
2025010705013774,NRM,59,58,10.0,440.0,4400.0,2025-01-07
2025010701022574,SMHL,65,58,10.0,1522.0,15220.0,2025-01-07
2025010701022573,USHEC,41,22,50.0,660.0,33000.0,2025-01-07
2025010701022572,USHEC,41,40,10.0,660.0,6600.0,2025-01-07
2025010701022571,USHEC,41,41,10.0,660.0,6600.0,2025-01-07
2025010701022570,USHEC,41,58,10.0,660.0,6600.0,2025-01-07
2025010701022569,USHEC,41,35,20.0,660.0,13200.0,2025-01-07
2025010704014292,API,65,11,100.0,276.1,27610.0,2025-01-07
2025010705013773,CLI,56,51,100.0,693.1,69310.0,2025-01-07
2025010703014331,MFIL,48,49,30.0,665.0,19950.0,2025-01-07
2025010705013772,RNLI,49,57,100.0,513.0,51300.0,2025-01-07
2025010703014330,GILB,42,49,40.0,1185.0,47400.0,2025-01-07
2025010701022568,USHEC,96,67,100.0,657.0,65700.0,2025-01-07
2025010703014329,SINDU,19,33,100.0,953.9,95390.0,2025-01-07
2025010705013771,CHDC,59,94,88.0,1644.0,144672.0,2025-01-07
2025010705013770,CHDC,59,49,54.0,1644.0,88776.0,2025-01-07
2025010705013769,CHDC,59,57,12.0,1641.0,19692.0,2025-01-07
2025010703014328,ICFC,75,44,156.0,674.0,105144.0,2025-01-07
2025010704014291,IGI,33,43,333.0,584.0,194472.0,2025-01-07
2025010701022567,CYCL,62,34,11.0,1580.1,17381.1,2025-01-07
2025010703014327,GFCL,56,41,43.0,810.0,34830.0,2025-01-07
2025010704014290,NLG,17,58,30.0,985.1,29553.0,2025-01-07
2025010704014289,NLG,22,58,100.0,985.2,98520.0,2025-01-07
2025010704014288,BARUN,51,38,100.0,412.8,41280.0,2025-01-07
2025010704014287,BARUN,14,38,100.0,413.0,41300.0,2025-01-07
2025010705013768,NRM,63,74,20.0,443.9,8878.0,2025-01-07
2025010705013767,NRM,63,21,10.0,443.8,4438.0,2025-01-07
2025010705013766,NRM,63,58,10.0,443.0,4430.0,2025-01-07
2025010705013765,NRM,63,65,10.0,443.0,4430.0,2025-01-07
2025010704014286,RIDI,45,52,28.0,228.0,6384.0,2025-01-07
2025010701022566,NBL,38,45,100.0,266.1,26610.0,2025-01-07
2025010701022565,ULBSL,45,49,16.0,4109.0,65744.0,2025-01-07
2025010701022564,ULBSL,45,57,16.0,4109.0,65744.0,2025-01-07
2025010701022563,MSHL,51,45,20.0,960.0,19200.0,2025-01-07
2025010701022562,MSHL,58,45,30.0,960.1,28803.0,2025-01-07
2025010703014326,GFCL,42,84,280.0,809.0,226520.0,2025-01-07
2025010703014325,GFCL,38,84,50.0,809.1,40455.0,2025-01-07
2025010703014324,GFCL,65,84,70.0,809.2,56644.0,2025-01-07
2025010701022561,RHGCL,57,65,113.0,612.0,69156.0,2025-01-07
2025010701022560,RHGCL,57,58,65.0,612.0,39780.0,2025-01-07
2025010701022559,RHGCL,57,48,10.0,611.8,6118.0,2025-01-07
2025010701022558,RHGCL,57,34,12.0,611.0,7332.0,2025-01-07
2025010705013764,SAHAS,49,57,250.0,519.0,129750.0,2025-01-07
2025010701022557,NABIL,6,49,20.0,500.0,10000.0,2025-01-07
2025010701022556,SGHC,17,75,50.0,517.9,25895.0,2025-01-07
2025010701022555,MCHL,17,67,60.0,651.1,39066.0,2025-01-07
2025010701022554,MCHL,17,86,20.0,650.9,13018.0,2025-01-07
2025010701022553,MCHL,17,34,20.0,650.0,13000.0,2025-01-07
2025010703014323,LICN,75,38,10.0,1128.0,11280.0,2025-01-07
2025010704014285,RHPL,51,47,549.0,442.7,243042.3,2025-01-07
2025010704014284,RHPL,39,47,50.0,443.0,22150.0,2025-01-07
2025010704014283,RHPL,37,47,100.0,443.0,44300.0,2025-01-07
2025010704014282,RHPL,14,47,50.0,443.0,22150.0,2025-01-07
2025010704014281,RHPL,49,47,151.0,443.0,66893.0,2025-01-07
2025010704014280,BARUN,14,13,100.0,413.0,41300.0,2025-01-07
