transaction,symbol,buyer,seller,quantity,rate,amount,date
2024051601025045,SGHC,32,57,10.0,322.4,3224.0,2024-05-16
2024051601025044,CKHL,32,45,10.0,523.9,5239.0,2024-05-16
2024051601025043,PPL,58,70,10.0,540.0,5400.0,2024-05-16
2024051601025042,HDL,58,44,47.0,1302.0,61194.0,2024-05-16
2024051604007348,HEI,33,58,92.0,606.8,55825.6,2024-05-16
2024051604007347,HEI,29,58,555.0,607.0,336885.0,2024-05-16
2024051601025041,PPL,25,70,10.0,540.0,5400.0,2024-05-16
2024051601025040,PHCL,49,25,70.0,287.3,20111.0,2024-05-16
2024051601025039,PHCL,51,25,10.0,287.3,2873.0,2024-05-16
2024051601025038,MANDU,25,45,10.0,966.0,9660.0,2024-05-16
2024051603019351,SHINE,7,25,10.0,391.0,3910.0,2024-05-16
2024051603019350,JSLBB,54,46,10.0,1460.0,14600.0,2024-05-16
2024051603019349,JSLBB,54,26,10.0,1460.0,14600.0,2024-05-16
2024051603019348,SADBL,68,26,143.0,318.0,45474.0,2024-05-16
2024051603019347,SADBL,33,26,317.0,318.1,100837.7,2024-05-16
2024051603019346,NADEP,49,45,200.0,795.0,159000.0,2024-05-16
2024051601025037,BEDC,45,57,10.0,364.0,3640.0,2024-05-16
2024051601025036,GCIL,36,39,10.0,483.9,4839.0,2024-05-16
2024051603019345,GUFL,6,57,30.0,693.0,20790.0,2024-05-16
2024051601025035,BEDC,6,57,30.0,364.0,10920.0,2024-05-16
2024051603019344,SHINE,26,16,180.0,390.0,70200.0,2024-05-16
2024051603019343,WNLB,95,58,20.0,1453.0,29060.0,2024-05-16
2024051603019342,WNLB,95,52,10.0,1452.0,14520.0,2024-05-16
2024051603019341,WNLB,95,53,52.0,1450.0,75400.0,2024-05-16
2024051603019340,WNLB,95,43,15.0,1446.0,21690.0,2024-05-16
2024051603019339,RLFL,4,4,90.0,387.0,34830.0,2024-05-16
2024051603019338,RLFL,4,88,500.0,387.0,193500.0,2024-05-16
2024051603019337,RLFL,4,59,100.0,387.0,38700.0,2024-05-16
2024051603019336,RLFL,4,21,100.0,386.1,38610.0,2024-05-16
2024051603019335,RLFL,4,4,100.0,386.0,38600.0,2024-05-16
2024051603019334,RLFL,4,57,100.0,386.0,38600.0,2024-05-16
2024051603019333,RLFL,4,35,500.0,386.0,193000.0,2024-05-16
2024051603019332,RLFL,4,28,10.0,386.0,3860.0,2024-05-16
2024051603019331,RLFL,4,95,1000.0,386.0,386000.0,2024-05-16
2024051601025034,ULHC,44,41,500.0,326.0,163000.0,2024-05-16
2024051601025033,MHL,59,43,170.0,390.0,66300.0,2024-05-16
2024051601025032,MHL,13,43,100.0,390.1,39010.0,2024-05-16
2024051601025031,MHL,40,43,120.0,390.1,46812.0,2024-05-16
2024051601025030,MHL,6,43,10.0,390.2,3902.0,2024-05-16
2024051601025029,MEHL,43,42,21.0,307.8,6463.8,2024-05-16
2024051601025028,SRLI,34,11,277.0,435.0,120495.0,2024-05-16
2024051601025027,SRLI,34,50,10.0,435.0,4350.0,2024-05-16
2024051601025026,SRLI,34,34,30.0,435.0,13050.0,2024-05-16
2024051601025025,EBL,39,28,10.0,512.0,5120.0,2024-05-16
2024051603019330,JFL,49,19,10.0,510.0,5100.0,2024-05-16
2024051603019329,CBBL,49,19,100.0,851.8,85180.0,2024-05-16
2024051601025024,BHL,88,64,110.0,320.0,35200.0,2024-05-16
2024051601025023,BHL,88,42,400.0,319.0,127600.0,2024-05-16
2024051603019328,MPFL,49,29,20.0,436.0,8720.0,2024-05-16
2024051604007346,GHL,49,74,10.0,150.0,1500.0,2024-05-16
2024051603019327,NFS,34,49,370.0,519.5,192215.0,2024-05-16
2024051603019326,NFS,45,49,30.0,520.0,15600.0,2024-05-16
2024051603019325,NFS,38,49,450.0,520.0,234000.0,2024-05-16
2024051603019324,NFS,91,49,150.0,521.0,78150.0,2024-05-16
2024051601025022,MKHC,26,72,1000.0,305.0,305000.0,2024-05-16
2024051601025021,GCIL,37,34,115.0,481.0,55315.0,2024-05-16
2024051601025020,GCIL,49,34,20.0,481.0,9620.0,2024-05-16
2024051601025019,GCIL,56,34,478.0,481.0,229918.0,2024-05-16
2024051601025018,GCIL,91,34,387.0,482.0,186534.0,2024-05-16
2024051604007345,SPIL,44,6,146.0,791.0,115486.0,2024-05-16
2024051604007344,SPIL,44,45,87.0,791.0,68817.0,2024-05-16
2024051604007343,SPIL,44,38,100.0,790.0,79000.0,2024-05-16
2024051604007342,SPIL,44,37,1000.0,790.0,790000.0,2024-05-16
2024051604007341,SPIL,44,38,50.0,790.0,39500.0,2024-05-16
2024051604007340,SPIL,44,58,17.0,790.0,13430.0,2024-05-16
2024051601025017,MKHL,44,55,10.0,408.0,4080.0,2024-05-16
2024051603019323,SJLIC,59,34,100.0,405.9,40590.0,2024-05-16
2024051601025016,EHPL,34,72,67.0,448.0,30016.0,2024-05-16
2024051603019322,GILB,34,49,66.0,1253.8,82750.8,2024-05-16
2024051603019321,GILB,34,51,10.0,1253.7,12537.0,2024-05-16
2024051603019320,GILB,34,22,56.0,1253.0,70168.0,2024-05-16
2024051603019319,GILB,34,34,30.0,1250.0,37500.0,2024-05-16
2024051603019318,GILB,34,35,150.0,1250.0,187500.0,2024-05-16
2024051603019317,GILB,34,34,22.0,1250.0,27500.0,2024-05-16
2024051603019316,GILB,34,38,26.0,1250.0,32500.0,2024-05-16
2024051603019315,GILB,34,75,200.0,1250.0,250000.0,2024-05-16
2024051603019314,GILB,34,48,440.0,1249.0,549560.0,2024-05-16
2024051601025015,NRM,39,34,100.0,377.0,37700.0,2024-05-16
2024051601025014,SGHC,53,57,78.0,322.4,25147.2,2024-05-16
2024051601025013,SGHC,53,85,50.0,322.0,16100.0,2024-05-16
2024051601025012,SGHC,53,44,10.0,322.0,3220.0,2024-05-16
2024051601025011,SGHC,53,16,10.0,322.0,3220.0,2024-05-16
2024051601025010,SGHC,53,35,10.0,321.9,3219.0,2024-05-16
2024051601025009,SGHC,53,85,10.0,321.0,3210.0,2024-05-16
2024051601025008,SGHC,53,47,132.0,321.0,42372.0,2024-05-16
2024051601025007,MANDU,65,19,500.0,922.9,461450.0,2024-05-16
2024051601025006,SAHAS,38,29,10.0,509.0,5090.0,2024-05-16
2024051601025005,SAHAS,38,58,10.0,507.0,5070.0,2024-05-16
2024051601025004,SAHAS,38,45,10.0,507.0,5070.0,2024-05-16
2024051601025003,SAHAS,38,53,90.0,506.0,45540.0,2024-05-16
2024051603019313,SDLBSL,42,42,10.0,1008.0,10080.0,2024-05-16
2024051601025002,SARBTM,42,18,20.0,810.0,16200.0,2024-05-16
2024051604007339,HPPL,38,47,10.0,256.2,2562.0,2024-05-16
2024051601025001,CITY,43,33,10.0,589.0,5890.0,2024-05-16
2024051601025000,ULHC,44,38,200.0,326.0,65200.0,2024-05-16
2024051601024999,DLBS,38,38,10.0,1325.0,13250.0,2024-05-16
2024051601024998,NICA,45,42,90.0,360.1,32409.0,2024-05-16
2024051601024997,MAKAR,5,14,351.0,365.0,128115.0,2024-05-16
2024051601024996,ULBSL,59,33,59.0,1989.8,117398.2,2024-05-16
2024051601024995,ULBSL,59,16,10.0,1960.0,19600.0,2024-05-16
2024051601024994,ULBSL,59,94,31.0,1929.0,59799.0,2024-05-16
2024051603019312,JBBL,52,56,100.0,295.9,29590.0,2024-05-16
2024051604007338,PPCL,52,34,10.0,233.0,2330.0,2024-05-16
2024051603019311,SFCL,13,17,10.0,339.0,3390.0,2024-05-16
2024051601024993,PPL,13,70,10.0,540.0,5400.0,2024-05-16
2024051603019310,ILBS,74,62,109.0,1379.9,150409.1,2024-05-16
2024051603019309,ILBS,74,67,91.0,1378.0,125398.0,2024-05-16
2024051603019308,GUFL,41,32,200.0,692.0,138400.0,2024-05-16
2024051601024992,SONA,45,58,100.0,446.2,44620.0,2024-05-16
2024051601024991,DOLTI,57,58,10.0,406.0,4060.0,2024-05-16
2024051604007337,HURJA,1,44,10.0,283.6,2836.0,2024-05-16
2024051601024990,DLBS,1,38,10.0,1325.0,13250.0,2024-05-16
2024051601024989,DLBS,1,38,10.0,1325.0,13250.0,2024-05-16
2024051603019307,NABBC,71,48,10.0,536.0,5360.0,2024-05-16
2024051601024988,TPC,71,49,10.0,470.0,4700.0,2024-05-16
2024051601024987,MKHL,45,55,10.0,408.0,4080.0,2024-05-16
2024051603019306,GLBSL,45,47,80.0,2110.0,168800.0,2024-05-16
2024051603019305,GLBSL,45,41,20.0,2105.0,42100.0,2024-05-16
2024051605005474,NRIC,45,74,10.0,693.0,6930.0,2024-05-16
2024051601024986,MEHL,45,42,10.0,307.8,3078.0,2024-05-16
2024051603019304,MERO,91,41,20.0,716.0,14320.0,2024-05-16
2024051603019303,LLBS,84,25,50.0,1145.0,57250.0,2024-05-16
2024051604007336,AKPL,6,54,276.0,165.1,45567.6,2024-05-16
2024051603019302,EDBL,21,22,10.0,391.4,3914.0,2024-05-16
2024051603019301,EDBL,21,44,10.0,390.0,3900.0,2024-05-16
2024051601024985,TAMOR,40,64,150.0,377.0,56550.0,2024-05-16
2024051601024984,TAMOR,40,36,300.0,376.0,112800.0,2024-05-16
2024051601024983,TAMOR,40,46,40.0,376.0,15040.0,2024-05-16
2024051601024982,UHEWA,57,45,10.0,400.0,4000.0,2024-05-16
2024051601024981,UHEWA,57,41,10.0,400.0,4000.0,2024-05-16
2024051601024980,UHEWA,57,10,10.0,400.0,4000.0,2024-05-16
2024051601024979,UHEWA,57,57,50.0,400.0,20000.0,2024-05-16
2024051601024978,UHEWA,57,7,10.0,400.0,4000.0,2024-05-16
2024051601024977,UHEWA,57,35,10.0,400.0,4000.0,2024-05-16
2024051601024976,UHEWA,57,32,300.0,399.9,119970.0,2024-05-16
2024051601024975,UHEWA,57,34,170.0,399.8,67966.0,2024-05-16
2024051601024974,UHEWA,57,6,10.0,397.0,3970.0,2024-05-16
2024051601024973,UHEWA,57,38,11.0,396.2,4358.2,2024-05-16
2024051601024972,UHEWA,57,29,200.0,396.0,79200.0,2024-05-16
2024051603019300,GRDBL,46,6,14.0,433.0,6062.0,2024-05-16
2024051603019299,GRDBL,46,88,196.0,428.0,83888.0,2024-05-16
2024051601024971,KDL,47,52,10.0,810.0,8100.0,2024-05-16
2024051603019298,GRDBL,5,49,44.0,427.0,18788.0,2024-05-16
2024051603019297,GRDBL,88,49,200.0,427.1,85420.0,2024-05-16
2024051603019296,GRDBL,88,49,300.0,427.3,128190.0,2024-05-16
2024051603019295,GRDBL,88,49,100.0,427.3,42730.0,2024-05-16
2024051603019294,GRDBL,17,49,199.0,427.4,85052.6,2024-05-16
2024051601024970,ILI,49,63,100.0,539.0,53900.0,2024-05-16
2024051601024969,PPL,50,70,10.0,540.0,5400.0,2024-05-16
2024051605005473,HRL,58,62,10.0,556.6,5566.0,2024-05-16
2024051603019293,MERO,37,62,10.0,712.4,7124.0,2024-05-16
2024051603019292,GILB,62,48,60.0,1249.0,74940.0,2024-05-16
2024051603019291,GILB,62,35,290.0,1242.1,360209.0,2024-05-16
2024051601024968,PPL,62,70,20.0,540.0,10800.0,2024-05-16
2024051603019290,SKBBL,92,94,500.0,830.0,415000.0,2024-05-16
2024051601024967,KBL,48,72,136.0,137.0,18632.0,2024-05-16
2024051601024966,KBL,48,84,500.0,136.9,68450.0,2024-05-16
2024051601024965,KBL,48,7,784.0,136.9,107329.6,2024-05-16
2024051603019289,GILB,62,48,10.0,1242.0,12420.0,2024-05-16
2024051604007335,UPCL,22,1,10.0,194.0,1940.0,2024-05-16
2024051603019288,WNLB,42,53,10.0,1450.0,14500.0,2024-05-16
2024051603019287,WNLB,42,35,40.0,1446.0,57840.0,2024-05-16
2024051601024964,HIDCLP,42,62,100.0,98.9,9890.0,2024-05-16
2024051603019286,PFL,42,29,200.0,647.3,129460.0,2024-05-16
2024051601024963,BHDC,17,38,10.0,496.0,4960.0,2024-05-16
2024051604007334,UPPER,13,42,200.0,164.0,32800.0,2024-05-16
2024051603019285,GUFL,41,42,100.0,692.0,69200.0,2024-05-16
2024051601024962,DORDI,14,48,10.0,403.0,4030.0,2024-05-16
2024051604007333,DHPL,35,10,10.0,196.8,1968.0,2024-05-16
2024051605005472,HRL,5,90,10.0,557.0,5570.0,2024-05-16
2024051601024961,USHEC,56,26,10.0,377.9,3779.0,2024-05-16
2024051604007332,PRIN,68,45,10.0,767.2,7672.0,2024-05-16
2024051603019284,CORBL,17,13,10.0,469.0,4690.0,2024-05-16
2024051603019283,SIFC,41,28,150.0,415.5,62325.0,2024-05-16
2024051603019282,SIFC,44,28,150.0,416.0,62400.0,2024-05-16
2024051601024960,MHCL,29,1,10.0,382.0,3820.0,2024-05-16
2024051603019281,JFL,29,19,10.0,510.0,5100.0,2024-05-16
2024051603019280,GLBSL,74,74,150.0,2093.0,313950.0,2024-05-16
2024051603019279,GLBSL,74,37,50.0,2092.0,104600.0,2024-05-16
2024051605005471,CHDC,32,33,10.0,810.0,8100.0,2024-05-16
2024051601024959,MKJC,1,32,20.0,431.0,8620.0,2024-05-16
2024051601024958,SARBTM,58,21,129.0,812.0,104748.0,2024-05-16
2024051601024957,SARBTM,58,29,35.0,812.0,28420.0,2024-05-16
2024051601024956,SARBTM,58,42,10.0,811.0,8110.0,2024-05-16
2024051601024955,SARBTM,58,58,80.0,810.0,64800.0,2024-05-16
2024051601024954,SARBTM,58,58,50.0,810.0,40500.0,2024-05-16
2024051601024953,SARBTM,58,49,35.0,810.0,28350.0,2024-05-16
2024051601024952,SARBTM,58,44,10.0,810.0,8100.0,2024-05-16
2024051601024951,SARBTM,58,42,100.0,809.9,80990.0,2024-05-16
2024051601024950,SARBTM,58,57,51.0,809.0,41259.0,2024-05-16
2024051605005470,NIFRA,26,58,54.0,196.5,10611.0,2024-05-16
2024051603019278,VLBS,58,38,10.0,909.0,9090.0,2024-05-16
2024051601024949,CKHL,54,58,10.0,521.0,5210.0,2024-05-16
2024051601024948,PHCL,7,16,10.0,288.0,2880.0,2024-05-16
2024051601024947,BGWT,58,63,40.0,650.0,26000.0,2024-05-16
2024051601024946,BGWT,58,32,10.0,650.0,6500.0,2024-05-16
2024051601024945,BGWT,58,44,100.0,650.0,65000.0,2024-05-16
2024051601024944,BGWT,58,42,50.0,649.0,32450.0,2024-05-16
2024051601024943,MLBS,64,14,10.0,1418.0,14180.0,2024-05-16
2024051601024942,TVCL,64,14,10.0,459.0,4590.0,2024-05-16
2024051603019277,BFC,50,45,46.0,387.0,17802.0,2024-05-16
2024051603019276,KMCDB,45,6,14.0,960.0,13440.0,2024-05-16
2024051603019275,KMCDB,45,25,124.0,960.0,119040.0,2024-05-16
2024051605005469,NRN,58,45,500.0,496.0,248000.0,2024-05-16
2024051601024941,USHEC,84,26,10.0,377.9,3779.0,2024-05-16
2024051601024940,IHL,6,19,110.0,389.9,42889.0,2024-05-16
2024051601024939,IHL,6,21,100.0,389.0,38900.0,2024-05-16
2024051601024938,IHL,6,34,20.0,388.0,7760.0,2024-05-16
2024051601024937,IHL,6,8,10.0,387.0,3870.0,2024-05-16
2024051601024936,IHL,6,34,10.0,386.0,3860.0,2024-05-16
2024051604007331,NGPL,16,28,250.0,301.8,75450.0,2024-05-16
2024051605005468,CHDC,16,33,300.0,810.0,243000.0,2024-05-16
2024051603019274,USLB,33,40,150.0,2317.0,347550.0,2024-05-16
2024051603019273,KSBBL,41,33,10.0,371.0,3710.0,2024-05-16
2024051601024935,CITY,43,33,122.0,588.3,71772.6,2024-05-16
2024051603019272,SWBBL,44,8,10.0,834.0,8340.0,2024-05-16
2024051601024934,NRM,39,57,10.0,377.0,3770.0,2024-05-16
2024051603019271,WNLB,69,35,10.0,1446.0,14460.0,2024-05-16
2024051601024933,NRM,39,57,20.0,377.2,7544.0,2024-05-16
2024051601024932,UNLB,38,88,280.0,2108.0,590240.0,2024-05-16
2024051601024931,UNLB,57,88,10.0,2110.0,21100.0,2024-05-16
2024051601024930,UNLB,42,88,10.0,2110.0,21100.0,2024-05-16
2024051603019270,HLI,44,39,400.0,399.0,159600.0,2024-05-16
2024051603019269,SWMF,39,52,70.0,845.0,59150.0,2024-05-16
2024051603019268,SWMF,39,47,50.0,844.0,42200.0,2024-05-16
2024051603019267,SWMF,39,42,50.0,844.0,42200.0,2024-05-16
2024051603019266,SWMF,39,25,20.0,844.0,16880.0,2024-05-16
2024051603019265,SWMF,39,33,10.0,844.0,8440.0,2024-05-16
2024051603019264,CFCL,50,35,10.0,387.0,3870.0,2024-05-16
2024051601024929,SBI,44,4,10.0,279.0,2790.0,2024-05-16
2024051603019263,ALICL,44,54,57.0,571.8,32592.6,2024-05-16
2024051603019262,ALICL,44,33,43.0,571.0,24553.0,2024-05-16
2024051601024928,PCBL,44,47,106.0,194.9,20659.4,2024-05-16
2024051601024927,PCBL,44,29,1104.0,194.0,214176.0,2024-05-16
2024051603019261,SADBL,80,85,100.0,318.2,31820.0,2024-05-16
2024051601024926,MKHL,53,55,30.0,408.0,12240.0,2024-05-16
2024051601024925,MKHL,53,58,200.0,408.0,81600.0,2024-05-16
2024051603019260,GUFL,22,57,50.0,693.0,34650.0,2024-05-16
2024051603019259,NMFBS,81,16,10.0,1334.9,13349.0,2024-05-16
2024051603019258,NMFBS,81,62,40.0,1334.0,53360.0,2024-05-16
2024051603019257,GUFL,19,57,40.0,693.0,27720.0,2024-05-16
2024051603019256,GUFL,19,22,10.0,693.0,6930.0,2024-05-16
2024051601024924,MAKAR,42,57,10.0,370.0,3700.0,2024-05-16
2024051601024923,GVL,34,50,10.0,441.5,4415.0,2024-05-16
2024051601024922,GVL,34,21,10.0,441.0,4410.0,2024-05-16
2024051601024921,GVL,34,35,10.0,440.0,4400.0,2024-05-16
2024051601024920,GVL,34,52,10.0,440.0,4400.0,2024-05-16
2024051601024919,GVL,34,49,10.0,440.0,4400.0,2024-05-16
2024051603019255,GUFL,34,22,10.0,693.0,6930.0,2024-05-16
2024051603019254,NFS,34,16,10.0,524.0,5240.0,2024-05-16
2024051604007330,NHDL,26,35,779.0,464.0,361456.0,2024-05-16
2024051604007329,NHDL,47,35,100.0,464.1,46410.0,2024-05-16
2024051604007328,UPPER,13,34,845.0,164.0,138580.0,2024-05-16
2024051603019253,PFL,10,35,49.0,645.0,31605.0,2024-05-16
2024051603019252,PFL,26,35,100.0,646.0,64600.0,2024-05-16
2024051603019251,PFL,57,35,20.0,646.0,12920.0,2024-05-16
2024051603019250,PFL,10,35,200.0,646.8,129360.0,2024-05-16
2024051603019249,PFL,55,35,100.0,647.0,64700.0,2024-05-16
2024051603019248,PFL,57,35,20.0,647.0,12940.0,2024-05-16
2024051603019247,PFL,33,35,825.0,647.1,533857.5,2024-05-16
2024051603019246,JFL,13,19,10.0,510.0,5100.0,2024-05-16
2024051604007327,MHNL,49,55,50.0,226.0,11300.0,2024-05-16
2024051605005467,SMATA,28,45,100.0,941.0,94100.0,2024-05-16
2024051604007326,SICL,40,28,110.0,690.0,75900.0,2024-05-16
2024051604007325,SICL,52,28,200.0,690.1,138020.0,2024-05-16
2024051604007324,SICL,43,28,50.0,690.3,34515.0,2024-05-16
2024051601024918,PPL,32,70,150.0,540.0,81000.0,2024-05-16
2024051601024917,RHGCL,25,40,1171.0,383.9,449546.9,2024-05-16
2024051601024916,RHGCL,25,46,1000.0,383.9,383900.0,2024-05-16
2024051601024915,RHGCL,25,74,500.0,383.8,191900.0,2024-05-16
2024051601024914,RHGCL,25,58,179.0,383.8,68700.2,2024-05-16
2024051601024913,RHGCL,25,42,150.0,383.7,57555.0,2024-05-16
2024051601024912,JBLB,45,58,10.0,1470.0,14700.0,2024-05-16
2024051604007323,BARUN,16,60,160.0,235.0,37600.0,2024-05-16
2024051604007322,BARUN,16,52,250.0,234.6,58650.0,2024-05-16
2024051604007321,BARUN,16,28,590.0,234.5,138355.0,2024-05-16
2024051603019245,FMDBL,45,57,300.0,670.1,201030.0,2024-05-16
2024051601024911,SIKLES,72,35,10.0,517.9,5179.0,2024-05-16
2024051601024910,SIKLES,72,29,10.0,517.0,5170.0,2024-05-16
2024051603019244,GUFL,41,72,600.0,692.0,415200.0,2024-05-16
2024051601024909,BHDC,49,39,10.0,498.4,4984.0,2024-05-16
2024051603019243,SINDU,33,50,305.0,384.6,117303.0,2024-05-16
2024051603019242,SINDU,57,50,200.0,384.7,76940.0,2024-05-16
2024051603019241,SINDU,58,50,100.0,385.0,38500.0,2024-05-16
2024051603019240,SINDU,34,50,20.0,385.0,7700.0,2024-05-16
2024051603019239,SINDU,53,50,200.0,385.1,77020.0,2024-05-16
2024051603019238,SINDU,55,50,100.0,385.4,38540.0,2024-05-16
2024051603019237,SINDU,17,50,75.0,386.4,28980.0,2024-05-16
2024051603019236,MDB,62,39,500.0,486.6,243300.0,2024-05-16
2024051603019235,MDB,17,39,500.0,486.7,243350.0,2024-05-16
2024051603019234,SDLBSL,39,42,10.0,1008.0,10080.0,2024-05-16
2024051601024908,SARBTM,62,57,49.0,809.0,39641.0,2024-05-16
2024051601024907,SARBTM,62,34,51.0,809.0,41259.0,2024-05-16
2024051601024906,PPL,62,70,80.0,540.0,43200.0,2024-05-16
2024051601024905,PPL,62,21,120.0,540.0,64800.0,2024-05-16
2024051601024904,PPL,62,34,10.0,535.0,5350.0,2024-05-16
2024051601024903,PPL,62,58,10.0,532.0,5320.0,2024-05-16
2024051601024902,PPL,62,61,10.0,532.0,5320.0,2024-05-16
2024051601024901,PPL,62,58,10.0,530.0,5300.0,2024-05-16
2024051601024900,PPL,62,38,60.0,530.0,31800.0,2024-05-16
2024051604007320,UAIL,85,78,800.0,575.0,460000.0,2024-05-16
2024051604007319,UAIL,49,78,200.0,575.1,115020.0,2024-05-16
2024051604007318,CGH,7,81,10.0,790.0,7900.0,2024-05-16
2024051603019233,NICLBSL,53,14,22.0,676.0,14872.0,2024-05-16
2024051603019232,NICLBSL,25,14,18.0,676.0,12168.0,2024-05-16
2024051603019231,NICLBSL,63,14,10.0,677.0,6770.0,2024-05-16
2024051601024899,EBL,33,28,10.0,512.0,5120.0,2024-05-16
2024051601024898,EBL,33,57,20.0,511.0,10220.0,2024-05-16
2024051601024897,EBL,33,44,100.0,510.5,51050.0,2024-05-16
2024051601024896,ANLB,33,33,10.0,2188.0,21880.0,2024-05-16
2024051605005466,SMATA,39,42,10.0,936.0,9360.0,2024-05-16
2024051604007317,SHEL,57,42,390.0,153.0,59670.0,2024-05-16
2024051604007316,SHEL,62,42,295.0,153.0,45135.0,2024-05-16
2024051603019230,WNLB,38,35,10.0,1446.0,14460.0,2024-05-16
2024051601024895,ULBSL,14,11,100.0,1885.1,188510.0,2024-05-16
2024051601024894,ULBSL,14,11,50.0,1890.0,94500.0,2024-05-16
2024051601024893,ULBSL,34,11,10.0,1899.1,18991.0,2024-05-16
2024051601024892,ULBSL,41,11,40.0,1900.0,76000.0,2024-05-16
2024051603019229,SHINE,26,34,174.0,390.0,67860.0,2024-05-16
2024051603019228,SHINE,58,34,76.0,390.0,29640.0,2024-05-16
2024051603019227,SHINE,53,34,250.0,390.5,97625.0,2024-05-16
2024051603019226,ICFC,34,57,20.0,511.0,10220.0,2024-05-16
2024051604007315,SJCL,52,35,10.0,269.9,2699.0,2024-05-16
2024051603019225,WNLB,38,52,50.0,1446.0,72300.0,2024-05-16
2024051601024891,CLI,32,5,300.0,458.0,137400.0,2024-05-16
2024051601024890,MKLB,32,38,10.0,1159.9,11599.0,2024-05-16
2024051604007314,IGI,34,58,10.0,535.0,5350.0,2024-05-16
2024051605005465,NRIC,41,26,25.0,682.6,17065.0,2024-05-16
2024051605005464,NRIC,34,26,19.0,684.0,12996.0,2024-05-16
2024051601024889,SGHC,36,47,30.0,321.0,9630.0,2024-05-16
2024051603019224,NFS,58,16,60.0,524.0,31440.0,2024-05-16
2024051603019223,NFS,58,63,500.0,524.0,262000.0,2024-05-16
2024051603019222,NFS,58,49,240.0,523.0,125520.0,2024-05-16
2024051603019221,FOWAD,25,16,10.0,1261.0,12610.0,2024-05-16
2024051604007313,MEN,16,44,10.0,543.9,5439.0,2024-05-16
2024051603019220,ILBS,66,67,107.0,1378.0,147446.0,2024-05-16
2024051603019219,ILBS,66,51,300.0,1378.0,413400.0,2024-05-16
2024051603019218,ILBS,66,49,19.0,1378.0,26182.0,2024-05-16
2024051603019217,ILBS,66,50,24.0,1378.0,33072.0,2024-05-16
2024051603019216,ILBS,66,67,20.0,1378.0,27560.0,2024-05-16
2024051603019215,ILBS,66,59,30.0,1375.0,41250.0,2024-05-16
2024051603019214,MPFL,18,29,10.0,436.0,4360.0,2024-05-16
2024051603019213,SKBBL,4,94,125.0,830.0,103750.0,2024-05-16
2024051603019212,SKBBL,4,57,13.0,829.9,10788.7,2024-05-16
2024051603019211,SKBBL,4,65,13.0,829.9,10788.7,2024-05-16
2024051603019210,SKBBL,4,34,120.0,829.8,99576.0,2024-05-16
2024051603019209,SKBBL,4,41,50.0,829.0,41450.0,2024-05-16
2024051603019208,SKBBL,4,50,10.0,829.0,8290.0,2024-05-16
2024051603019207,SKBBL,4,57,13.0,829.0,10777.0,2024-05-16
2024051603019206,SKBBL,4,57,81.0,829.0,67149.0,2024-05-16
2024051603019205,SKBBL,4,1,38.0,829.0,31502.0,2024-05-16
2024051603019204,SKBBL,4,57,10.0,828.9,8289.0,2024-05-16
2024051601024888,KDL,47,57,200.0,802.1,160420.0,2024-05-16
2024051603019203,GUFL,41,57,250.0,692.0,173000.0,2024-05-16
2024051603019202,GUFL,41,57,50.0,692.1,34605.0,2024-05-16
2024051603019201,GUFL,58,57,200.0,692.5,138500.0,2024-05-16
2024051603019200,NLIC,47,87,100.0,586.9,58690.0,2024-05-16
2024051601024887,NRM,39,45,30.0,377.1,11313.0,2024-05-16
2024051603019199,MDB,39,44,100.0,502.8,50280.0,2024-05-16
2024051603019198,MDB,39,43,927.0,502.8,466095.6,2024-05-16
2024051603019197,MDB,39,38,246.0,502.0,123492.0,2024-05-16
2024051603019196,MDB,39,58,135.0,502.0,67770.0,2024-05-16
2024051603019195,MDB,39,58,720.0,502.0,361440.0,2024-05-16
2024051603019194,MDB,39,34,54.0,499.9,26994.6,2024-05-16
2024051603019193,MDB,39,36,1000.0,499.8,499800.0,2024-05-16
2024051603019192,MDB,39,46,1000.0,499.0,499000.0,2024-05-16
2024051603019191,MDB,39,86,1000.0,498.0,498000.0,2024-05-16
2024051603019190,MDB,39,14,400.0,496.0,198400.0,2024-05-16
2024051603019189,MDB,39,45,500.0,495.0,247500.0,2024-05-16
2024051603019188,MDB,39,42,10.0,495.0,4950.0,2024-05-16
2024051603019187,MDB,39,28,250.0,495.0,123750.0,2024-05-16
2024051603019186,MDB,39,42,100.0,495.0,49500.0,2024-05-16
2024051603019185,MDB,39,14,300.0,494.0,148200.0,2024-05-16
2024051603019184,MDB,39,17,200.0,494.0,98800.0,2024-05-16
2024051603019183,MDB,39,17,90.0,494.0,44460.0,2024-05-16
2024051603019182,MDB,39,17,100.0,494.0,49400.0,2024-05-16
2024051603019181,MDB,39,45,500.0,494.0,247000.0,2024-05-16
2024051603019180,MDB,39,57,210.0,493.0,103530.0,2024-05-16
2024051603019179,MDB,39,43,596.0,493.0,293828.0,2024-05-16
2024051601024886,RNLI,59,62,11.0,428.9,4717.9,2024-05-16
2024051603019178,DDBL,28,17,21.0,753.1,15815.1,2024-05-16
2024051603019177,JBBL,53,33,10.0,293.0,2930.0,2024-05-16
2024051603019176,JBBL,57,33,10.0,294.0,2940.0,2024-05-16
2024051605005463,NRIC,35,74,323.0,693.0,223839.0,2024-05-16
2024051605005462,NRIC,35,21,50.0,693.0,34650.0,2024-05-16
2024051605005461,NRIC,35,34,200.0,693.0,138600.0,2024-05-16
2024051605005460,NRIC,35,52,500.0,692.0,346000.0,2024-05-16
2024051605005459,NRIC,35,54,150.0,690.0,103500.0,2024-05-16
2024051605005458,NRIC,35,38,301.0,690.0,207690.0,2024-05-16
2024051605005457,NRIC,35,58,51.0,690.0,35190.0,2024-05-16
2024051605005456,NRIC,35,49,405.0,690.0,279450.0,2024-05-16
2024051605005455,NRIC,35,41,20.0,685.0,13700.0,2024-05-16
2024051603019175,GMFIL,57,74,300.0,387.0,116100.0,2024-05-16
2024051605005454,HRL,58,1,243.0,556.6,135253.8,2024-05-16
2024051605005453,HRL,25,1,19.0,556.6,10575.4,2024-05-16
2024051605005452,HRL,32,1,610.0,556.7,339587.0,2024-05-16
2024051605005451,HRL,56,1,100.0,556.9,55690.0,2024-05-16
2024051605005450,HRL,34,1,42.0,556.9,23389.8,2024-05-16
2024051605005449,HRL,61,1,186.0,557.0,103602.0,2024-05-16
2024051601024885,SPL,7,45,6.0,661.0,3966.0,2024-05-16
2024051601024884,SPL,7,38,214.0,661.0,141454.0,2024-05-16
2024051601024883,ILI,35,34,30.0,538.2,16146.0,2024-05-16
2024051601024882,ILI,52,34,10.0,538.2,5382.0,2024-05-16
2024051601024881,ILI,52,34,20.0,538.4,10768.0,2024-05-16
2024051601024880,ILI,17,34,50.0,538.5,26925.0,2024-05-16
2024051601024879,ILI,43,34,90.0,538.9,48501.0,2024-05-16
2024051603019174,SMFBS,34,51,10.0,1405.0,14050.0,2024-05-16
2024051601024878,SHIVM,38,34,187.0,497.5,93032.5,2024-05-16
2024051601024877,SHIVM,34,34,50.0,497.5,24875.0,2024-05-16
2024051601024876,SHIVM,40,34,10.0,497.5,4975.0,2024-05-16
2024051601024875,SHIVM,57,34,153.0,497.5,76117.5,2024-05-16
2024051601024874,SHIVM,26,34,100.0,498.0,49800.0,2024-05-16
2024051604007312,NGPL,91,28,12.0,301.8,3621.6,2024-05-16
2024051604007311,NGPL,91,38,88.0,301.5,26532.0,2024-05-16
2024051601024873,MSHL,58,58,10.0,640.0,6400.0,2024-05-16
2024051601024872,MSHL,58,48,10.0,640.0,6400.0,2024-05-16
2024051601024871,MSHL,58,34,10.0,640.0,6400.0,2024-05-16
2024051601024870,MSHL,58,55,10.0,638.5,6385.0,2024-05-16
2024051601024869,MSHL,58,62,10.0,638.0,6380.0,2024-05-16
2024051601024868,MSHL,58,42,10.0,638.0,6380.0,2024-05-16
2024051601024867,MSHL,58,43,20.0,638.0,12760.0,2024-05-16
2024051603019173,NABBC,63,58,227.0,526.0,119402.0,2024-05-16
2024051603019172,NABBC,63,58,500.0,526.3,263150.0,2024-05-16
2024051603019171,NABBC,62,58,843.0,526.3,443670.9,2024-05-16
2024051603019170,NABBC,63,58,20.0,526.4,10528.0,2024-05-16
2024051603019169,NABBC,62,58,300.0,527.0,158100.0,2024-05-16
2024051603019168,NABBC,35,58,100.0,527.5,52750.0,2024-05-16
2024051603019167,NABBC,63,58,10.0,535.0,5350.0,2024-05-16
2024051605005448,NBF3,21,41,100.0,7.17,717.0,2024-05-16
2024051601024866,SONA,45,57,10.0,446.2,4462.0,2024-05-16
2024051601024865,BHPL,57,35,10.0,544.0,5440.0,2024-05-16
2024051601024864,NRM,39,35,35.0,377.0,13195.0,2024-05-16
2024051603019166,SMFBS,44,19,10.0,1405.0,14050.0,2024-05-16
2024051601024863,CYCL,77,36,50.0,1597.0,79850.0,2024-05-16
2024051603019165,SABSL,84,94,1000.0,940.0,940000.0,2024-05-16
2024051601024862,SARBTM,29,42,10.0,808.0,8080.0,2024-05-16
2024051601024861,TAMOR,48,42,200.0,375.9,75180.0,2024-05-16
2024051605005447,ENL,13,45,50.0,838.0,41900.0,2024-05-16
2024051604007310,SHPC,5,45,10.0,328.8,3288.0,2024-05-16
2024051601024860,HATHY,57,25,68.0,832.0,56576.0,2024-05-16
2024051601024859,ILI,20,63,10.0,539.0,5390.0,2024-05-16
2024051601024858,MEL,52,91,95.0,227.7,21631.5,2024-05-16
2024051601024857,MEL,6,91,100.0,227.8,22780.0,2024-05-16
2024051601024856,SRLI,49,6,10.0,434.1,4341.0,2024-05-16
2024051601024855,SNLI,29,16,125.0,456.0,57000.0,2024-05-16
2024051601024854,NRM,21,35,100.0,377.0,37700.0,2024-05-16
2024051601024853,MKLB,18,13,50.0,1158.0,57900.0,2024-05-16
2024051604007309,LEC,47,4,1693.0,182.3,308633.9,2024-05-16
2024051604007308,LEC,47,80,140.0,182.1,25494.0,2024-05-16
2024051604007307,LEC,47,59,200.0,182.1,36420.0,2024-05-16
2024051604007306,LEC,47,52,40.0,181.5,7260.0,2024-05-16
2024051604007305,LEC,47,43,648.0,181.0,117288.0,2024-05-16
2024051604007304,LEC,47,32,40.0,181.0,7240.0,2024-05-16
2024051604007303,LEC,47,45,260.0,181.0,47060.0,2024-05-16
2024051604007302,LEC,47,49,1000.0,180.0,180000.0,2024-05-16
2024051604007301,LEC,47,35,979.0,180.0,176220.0,2024-05-16
2024051601024852,RFPL,49,65,10.0,366.0,3660.0,2024-05-16
2024051601024851,CLI,32,39,75.0,458.0,34350.0,2024-05-16
2024051601024850,CLI,34,39,125.0,458.0,57250.0,2024-05-16
2024051603019164,HLI,44,29,11.0,400.0,4400.0,2024-05-16
2024051603019163,HLI,44,28,500.0,399.9,199950.0,2024-05-16
2024051603019162,HLI,44,21,10.0,399.9,3999.0,2024-05-16
2024051603019161,HLI,44,29,50.0,399.8,19990.0,2024-05-16
2024051603019160,HLI,44,55,10.0,399.8,3998.0,2024-05-16
2024051603019159,HLI,44,29,19.0,399.8,7596.2,2024-05-16
2024051601024849,SCB,77,6,10.0,547.9,5479.0,2024-05-16
2024051605005446,HRL,61,48,161.0,557.0,89677.0,2024-05-16
2024051603019158,RLFL,47,37,59.0,385.0,22715.0,2024-05-16
2024051603019157,RLFL,47,37,200.0,385.0,77000.0,2024-05-16
2024051603019156,RLFL,47,37,150.0,385.0,57750.0,2024-05-16
2024051603019155,RLFL,47,37,150.0,385.0,57750.0,2024-05-16
2024051603019154,RLFL,47,37,150.0,385.0,57750.0,2024-05-16
2024051603019153,RLFL,42,37,91.0,385.3,35062.3,2024-05-16
2024051601024848,PPL,7,65,50.0,513.0,25650.0,2024-05-16
2024051601024847,PPL,41,65,10.0,513.0,5130.0,2024-05-16
2024051601024846,PPL,58,65,200.0,513.0,102600.0,2024-05-16
2024051601024845,PPL,32,65,150.0,513.0,76950.0,2024-05-16
2024051601024844,PPL,5,65,50.0,513.0,25650.0,2024-05-16
2024051601024843,PPL,61,65,100.0,513.0,51300.0,2024-05-16
2024051601024842,PPL,68,65,30.0,513.0,15390.0,2024-05-16
2024051601024841,PPL,42,65,50.0,513.0,25650.0,2024-05-16
2024051601024840,PPL,1,65,200.0,514.0,102800.0,2024-05-16
2024051601024839,PPL,33,65,100.0,521.0,52100.0,2024-05-16
2024051603019152,RSDC,17,42,197.0,712.0,140264.0,2024-05-16
2024051601024838,ULHC,44,35,1000.0,326.0,326000.0,2024-05-16
2024051603019151,KRBL,42,35,238.0,425.0,101150.0,2024-05-16
2024051604007300,AKPL,58,11,394.0,165.0,65010.0,2024-05-16
2024051604007299,AKPL,51,11,60.0,165.0,9900.0,2024-05-16
2024051604007298,AKPL,28,11,30.0,165.0,4950.0,2024-05-16
2024051604007297,AKPL,36,11,1000.0,165.0,165000.0,2024-05-16
2024051604007296,AKPL,57,11,30.0,165.0,4950.0,2024-05-16
2024051604007295,AKPL,38,11,60.0,165.0,9900.0,2024-05-16
2024051604007294,AKPL,19,11,18.0,165.0,2970.0,2024-05-16
2024051604007293,AKPL,26,11,18.0,165.0,2970.0,2024-05-16
2024051601024837,RNLI,59,51,161.0,428.9,69052.9,2024-05-16
2024051601024836,RNLI,59,44,42.0,428.0,17976.0,2024-05-16
2024051601024835,NABIL,52,35,10.0,431.0,4310.0,2024-05-16
2024051603019150,MERO,52,41,10.0,716.0,7160.0,2024-05-16
2024051603019149,MERO,52,48,20.0,715.0,14300.0,2024-05-16
2024051601024834,MKCL,55,35,10.0,894.0,8940.0,2024-05-16
2024051603019148,USLB,21,29,10.0,2330.1,23301.0,2024-05-16
2024051603019147,USLB,62,29,93.0,2331.0,216783.0,2024-05-16
2024051601024833,TSHL,60,38,72.0,510.0,36720.0,2024-05-16
2024051601024832,TSHL,60,53,10.0,510.0,5100.0,2024-05-16
2024051601024831,TSHL,60,59,10.0,509.0,5090.0,2024-05-16
2024051601024830,TSHL,60,51,400.0,509.0,203600.0,2024-05-16
2024051601024829,TSHL,60,45,10.0,508.0,5080.0,2024-05-16
2024051601024828,TSHL,60,49,10.0,506.9,5069.0,2024-05-16
2024051601024827,TSHL,60,45,190.0,505.0,95950.0,2024-05-16
2024051601024826,TSHL,60,70,200.0,503.0,100600.0,2024-05-16
2024051601024825,TSHL,60,62,98.0,503.0,49294.0,2024-05-16
2024051601024824,GVL,44,25,50.0,438.0,21900.0,2024-05-16
2024051603019146,MFIL,45,32,10.0,503.9,5039.0,2024-05-16
2024051601024823,USHEC,45,26,200.0,377.9,75580.0,2024-05-16
2024051603019145,NICLBSL,63,34,10.0,677.0,6770.0,2024-05-16
2024051604007292,HDHPC,66,87,858.0,133.4,114457.2,2024-05-16
2024051604007291,HDHPC,66,19,505.0,133.2,67266.0,2024-05-16
2024051604007290,HDHPC,66,61,200.0,133.0,26600.0,2024-05-16
2024051604007289,HDHPC,66,41,132.0,133.0,17556.0,2024-05-16
2024051604007288,HDHPC,66,55,100.0,133.0,13300.0,2024-05-16
2024051604007287,HDHPC,66,21,970.0,133.0,129010.0,2024-05-16
2024051604007286,HDHPC,66,33,110.0,133.0,14630.0,2024-05-16
2024051604007285,HDHPC,66,22,25.0,132.0,3300.0,2024-05-16
2024051601024822,HHL,40,41,100.0,354.0,35400.0,2024-05-16
2024051601024821,GBIME,43,35,100.0,176.0,17600.0,2024-05-16
2024051601024820,RHGCL,69,3,10.0,383.0,3830.0,2024-05-16
2024051601024819,BHPL,41,35,10.0,544.0,5440.0,2024-05-16
2024051604007284,DHPL,52,41,40.0,193.7,7748.0,2024-05-16
2024051604007283,DHPL,35,41,10.0,196.5,1965.0,2024-05-16
2024051603019144,KLBSL,47,52,169.0,1000.0,169000.0,2024-05-16
2024051603019143,KLBSL,47,1,31.0,1000.0,31000.0,2024-05-16
2024051603019142,KLBSL,47,5,10.0,999.9,9999.0,2024-05-16
2024051603019141,KLBSL,47,7,40.0,999.8,39992.0,2024-05-16
2024051601024818,SBL,50,49,300.0,227.5,68250.0,2024-05-16
2024051601024817,SBL,50,49,165.0,227.9,37603.5,2024-05-16
2024051605005445,NRIC,34,62,45.0,684.0,30780.0,2024-05-16
2024051605005444,NRIC,34,62,55.0,687.0,37785.0,2024-05-16
2024051601024816,AHL,13,53,10.0,429.2,4292.0,2024-05-16
2024051604007282,BARUN,63,28,1110.0,234.5,260295.0,2024-05-16
2024051604007281,BARUN,63,36,890.0,234.0,208260.0,2024-05-16
2024051604007280,RADHI,33,19,83.0,232.0,19256.0,2024-05-16
2024051604007279,RADHI,1,19,17.0,232.1,3945.7,2024-05-16
2024051604007278,RADHI,43,19,400.0,232.1,92840.0,2024-05-16
2024051601024815,MANDU,65,16,68.0,967.9,65817.2,2024-05-16
2024051601024814,MANDU,65,38,100.0,967.8,96780.0,2024-05-16
2024051601024813,MANDU,65,25,10.0,967.0,9670.0,2024-05-16
2024051601024812,MANDU,65,42,10.0,967.0,9670.0,2024-05-16
2024051601024811,MANDU,65,56,60.0,967.0,58020.0,2024-05-16
2024051601024810,MANDU,65,58,10.0,967.0,9670.0,2024-05-16
2024051601024809,MANDU,65,46,10.0,966.0,9660.0,2024-05-16
2024051601024808,MANDU,65,39,500.0,965.0,482500.0,2024-05-16
2024051601024807,MANDU,65,45,10.0,965.0,9650.0,2024-05-16
2024051601024806,MANDU,65,58,10.0,964.9,9649.0,2024-05-16
2024051601024805,MANDU,65,58,10.0,964.9,9649.0,2024-05-16
2024051601024804,MANDU,65,58,192.0,963.0,184896.0,2024-05-16
2024051601024803,MANDU,65,35,10.0,950.0,9500.0,2024-05-16
2024051603019140,SKBBL,16,42,104.0,828.0,86112.0,2024-05-16
2024051601024802,SCB,28,6,10.0,547.9,5479.0,2024-05-16
2024051601024801,PPL,29,38,10.0,530.0,5300.0,2024-05-16
2024051601024800,SNLI,29,55,90.0,456.0,41040.0,2024-05-16
2024051601024799,SNLI,59,55,200.0,456.1,91220.0,2024-05-16
2024051601024798,SCB,7,6,10.0,547.9,5479.0,2024-05-16
2024051604007277,JOSHI,58,34,110.0,308.0,33880.0,2024-05-16
2024051601024797,MBJC,58,44,10.0,290.0,2900.0,2024-05-16
2024051601024796,MBJC,58,51,10.0,290.0,2900.0,2024-05-16
2024051601024795,MBJC,58,49,10.0,290.0,2900.0,2024-05-16
2024051601024794,MBJC,58,57,10.0,290.0,2900.0,2024-05-16
2024051601024793,MBJC,58,58,10.0,290.0,2900.0,2024-05-16
2024051601024792,MBJC,58,56,10.0,290.0,2900.0,2024-05-16
2024051601024791,MBJC,58,57,100.0,289.9,28990.0,2024-05-16
2024051601024790,MBJC,58,63,10.0,289.5,2895.0,2024-05-16
2024051601024789,MBJC,58,58,10.0,289.0,2890.0,2024-05-16
2024051601024788,MBJC,58,8,10.0,289.0,2890.0,2024-05-16
2024051601024787,MBJC,58,44,36.0,289.0,10404.0,2024-05-16
2024051601024786,MBJC,58,7,10.0,289.0,2890.0,2024-05-16
2024051601024785,MBJC,58,58,10.0,289.0,2890.0,2024-05-16
2024051601024784,MBJC,58,35,10.0,289.0,2890.0,2024-05-16
2024051601024783,MBJC,58,56,100.0,288.8,28880.0,2024-05-16
2024051601024782,MBJC,58,57,190.0,288.5,54815.0,2024-05-16
2024051601024781,MBJC,58,68,445.0,288.0,128160.0,2024-05-16
2024051601024780,SCB,76,6,10.0,547.9,5479.0,2024-05-16
2024051601024779,CLI,34,41,10.0,458.0,4580.0,2024-05-16
2024051601024778,SANIMA,50,21,68.0,242.0,16456.0,2024-05-16
2024051601024777,SANIMA,50,51,32.0,241.5,7728.0,2024-05-16
2024051601024776,SPC,49,42,110.0,510.9,56199.0,2024-05-16
2024051601024775,RNLI,42,44,10.0,428.0,4280.0,2024-05-16
2024051601024774,RNLI,41,44,48.0,428.0,20544.0,2024-05-16
2024051601024773,ICFCD83,33,17,105.0,1205.4,126567.0,2024-05-16
2024051605005443,HRL,61,42,10.0,557.0,5570.0,2024-05-16
2024051603019139,GBBL,25,68,380.0,364.0,138320.0,2024-05-16
2024051603019138,GBBL,34,68,150.0,364.0,54600.0,2024-05-16
2024051603019137,GBBL,48,68,20.0,364.0,7280.0,2024-05-16
2024051603019136,GBBL,16,68,883.0,364.0,321412.0,2024-05-16
2024051603019135,GBBL,4,68,50.0,364.1,18205.0,2024-05-16
2024051603019134,GBBL,58,68,200.0,365.0,73000.0,2024-05-16
2024051603019133,GBBL,48,68,20.0,365.0,7300.0,2024-05-16
2024051603019132,GBBL,42,68,297.0,365.0,108405.0,2024-05-16
2024051601024772,SHIVM,56,35,300.0,498.0,149400.0,2024-05-16
2024051603019131,NICLBSL,29,4,137.0,678.0,92886.0,2024-05-16
2024051603019130,NICLBSL,29,53,95.0,678.0,64410.0,2024-05-16
2024051603019129,NICLBSL,29,25,20.0,677.9,13558.0,2024-05-16
2024051603019128,NICLBSL,29,29,100.0,677.9,67790.0,2024-05-16
2024051603019127,NICLBSL,29,57,20.0,677.0,13540.0,2024-05-16
2024051601024771,DOLTI,57,1,450.0,406.0,182700.0,2024-05-16
2024051603019126,NFS,26,49,10.0,523.0,5230.0,2024-05-16
2024051601024770,MANDU,65,45,230.0,922.9,212267.0,2024-05-16
2024051601024769,MANDU,11,45,50.0,923.0,46150.0,2024-05-16
2024051603019125,NMFBS,34,45,35.0,1330.0,46550.0,2024-05-16
2024051601024768,MCHL,58,53,10.0,369.5,3695.0,2024-05-16
2024051601024767,NABIL,42,46,54.0,430.5,23247.0,2024-05-16
2024051601024766,NABIL,17,46,10.0,430.5,4305.0,2024-05-16
2024051601024765,NABIL,45,46,116.0,430.5,49938.0,2024-05-16
2024051601024764,NABIL,6,46,500.0,430.6,215300.0,2024-05-16
2024051601024763,NABIL,58,46,20.0,430.8,8616.0,2024-05-16
2024051601024762,BHDC,17,46,10.0,496.0,4960.0,2024-05-16
2024051603019124,SJLIC,50,45,100.0,406.0,40600.0,2024-05-16
2024051604007276,UPPER,39,45,400.0,164.5,65800.0,2024-05-16
2024051604007275,UPPER,39,55,600.0,164.4,98640.0,2024-05-16
2024051604007274,UMRH,35,22,150.0,356.1,53415.0,2024-05-16
2024051604007273,UMRH,47,22,10.0,356.1,3561.0,2024-05-16
2024051601024761,JBLB,14,33,50.0,1471.0,73550.0,2024-05-16
2024051603019123,GUFL,38,36,45.0,693.0,31185.0,2024-05-16
2024051601024760,MANDU,36,75,10.0,924.0,9240.0,2024-05-16
2024051601024759,GCIL,91,74,30.0,482.0,14460.0,2024-05-16
2024051604007272,NGPL,84,60,348.0,300.1,104434.8,2024-05-16
2024051604007271,NGPL,58,60,200.0,300.1,60020.0,2024-05-16
2024051604007270,NGPL,45,60,110.0,300.1,33011.0,2024-05-16
2024051604007269,NGPL,86,60,92.0,300.1,27609.2,2024-05-16
2024051604007268,NGPL,47,60,250.0,300.2,75050.0,2024-05-16
2024051603019122,MFIL,32,29,100.0,501.5,50150.0,2024-05-16
2024051603019121,NICLBSL,25,1,20.0,676.0,13520.0,2024-05-16
2024051604007267,UMHL,54,21,84.0,237.1,19916.4,2024-05-16
2024051604007266,UMHL,54,49,42.0,237.0,9954.0,2024-05-16
2024051604007265,UMHL,54,42,14.0,235.0,3290.0,2024-05-16
2024051604007264,UMHL,54,52,160.0,234.0,37440.0,2024-05-16
2024051601024758,GCIL,91,44,72.0,482.0,34704.0,2024-05-16
2024051604007263,UPPER,6,34,190.0,164.2,31198.0,2024-05-16
2024051603019120,GRDBL,17,6,50.0,427.4,21370.0,2024-05-16
2024051605005442,NIFRA,26,45,100.0,196.5,19650.0,2024-05-16
2024051605005441,HRL,61,34,143.0,557.0,79651.0,2024-05-16
2024051605005440,HRL,38,34,100.0,557.0,55700.0,2024-05-16
2024051605005439,HRL,22,34,68.0,557.0,37876.0,2024-05-16
2024051605005438,HRL,42,34,10.0,557.0,5570.0,2024-05-16
2024051605005437,HRL,10,34,50.0,557.0,27850.0,2024-05-16
2024051605005436,HRL,20,34,96.0,557.0,53472.0,2024-05-16
2024051605005435,HRL,49,34,20.0,557.0,11140.0,2024-05-16
2024051605005434,HRL,11,34,13.0,557.0,7241.0,2024-05-16
2024051603019119,NLIC,26,43,377.0,586.0,220922.0,2024-05-16
2024051603019118,NLIC,42,43,23.0,586.0,13478.0,2024-05-16
2024051604007262,AKJCL,32,8,200.0,203.1,40620.0,2024-05-16
2024051604007261,DHPL,41,10,40.0,196.8,7872.0,2024-05-16
2024051601024757,HBL,14,57,18.0,175.6,3160.8,2024-05-16
2024051603019117,JBBL,38,49,10.0,295.0,2950.0,2024-05-16
2024051603019116,NLICL,39,35,200.0,549.9,109980.0,2024-05-16
2024051603019115,NLICL,39,40,85.0,549.8,46733.0,2024-05-16
2024051603019114,NLICL,39,45,20.0,545.0,10900.0,2024-05-16
2024051603019113,NLICL,39,19,93.0,545.0,50685.0,2024-05-16
2024051603019112,NLICL,39,81,50.0,544.3,27215.0,2024-05-16
2024051603019111,NLICL,39,57,45.0,544.0,24480.0,2024-05-16
2024051603019110,NLICL,39,39,100.0,543.0,54300.0,2024-05-16
2024051604007260,SPDL,45,44,165.0,234.1,38626.5,2024-05-16
2024051603019109,VLBS,14,38,450.0,909.0,409050.0,2024-05-16
2024051603019108,VLBS,14,58,50.0,909.0,45450.0,2024-05-16
2024051601024756,MKHC,26,38,140.0,305.0,42700.0,2024-05-16
2024051601024755,MKHC,50,38,100.0,305.0,30500.0,2024-05-16
2024051601024754,MKHC,26,38,10.0,307.0,3070.0,2024-05-16
2024051601024753,IHL,38,34,10.0,386.0,3860.0,2024-05-16
2024051603019107,BFC,50,38,146.0,387.0,56502.0,2024-05-16
2024051604007259,OHL,42,48,20.0,759.0,15180.0,2024-05-16
2024051603019106,WNLB,32,53,10.0,1450.0,14500.0,2024-05-16
2024051604007258,SHL,25,16,100.0,436.9,43690.0,2024-05-16
2024051603019105,MLBL,1,38,306.0,328.0,100368.0,2024-05-16
2024051601024752,MCHL,26,53,20.0,369.5,7390.0,2024-05-16
2024051603019104,CFCL,33,6,65.0,385.0,25025.0,2024-05-16
2024051603019103,CFCL,57,6,85.0,386.0,32810.0,2024-05-16
2024051604007257,MEN,44,45,394.0,542.2,213626.8,2024-05-16
2024051604007256,MEN,42,45,10.0,542.3,5423.0,2024-05-16
2024051604007255,MEN,18,45,20.0,542.5,10850.0,2024-05-16
2024051604007254,MEN,58,45,50.0,542.5,27125.0,2024-05-16
2024051604007253,MEN,56,45,26.0,542.5,14105.0,2024-05-16
2024051603019102,SINDU,45,14,10.0,387.0,3870.0,2024-05-16
2024051601024751,ILI,43,58,10.0,538.9,5389.0,2024-05-16
2024051603019101,PFL,33,43,175.0,647.1,113242.5,2024-05-16
2024051603019100,PFL,17,43,600.0,647.2,388320.0,2024-05-16
2024051603019099,PFL,61,43,500.0,647.3,323650.0,2024-05-16
2024051604007252,RURU,50,56,60.0,565.0,33900.0,2024-05-16
2024051604007251,RURU,50,6,30.0,564.5,16935.0,2024-05-16
2024051604007250,RURU,50,45,10.0,564.0,5640.0,2024-05-16
2024051601024750,CYCL,77,36,52.0,1597.0,83044.0,2024-05-16
2024051601024749,CYCL,77,77,38.0,1596.9,60682.2,2024-05-16
2024051601024748,CYCL,77,40,10.0,1596.0,15960.0,2024-05-16
2024051601024747,CYCL,77,41,70.0,1596.0,111720.0,2024-05-16
2024051601024746,CYCL,77,33,200.0,1595.0,319000.0,2024-05-16
2024051601024745,CYCL,77,45,30.0,1595.0,47850.0,2024-05-16
2024051604007249,SPDL,17,60,16.0,235.5,3768.0,2024-05-16
2024051603019098,PROFL,14,19,10.0,336.9,3369.0,2024-05-16
2024051601024744,EBL,4,14,140.0,510.0,71400.0,2024-05-16
2024051603019097,MLBBL,19,14,168.0,1350.0,226800.0,2024-05-16
2024051603019096,JBBL,38,56,10.0,295.9,2959.0,2024-05-16
2024051601024743,SHIVM,33,35,50.0,498.0,24900.0,2024-05-16
2024051601024742,HDL,43,35,36.0,1301.5,46854.0,2024-05-16
2024051601024741,HDL,11,35,50.0,1302.0,65100.0,2024-05-16
2024051601024740,HDL,41,35,54.0,1302.0,70308.0,2024-05-16
2024051601024739,HDL,42,35,50.0,1302.1,65105.0,2024-05-16
2024051601024738,HDL,50,35,20.0,1302.1,26042.0,2024-05-16
2024051601024737,HDL,47,35,20.0,1302.3,26046.0,2024-05-16
2024051601024736,HDL,38,35,10.0,1302.5,13025.0,2024-05-16
2024051601024735,HDL,34,35,10.0,1302.5,13025.0,2024-05-16
2024051601024734,GCIL,60,44,200.0,482.0,96400.0,2024-05-16
2024051603019095,MNBBL,45,35,192.0,347.0,66624.0,2024-05-16
2024051601024733,SGHC,4,44,10.0,318.0,3180.0,2024-05-16
2024051603019094,MPFL,49,8,34.0,433.0,14722.0,2024-05-16
2024051603019093,PFL,41,71,700.0,680.3,476210.0,2024-05-16
2024051603019092,PFL,41,26,3000.0,680.0,2040000.0,2024-05-16
2024051603019091,PFL,41,46,28.0,680.0,19040.0,2024-05-16
2024051603019090,PFL,41,57,500.0,680.0,340000.0,2024-05-16
2024051603019089,PFL,41,10,25.0,680.0,17000.0,2024-05-16
2024051603019088,PFL,41,43,19.0,680.0,12920.0,2024-05-16
2024051603019087,PFL,41,5,500.0,680.0,340000.0,2024-05-16
2024051603019086,PFL,41,58,80.0,680.0,54400.0,2024-05-16
2024051603019085,PFL,41,71,200.0,680.0,136000.0,2024-05-16
2024051603019084,PFL,41,34,50.0,680.0,34000.0,2024-05-16
2024051603019083,PFL,41,62,1000.0,680.0,680000.0,2024-05-16
2024051603019082,PFL,41,6,125.0,680.0,85000.0,2024-05-16
2024051603019081,PFL,41,42,59.0,680.0,40120.0,2024-05-16
2024051603019080,PFL,41,71,4000.0,680.0,2720000.0,2024-05-16
2024051603019079,PFL,41,14,100.0,680.0,68000.0,2024-05-16
2024051603019078,PFL,41,41,95.0,677.2,64334.0,2024-05-16
2024051603019077,PFL,41,64,1000.0,677.2,677200.0,2024-05-16
2024051603019076,PFL,41,34,200.0,677.2,135440.0,2024-05-16
2024051603019075,PFL,41,26,100.0,677.2,67720.0,2024-05-16
2024051603019074,PFL,41,57,720.0,677.2,487584.0,2024-05-16
2024051603019073,PFL,41,32,200.0,677.2,135440.0,2024-05-16
2024051603019072,PFL,41,13,2900.0,677.2,1963880.0,2024-05-16
2024051603019071,PFL,41,95,100.0,677.0,67700.0,2024-05-16
2024051603019070,PFL,41,19,200.0,677.0,135400.0,2024-05-16
2024051603019069,PFL,41,58,350.0,677.0,236950.0,2024-05-16
2024051603019068,PFL,41,38,200.0,677.0,135400.0,2024-05-16
2024051603019067,PFL,41,71,100.0,677.0,67700.0,2024-05-16
2024051603019066,PFL,41,71,120.0,673.2,80784.0,2024-05-16
2024051603019065,PFL,41,71,280.0,673.2,188496.0,2024-05-16
2024051603019064,PFL,41,71,400.0,673.2,269280.0,2024-05-16
2024051603019063,PFL,41,71,450.0,673.2,302940.0,2024-05-16
2024051603019062,PFL,41,44,224.0,673.2,150796.8,2024-05-16
2024051603019061,PFL,41,71,500.0,673.2,336600.0,2024-05-16
2024051603019060,PFL,41,8,500.0,673.2,336600.0,2024-05-16
2024051603019059,PFL,41,71,426.0,673.1,286740.6,2024-05-16
2024051603019058,PFL,41,28,116.0,673.0,78068.0,2024-05-16
2024051603019057,PFL,41,36,100.0,673.0,67300.0,2024-05-16
2024051603019056,PFL,41,3,10.0,673.0,6730.0,2024-05-16
2024051603019055,PFL,41,34,127.0,673.0,85471.0,2024-05-16
2024051603019054,PFL,41,14,10.0,673.0,6730.0,2024-05-16
2024051603019053,PFL,41,46,30.0,673.0,20190.0,2024-05-16
2024051603019052,PFL,41,74,200.0,673.0,134600.0,2024-05-16
2024051603019051,PFL,41,49,50.0,673.0,33650.0,2024-05-16
2024051603019050,PFL,41,72,100.0,673.0,67300.0,2024-05-16
2024051603019049,PFL,41,42,300.0,673.0,201900.0,2024-05-16
2024051603019048,PFL,41,71,150.0,673.0,100950.0,2024-05-16
2024051603019047,PFL,41,36,20.0,673.0,13460.0,2024-05-16
2024051603019046,PFL,41,45,50.0,672.9,33645.0,2024-05-16
2024051603019045,PFL,41,17,1000.0,672.9,672900.0,2024-05-16
2024051603019044,PFL,41,45,125.0,672.8,84100.0,2024-05-16
2024051603019043,PFL,41,39,200.0,672.1,134420.0,2024-05-16
2024051603019042,PFL,41,35,20.0,672.1,13442.0,2024-05-16
2024051603019041,PFL,41,88,250.0,672.1,168025.0,2024-05-16
2024051603019040,PFL,41,7,60.0,672.0,40320.0,2024-05-16
2024051603019039,PFL,41,95,100.0,672.0,67200.0,2024-05-16
2024051603019038,PFL,41,34,50.0,672.0,33600.0,2024-05-16
2024051603019037,PFL,41,36,50.0,672.0,33600.0,2024-05-16
2024051603019036,PFL,41,71,115.0,671.2,77188.0,2024-05-16
2024051603019035,PFL,41,52,10.0,671.1,6711.0,2024-05-16
2024051603019034,PFL,41,41,100.0,671.1,67110.0,2024-05-16
2024051603019033,PFL,41,71,140.0,671.0,93940.0,2024-05-16
2024051603019032,PFL,41,33,200.0,671.0,134200.0,2024-05-16
2024051603019031,PFL,41,41,300.0,671.0,201300.0,2024-05-16
2024051603019030,PFL,41,55,20.0,670.2,13404.0,2024-05-16
2024051603019029,PFL,41,28,1000.0,670.1,670100.0,2024-05-16
2024051603019028,PFL,41,52,100.0,670.1,67010.0,2024-05-16
2024051603019027,PFL,41,37,60.0,670.1,40206.0,2024-05-16
2024051603019026,PFL,41,18,100.0,670.1,67010.0,2024-05-16
2024051603019025,PFL,41,25,500.0,670.0,335000.0,2024-05-16
2024051603019024,PFL,41,10,500.0,670.0,335000.0,2024-05-16
2024051603019023,PFL,41,62,50.0,670.0,33500.0,2024-05-16
2024051603019022,PFL,41,40,100.0,670.0,67000.0,2024-05-16
2024051603019021,PFL,41,34,108.0,670.0,72360.0,2024-05-16
2024051603019020,PFL,41,6,500.0,670.0,335000.0,2024-05-16
2024051603019019,PFL,41,45,40.0,670.0,26800.0,2024-05-16
2024051603019018,PFL,41,41,100.0,670.0,67000.0,2024-05-16
2024051603019017,PFL,41,72,655.0,670.0,438850.0,2024-05-16
2024051603019016,PFL,41,22,500.0,670.0,335000.0,2024-05-16
2024051603019015,PFL,41,71,158.0,670.0,105860.0,2024-05-16
2024051603019014,PFL,41,49,100.0,670.0,67000.0,2024-05-16
2024051603019013,PFL,41,38,20.0,670.0,13400.0,2024-05-16
2024051603019012,PFL,41,42,10.0,670.0,6700.0,2024-05-16
2024051603019011,PFL,41,8,290.0,670.0,194300.0,2024-05-16
2024051603019010,PFL,41,3,500.0,670.0,335000.0,2024-05-16
2024051603019009,PFL,41,57,598.0,670.0,400660.0,2024-05-16
2024051603019008,PFL,41,57,1000.0,670.0,670000.0,2024-05-16
2024051603019007,PFL,41,32,50.0,670.0,33500.0,2024-05-16
2024051603019006,PFL,41,45,100.0,670.0,67000.0,2024-05-16
2024051603019005,PFL,41,58,311.0,670.0,208370.0,2024-05-16
2024051603019004,PFL,41,33,1000.0,670.0,670000.0,2024-05-16
2024051603019003,PFL,41,58,10.0,670.0,6700.0,2024-05-16
2024051603019002,PFL,41,43,500.0,670.0,335000.0,2024-05-16
2024051603019001,PFL,41,25,100.0,670.0,67000.0,2024-05-16
2024051603019000,PFL,41,8,200.0,670.0,134000.0,2024-05-16
2024051603018999,PFL,41,43,104.0,670.0,69680.0,2024-05-16
2024051603018998,PFL,41,34,20.0,670.0,13400.0,2024-05-16
2024051603018997,PFL,41,51,20.0,670.0,13400.0,2024-05-16
2024051603018996,PFL,41,7,150.0,670.0,100500.0,2024-05-16
2024051603018995,PFL,41,1,168.0,670.0,112560.0,2024-05-16
2024051603018994,PFL,41,25,200.0,670.0,134000.0,2024-05-16
2024051603018993,PFL,41,41,1200.0,670.0,804000.0,2024-05-16
2024051603018992,PFL,41,45,500.0,670.0,335000.0,2024-05-16
2024051603018991,PFL,41,41,100.0,670.0,67000.0,2024-05-16
2024051603018990,PFL,41,6,50.0,670.0,33500.0,2024-05-16
2024051603018989,PFL,41,35,28.0,670.0,18760.0,2024-05-16
2024051603018988,PFL,41,7,343.0,670.0,229810.0,2024-05-16
2024051603018987,PFL,41,7,40.0,670.0,26800.0,2024-05-16
2024051603018986,PFL,41,32,150.0,670.0,100500.0,2024-05-16
2024051603018985,PFL,41,18,52.0,670.0,34840.0,2024-05-16
2024051603018984,PFL,41,34,200.0,670.0,134000.0,2024-05-16
2024051603018983,PFL,41,74,200.0,669.9,133980.0,2024-05-16
2024051603018982,PFL,41,32,1000.0,669.0,669000.0,2024-05-16
2024051603018981,PFL,41,44,500.0,669.0,334500.0,2024-05-16
2024051603018980,PFL,41,48,500.0,669.0,334500.0,2024-05-16
2024051603018979,PFL,41,6,500.0,669.0,334500.0,2024-05-16
2024051603018978,PFL,41,53,500.0,668.2,334100.0,2024-05-16
2024051603018977,PFL,41,85,1000.0,668.1,668100.0,2024-05-16
2024051603018976,PFL,41,57,200.0,668.1,133620.0,2024-05-16
2024051603018975,PFL,41,52,494.0,668.1,330041.4,2024-05-16
2024051603018974,PFL,41,52,500.0,668.1,334050.0,2024-05-16
2024051603018973,PFL,41,53,500.0,668.1,334050.0,2024-05-16
2024051603018972,PFL,41,52,1015.0,668.1,678121.5,2024-05-16
2024051603018971,PFL,41,3,500.0,668.1,334050.0,2024-05-16
2024051603018970,PFL,41,51,500.0,668.1,334050.0,2024-05-16
2024051603018969,PFL,41,42,50.0,668.1,33405.0,2024-05-16
2024051603018968,PFL,41,34,2000.0,668.0,1336000.0,2024-05-16
2024051603018967,PFL,41,41,200.0,668.0,133600.0,2024-05-16
2024051603018966,PFL,41,34,50.0,668.0,33400.0,2024-05-16
2024051603018965,PFL,41,6,1000.0,668.0,668000.0,2024-05-16
2024051603018964,PFL,41,11,950.0,668.0,634600.0,2024-05-16
2024051603018963,PFL,41,65,100.0,668.0,66800.0,2024-05-16
2024051603018962,PFL,41,44,500.0,668.0,334000.0,2024-05-16
2024051603018961,PFL,41,71,240.0,668.0,160320.0,2024-05-16
2024051603018960,PFL,41,67,500.0,668.0,334000.0,2024-05-16
2024051603018959,PFL,41,3,500.0,668.0,334000.0,2024-05-16
2024051603018958,PFL,41,10,10.0,668.0,6680.0,2024-05-16
2024051603018957,PFL,41,19,200.0,668.0,133600.0,2024-05-16
2024051603018956,PFL,41,33,1000.0,668.0,668000.0,2024-05-16
2024051603018955,PFL,41,33,1000.0,668.0,668000.0,2024-05-16
2024051603018954,PFL,41,36,100.0,668.0,66800.0,2024-05-16
2024051603018953,PFL,41,50,100.0,668.0,66800.0,2024-05-16
2024051603018952,PFL,41,55,1450.0,667.9,968455.0,2024-05-16
2024051603018951,PFL,41,25,1000.0,667.9,667900.0,2024-05-16
2024051603018950,PFL,41,71,2000.0,667.9,1335800.0,2024-05-16
2024051603018949,PFL,41,19,100.0,667.9,66790.0,2024-05-16
2024051603018948,PFL,41,51,40.0,667.7,26708.0,2024-05-16
2024051603018947,PFL,41,74,800.0,667.7,534160.0,2024-05-16
2024051603018946,PFL,41,52,757.0,667.0,504919.0,2024-05-16
2024051603018945,PFL,41,44,500.0,667.0,333500.0,2024-05-16
2024051603018944,PFL,41,28,1000.0,667.0,667000.0,2024-05-16
2024051603018943,PFL,41,29,500.0,667.0,333500.0,2024-05-16
2024051603018942,PFL,41,56,250.0,667.0,166750.0,2024-05-16
2024051603018941,PFL,41,71,250.0,667.0,166750.0,2024-05-16
2024051603018940,PFL,41,34,100.0,667.0,66700.0,2024-05-16
2024051603018939,PFL,41,26,100.0,667.0,66700.0,2024-05-16
2024051603018938,PFL,41,58,50.0,667.0,33350.0,2024-05-16
2024051603018937,PFL,41,33,200.0,667.0,133400.0,2024-05-16
2024051603018936,PFL,41,71,100.0,667.0,66700.0,2024-05-16
2024051603018935,PFL,41,51,27.0,667.0,18009.0,2024-05-16
2024051603018934,PFL,41,16,128.0,667.0,85376.0,2024-05-16
2024051603018933,PFL,41,49,17.0,667.0,11339.0,2024-05-16
2024051603018932,PFL,41,22,500.0,667.0,333500.0,2024-05-16
2024051603018931,PFL,41,28,250.0,667.0,166750.0,2024-05-16
2024051603018930,PFL,41,71,180.0,666.3,119934.0,2024-05-16
2024051603018929,PFL,41,71,990.0,666.3,659637.0,2024-05-16
2024051603018928,PFL,41,37,100.0,666.0,66600.0,2024-05-16
2024051603018927,PFL,41,71,500.0,666.0,333000.0,2024-05-16
2024051603018926,PFL,41,71,500.0,666.0,333000.0,2024-05-16
2024051603018925,PFL,41,45,10.0,666.0,6660.0,2024-05-16
2024051603018924,PFL,41,48,17.0,666.0,11322.0,2024-05-16
2024051603018923,PFL,41,49,16.0,666.0,10656.0,2024-05-16
2024051603018922,PFL,41,28,800.0,666.0,532800.0,2024-05-16
2024051603018921,PFL,41,45,100.0,665.7,66570.0,2024-05-16
2024051603018920,PFL,41,51,300.0,665.0,199500.0,2024-05-16
2024051603018919,PFL,41,67,3500.0,665.0,2327500.0,2024-05-16
2024051603018918,PFL,41,3,150.0,665.0,99750.0,2024-05-16
2024051603018917,PFL,41,25,30.0,665.0,19950.0,2024-05-16
2024051603018916,PFL,41,8,70.0,665.0,46550.0,2024-05-16
2024051603018915,PFL,41,66,1000.0,665.0,665000.0,2024-05-16
2024051603018914,PFL,41,28,260.0,665.0,172900.0,2024-05-16
2024051603018913,PFL,41,14,300.0,665.0,199500.0,2024-05-16
2024051603018912,PFL,41,58,33.0,665.0,21945.0,2024-05-16
2024051603018911,PFL,41,59,17.0,665.0,11305.0,2024-05-16
2024051603018910,PFL,41,17,300.0,664.1,199230.0,2024-05-16
2024051603018909,PFL,41,71,710.0,664.0,471440.0,2024-05-16
2024051603018908,PFL,41,74,200.0,664.0,132800.0,2024-05-16
2024051603018907,PFL,41,66,1000.0,664.0,664000.0,2024-05-16
2024051603018906,PFL,41,70,1000.0,664.0,664000.0,2024-05-16
2024051603018905,PFL,41,57,10.0,663.0,6630.0,2024-05-16
2024051603018904,PFL,41,22,100.0,663.0,66300.0,2024-05-16
2024051603018903,PFL,41,58,2000.0,663.0,1326000.0,2024-05-16
2024051603018902,PFL,41,43,5000.0,663.0,3315000.0,2024-05-16
2024051603018901,PFL,41,43,5000.0,663.0,3315000.0,2024-05-16
2024051603018900,PFL,41,54,230.0,663.0,152490.0,2024-05-16
2024051603018899,PFL,41,22,100.0,663.0,66300.0,2024-05-16
2024051603018898,PFL,41,71,500.0,663.0,331500.0,2024-05-16
2024051603018897,PFL,41,35,500.0,662.0,331000.0,2024-05-16
2024051603018896,PFL,41,14,35.0,662.0,23170.0,2024-05-16
2024051603018895,PFL,41,22,100.0,661.0,66100.0,2024-05-16
2024051603018894,PFL,41,17,500.0,661.0,330500.0,2024-05-16
2024051603018893,PFL,41,52,1000.0,660.0,660000.0,2024-05-16
2024051603018892,PFL,41,42,40.0,660.0,26400.0,2024-05-16
2024051603018891,PFL,41,20,500.0,660.0,330000.0,2024-05-16
2024051603018890,PFL,41,8,1000.0,660.0,660000.0,2024-05-16
2024051603018889,PFL,41,21,101.0,660.0,66660.0,2024-05-16
2024051603018888,PFL,41,53,30.0,660.0,19800.0,2024-05-16
2024051603018887,PFL,41,53,20.0,660.0,13200.0,2024-05-16
2024051603018886,PFL,41,58,170.0,660.0,112200.0,2024-05-16
2024051603018885,PFL,41,22,500.0,660.0,330000.0,2024-05-16
2024051603018884,PFL,41,37,33.0,660.0,21780.0,2024-05-16
2024051603018883,PFL,41,11,10.0,660.0,6600.0,2024-05-16
2024051603018882,PFL,41,69,410.0,659.9,270559.0,2024-05-16
2024051603018881,PFL,41,71,10.0,659.9,6599.0,2024-05-16
2024051603018880,PFL,41,45,200.0,659.0,131800.0,2024-05-16
2024051603018879,PFL,41,55,200.0,659.0,131800.0,2024-05-16
2024051603018878,PFL,41,42,17.0,659.0,11203.0,2024-05-16
2024051603018877,PFL,41,33,100.0,659.0,65900.0,2024-05-16
2024051603018876,PFL,41,65,262.0,659.0,172658.0,2024-05-16
2024051603018875,PFL,41,62,100.0,658.3,65830.0,2024-05-16
2024051603018874,PFL,41,6,110.0,658.0,72380.0,2024-05-16
2024051603018873,PFL,41,45,250.0,657.0,164250.0,2024-05-16
2024051603018872,PFL,41,8,20.0,657.0,13140.0,2024-05-16
2024051603018871,PFL,41,6,40.0,657.0,26280.0,2024-05-16
2024051603018870,PFL,41,21,60.0,657.0,39420.0,2024-05-16
2024051603018869,PFL,41,39,158.0,655.0,103490.0,2024-05-16
2024051603018868,PFL,41,16,150.0,650.0,97500.0,2024-05-16
2024051603018867,PFL,41,36,100.0,650.0,65000.0,2024-05-16
2024051603018866,PFL,41,43,212.0,648.0,137376.0,2024-05-16
2024051603018865,SAPDBL,57,13,10.0,323.0,3230.0,2024-05-16
2024051601024732,DOLTI,57,6,140.0,406.0,56840.0,2024-05-16
2024051605005433,NIFRA,58,45,22.0,196.8,4329.6,2024-05-16
2024051604007248,NHDL,41,62,50.0,467.0,23350.0,2024-05-16
2024051601024731,MLBS,39,59,10.0,1410.0,14100.0,2024-05-16
2024051604007247,SICL,94,45,35.0,695.0,24325.0,2024-05-16
2024051604007246,SICL,94,33,40.0,694.9,27796.0,2024-05-16
2024051604007245,SICL,94,21,50.0,694.0,34700.0,2024-05-16
2024051604007244,SICL,94,34,500.0,694.0,347000.0,2024-05-16
2024051604007243,SICL,94,13,10.0,693.9,6939.0,2024-05-16
2024051603018864,GUFL,41,94,2289.0,692.0,1583988.0,2024-05-16
2024051601024730,HBL,14,32,530.0,175.6,93068.0,2024-05-16
2024051603018863,GUFL,41,35,50.0,692.0,34600.0,2024-05-16
2024051603018862,GUFL,43,35,50.0,692.1,34605.0,2024-05-16
2024051603018861,MNBBL,25,42,25.0,346.5,8662.5,2024-05-16
2024051603018860,MNBBL,57,42,75.0,346.5,25987.5,2024-05-16
2024051601024729,GCIL,56,42,11.0,481.0,5291.0,2024-05-16
2024051605005432,HRL,11,21,20.0,557.0,11140.0,2024-05-16
2024051605005431,HRL,36,21,10.0,557.6,5576.0,2024-05-16
2024051601024728,RHGCL,74,21,10.0,380.1,3801.0,2024-05-16
2024051601024727,USHL,36,45,20.0,462.1,9242.0,2024-05-16
2024051601024726,JBLB,41,33,16.0,1471.0,23536.0,2024-05-16
2024051601024725,EHPL,41,72,30.0,448.0,13440.0,2024-05-16
2024051604007242,OHL,57,50,10.0,752.1,7521.0,2024-05-16
2024051604007241,CGH,7,57,190.0,790.0,150100.0,2024-05-16
2024051604007240,CGH,22,57,10.0,790.0,7900.0,2024-05-16
2024051603018859,NFS,38,62,50.0,520.0,26000.0,2024-05-16
2024051603018858,NFS,87,62,10.0,520.0,5200.0,2024-05-16
2024051603018857,NFS,41,62,40.0,520.0,20800.0,2024-05-16
2024051601024724,SONA,77,38,200.0,446.8,89360.0,2024-05-16
2024051603018856,GILB,48,35,100.0,1242.1,124210.0,2024-05-16
2024051604007239,NIL,64,58,150.0,790.0,118500.0,2024-05-16
2024051601024723,NYADI,53,5,10.0,287.1,2871.0,2024-05-16
2024051601024722,NIMB,42,38,83.0,157.0,13031.0,2024-05-16
2024051604007238,RADHI,58,35,100.0,234.0,23400.0,2024-05-16
2024051603018855,KRBL,42,56,750.0,425.0,318750.0,2024-05-16
2024051603018854,KRBL,54,56,200.0,425.0,85000.0,2024-05-16
2024051603018853,KRBL,38,56,50.0,425.2,21260.0,2024-05-16
2024051603018852,JFL,55,19,518.0,510.0,264180.0,2024-05-16
2024051603018851,JFL,55,94,31.0,508.0,15748.0,2024-05-16
2024051603018850,WNLB,38,32,20.0,1446.0,28920.0,2024-05-16
2024051605005430,HRL,36,57,10.0,557.6,5576.0,2024-05-16
2024051601024721,MEL,6,36,250.0,227.8,56950.0,2024-05-16
2024051601024720,MEL,45,36,50.0,228.0,11400.0,2024-05-16
2024051601024719,MEL,63,36,100.0,228.0,22800.0,2024-05-16
2024051601024718,MKLB,58,16,282.0,1140.0,321480.0,2024-05-16
2024051601024717,MKLB,58,16,100.0,1140.0,114000.0,2024-05-16
2024051601024716,MKLB,44,16,200.0,1140.3,228060.0,2024-05-16
2024051601024715,MKLB,53,16,100.0,1141.0,114100.0,2024-05-16
2024051601024714,MKLB,58,16,100.0,1141.0,114100.0,2024-05-16
2024051601024713,MKLB,7,16,90.0,1142.1,102789.0,2024-05-16
2024051601024712,MKLB,46,16,20.0,1143.5,22870.0,2024-05-16
2024051601024711,MKLB,56,16,39.0,1145.0,44655.0,2024-05-16
2024051601024710,MKLB,32,16,30.0,1146.0,34380.0,2024-05-16
2024051601024709,MKLB,56,16,39.0,1146.0,44694.0,2024-05-16
2024051603018849,SKBBL,16,6,50.0,828.0,41400.0,2024-05-16
2024051603018848,PFL,44,43,100.0,648.0,64800.0,2024-05-16
2024051603018847,PFL,19,43,50.0,648.0,32400.0,2024-05-16
2024051603018846,PFL,54,43,48.0,648.0,31104.0,2024-05-16
2024051603018845,PFL,61,43,190.0,648.1,123139.0,2024-05-16
2024051601024708,SCB,45,34,10.0,547.0,5470.0,2024-05-16
2024051601024707,SCB,77,6,10.0,547.9,5479.0,2024-05-16
2024051603018844,NADEP,49,45,142.0,795.0,112890.0,2024-05-16
2024051601024706,ULBSL,48,36,20.0,1900.0,38000.0,2024-05-16
2024051603018843,WNLB,58,53,10.0,1450.0,14500.0,2024-05-16
2024051601024705,MAKAR,53,57,10.0,370.0,3700.0,2024-05-16
2024051601024704,BEDC,57,14,20.0,363.0,7260.0,2024-05-16
2024051601024703,BEDC,42,14,100.0,363.0,36300.0,2024-05-16
2024051601024702,BEDC,21,14,30.0,363.0,10890.0,2024-05-16
2024051601024701,NRM,55,35,50.0,377.0,18850.0,2024-05-16
2024051603018842,NFS,41,71,60.0,520.0,31200.0,2024-05-16
2024051603018841,NFS,90,71,200.0,520.0,104000.0,2024-05-16
2024051603018840,NFS,14,71,50.0,520.0,26000.0,2024-05-16
2024051603018839,NFS,43,71,100.0,520.0,52000.0,2024-05-16
2024051603018838,NFS,8,71,45.0,520.0,23400.0,2024-05-16
2024051603018837,NFS,87,71,10.0,520.0,5200.0,2024-05-16
2024051603018836,NFS,34,71,100.0,520.0,52000.0,2024-05-16
2024051603018835,NFS,82,71,200.0,520.0,104000.0,2024-05-16
2024051603018834,NFS,57,71,200.0,520.0,104000.0,2024-05-16
2024051603018833,NFS,54,71,35.0,520.0,18200.0,2024-05-16
2024051604007237,UNHPL,45,42,100.0,219.2,21920.0,2024-05-16
2024051603018832,RLFL,42,91,1560.0,385.3,601068.0,2024-05-16
2024051603018831,RLFL,4,91,1020.0,385.4,393108.0,2024-05-16
2024051603018830,RLFL,42,91,20.0,385.5,7710.0,2024-05-16
2024051601024700,DOLTI,26,6,50.0,406.0,20300.0,2024-05-16
2024051601024699,MKHC,26,25,10.0,307.0,3070.0,2024-05-16
2024051601024698,MKHC,26,42,480.0,307.0,147360.0,2024-05-16
2024051601024697,SONA,45,45,150.0,446.2,66930.0,2024-05-16
2024051603018829,MPFL,18,29,65.0,436.0,28340.0,2024-05-16
2024051603018828,MPFL,18,55,35.0,435.0,15225.0,2024-05-16
2024051601024696,SAHAS,36,90,50.0,502.0,25100.0,2024-05-16
2024051601024695,DORDI,43,41,50.0,400.0,20000.0,2024-05-16
2024051603018827,ILBS,34,67,70.0,1378.0,96460.0,2024-05-16
2024051603018826,ILBS,34,81,456.0,1375.0,627000.0,2024-05-16
2024051603018825,ILBS,34,34,50.0,1375.0,68750.0,2024-05-16
2024051603018824,ILBS,34,56,19.0,1370.0,26030.0,2024-05-16
2024051603018823,ILBS,34,94,60.0,1370.0,82200.0,2024-05-16
2024051603018822,ILBS,34,38,18.0,1370.0,24660.0,2024-05-16
2024051603018821,ILBS,34,77,59.0,1370.0,80830.0,2024-05-16
2024051603018820,ILBS,34,29,100.0,1370.0,137000.0,2024-05-16
2024051603018819,ILBS,34,32,11.0,1369.9,15068.9,2024-05-16
2024051603018818,ILBS,34,36,36.0,1365.0,49140.0,2024-05-16
2024051603018817,ILBS,34,50,30.0,1365.0,40950.0,2024-05-16
2024051603018816,ILBS,34,67,120.0,1365.0,163800.0,2024-05-16
2024051603018815,ILBS,34,56,81.0,1364.0,110484.0,2024-05-16
2024051603018814,ILBS,34,55,200.0,1360.0,272000.0,2024-05-16
2024051603018813,ILBS,34,58,14.0,1360.0,19040.0,2024-05-16
2024051603018812,ILBS,34,19,19.0,1360.0,25840.0,2024-05-16
2024051603018811,ILBS,34,57,10.0,1360.0,13600.0,2024-05-16
2024051603018810,ILBS,34,45,54.0,1358.0,73332.0,2024-05-16
2024051603018809,ILBS,34,22,79.0,1355.0,107045.0,2024-05-16
2024051603018808,ILBS,34,58,14.0,1351.0,18914.0,2024-05-16
2024051603018807,GILB,34,21,52.0,1249.0,64948.0,2024-05-16
2024051603018806,GILB,34,49,100.0,1249.0,124900.0,2024-05-16
2024051603018805,GILB,34,36,208.0,1246.0,259168.0,2024-05-16
2024051603018804,GILB,34,65,100.0,1245.0,124500.0,2024-05-16
2024051603018803,GILB,34,13,200.0,1245.0,249000.0,2024-05-16
2024051603018802,GILB,34,46,72.0,1245.0,89640.0,2024-05-16
2024051603018801,GILB,34,51,110.0,1245.0,136950.0,2024-05-16
2024051603018800,GILB,34,8,100.0,1244.9,124490.0,2024-05-16
2024051603018799,GILB,34,8,55.0,1243.0,68365.0,2024-05-16
2024051604007236,HURJA,26,41,91.0,280.0,25480.0,2024-05-16
2024051604007235,HURJA,45,41,200.0,280.1,56020.0,2024-05-16
2024051604007234,HURJA,49,41,700.0,282.0,197400.0,2024-05-16
2024051604007233,BARUN,57,36,10.0,234.0,2340.0,2024-05-16
2024051603018798,MSLB,55,57,50.0,1280.0,64000.0,2024-05-16
2024051603018797,JSLBB,49,26,90.0,1460.0,131400.0,2024-05-16
2024051603018796,JSLBB,49,53,10.0,1460.0,14600.0,2024-05-16
2024051603018795,GUFL,49,36,30.0,693.0,20790.0,2024-05-16
2024051605005429,HRL,58,26,10.0,557.6,5576.0,2024-05-16
2024051603018794,NLIC,58,87,10.0,586.9,5869.0,2024-05-16
2024051604007232,SSHL,17,49,10.0,163.0,1630.0,2024-05-16
2024051604007231,SSHL,17,44,290.0,162.0,46980.0,2024-05-16
2024051604007230,UAIL,52,17,10.0,576.0,5760.0,2024-05-16
2024051601024694,MKHC,65,42,10.0,307.0,3070.0,2024-05-16
2024051601024693,SONA,57,33,200.0,446.0,89200.0,2024-05-16
2024051601024692,NRM,95,35,250.0,377.0,94250.0,2024-05-16
2024051601024691,NRM,49,35,10.0,377.0,3770.0,2024-05-16
2024051601024690,NRM,32,35,500.0,377.0,188500.0,2024-05-16
2024051601024689,NRM,38,35,55.0,377.1,20740.5,2024-05-16
2024051605005428,NRIC,35,49,95.0,690.0,65550.0,2024-05-16
2024051605005427,NRIC,35,21,14.0,690.0,9660.0,2024-05-16
2024051605005426,NRIC,35,26,51.0,690.0,35190.0,2024-05-16
2024051605005425,NRIC,35,25,300.0,690.0,207000.0,2024-05-16
2024051605005424,NRIC,35,6,36.0,690.0,24840.0,2024-05-16
2024051605005423,NRIC,35,48,176.0,690.0,121440.0,2024-05-16
2024051605005422,NRIC,35,57,200.0,690.0,138000.0,2024-05-16
2024051605005421,NRIC,35,58,200.0,689.8,137960.0,2024-05-16
2024051605005420,NRIC,35,56,100.0,689.0,68900.0,2024-05-16
2024051605005419,NRIC,35,57,15.0,689.0,10335.0,2024-05-16
2024051605005418,NRIC,35,28,56.0,688.7,38567.2,2024-05-16
2024051605005417,NRIC,35,58,34.0,688.7,23415.8,2024-05-16
2024051605005416,NRIC,35,36,100.0,688.0,68800.0,2024-05-16
2024051605005415,NRIC,35,10,200.0,688.0,137600.0,2024-05-16
2024051605005414,NRIC,35,34,423.0,687.0,290601.0,2024-05-16
2024051601024688,CKHL,54,35,140.0,521.0,72940.0,2024-05-16
2024051601024687,CKHL,48,35,390.0,521.0,203190.0,2024-05-16
2024051601024686,CKHL,47,35,270.0,521.1,140697.0,2024-05-16
2024051601024685,DOLTI,52,6,10.0,406.0,4060.0,2024-05-16
2024051601024684,NRM,55,59,290.0,377.9,109591.0,2024-05-16
2024051603018793,SIFC,42,8,50.0,417.0,20850.0,2024-05-16
2024051601024683,IHL,21,34,10.0,386.0,3860.0,2024-05-16
2024051603018792,MNBBL,43,35,10.0,347.0,3470.0,2024-05-16
2024051601024682,SARBTM,62,34,49.0,809.0,39641.0,2024-05-16
2024051601024681,SARBTM,62,86,12.0,809.0,9708.0,2024-05-16
2024051601024680,SARBTM,62,11,10.0,808.0,8080.0,2024-05-16
2024051601024679,SARBTM,62,47,19.0,805.0,15295.0,2024-05-16
2024051601024678,SARBTM,62,42,10.0,805.0,8050.0,2024-05-16
2024051603018791,HLI,44,51,32.0,399.0,12768.0,2024-05-16
2024051603018790,HLI,44,41,200.0,399.0,79800.0,2024-05-16
2024051603018789,HLI,44,41,200.0,399.0,79800.0,2024-05-16
2024051603018788,HLI,44,42,10.0,399.0,3990.0,2024-05-16
2024051603018787,HLI,44,28,10.0,399.0,3990.0,2024-05-16
2024051603018786,HLI,44,17,10.0,399.0,3990.0,2024-05-16
2024051603018785,HLI,44,45,10.0,399.0,3990.0,2024-05-16
2024051603018784,HLI,44,22,80.0,399.0,31920.0,2024-05-16
2024051603018783,HLI,44,1,256.0,398.0,101888.0,2024-05-16
2024051603018782,HLI,44,58,25.0,397.0,9925.0,2024-05-16
2024051603018781,HLI,44,7,10.0,397.0,3970.0,2024-05-16
2024051603018780,HLI,44,53,50.0,397.0,19850.0,2024-05-16
2024051603018779,HLI,44,58,10.0,396.5,3965.0,2024-05-16
2024051603018778,HLI,44,56,50.0,396.5,19825.0,2024-05-16
2024051603018777,HLI,44,41,300.0,396.0,118800.0,2024-05-16
2024051603018776,HLI,44,75,100.0,396.0,39600.0,2024-05-16
2024051603018775,HLI,44,34,10.0,396.0,3960.0,2024-05-16
2024051603018774,HLI,44,41,50.0,396.0,19800.0,2024-05-16
2024051603018773,HLI,44,35,100.0,395.0,39500.0,2024-05-16
2024051603018772,HLI,44,35,80.0,395.0,31600.0,2024-05-16
2024051601024677,NABIL,49,35,11.0,431.0,4741.0,2024-05-16
2024051603018771,VLBS,58,57,130.0,903.0,117390.0,2024-05-16
2024051603018770,VLBS,58,45,20.0,903.0,18060.0,2024-05-16
2024051601024676,PPL,42,65,50.0,513.0,25650.0,2024-05-16
2024051601024675,PPL,49,65,10.0,513.0,5130.0,2024-05-16
2024051601024674,PPL,25,65,200.0,514.0,102800.0,2024-05-16
2024051601024673,PPL,38,65,90.0,514.0,46260.0,2024-05-16
2024051601024672,PPL,55,65,100.0,520.0,52000.0,2024-05-16
2024051601024671,PPL,58,65,50.0,520.0,26000.0,2024-05-16
2024051604007229,RIDI,43,35,70.0,161.4,11298.0,2024-05-16
2024051604007228,RIDI,58,35,49.0,161.5,7913.5,2024-05-16
2024051604007227,LEC,51,35,100.0,180.0,18000.0,2024-05-16
2024051605005413,CHDC,32,33,10.0,810.0,8100.0,2024-05-16
2024051604007226,UPCL,45,1,100.0,194.0,19400.0,2024-05-16
2024051604007225,UPCL,13,1,100.0,194.0,19400.0,2024-05-16
2024051604007224,UPPER,13,42,1187.0,164.0,194668.0,2024-05-16
2024051601024670,PCBL,57,29,100.0,194.0,19400.0,2024-05-16
2024051601024669,PCBL,53,29,500.0,194.1,97050.0,2024-05-16
2024051601024668,PCBL,49,29,286.0,194.8,55712.8,2024-05-16
2024051601024667,MAKAR,5,45,30.0,365.0,10950.0,2024-05-16
2024051601024666,MAKAR,11,45,10.0,365.1,3651.0,2024-05-16
2024051601024665,MAKAR,33,45,10.0,365.2,3652.0,2024-05-16
2024051601024664,MAKAR,59,45,100.0,366.0,36600.0,2024-05-16
2024051601024663,MAKAR,52,45,100.0,366.0,36600.0,2024-05-16
2024051601024662,MAKAR,32,45,200.0,366.0,73200.0,2024-05-16
2024051601024661,MAKAR,81,45,100.0,366.9,36690.0,2024-05-16
2024051603018769,GILB,41,43,95.0,1242.1,117999.5,2024-05-16
2024051605005412,PSF,10,47,1975.0,8.61,17004.75,2024-05-16
2024051604007223,SHEL,62,52,50.0,153.0,7650.0,2024-05-16
2024051604007222,SHEL,62,85,655.0,153.0,100215.0,2024-05-16
2024051601024660,SCB,28,49,50.0,547.0,27350.0,2024-05-16
2024051601024659,BHL,64,49,10.0,318.5,3185.0,2024-05-16
2024051603018768,LBBL,39,22,250.0,372.0,93000.0,2024-05-16
2024051601024658,MCHL,58,14,10.0,367.0,3670.0,2024-05-16
2024051601024657,JBLB,35,58,10.0,1470.0,14700.0,2024-05-16
2024051603018767,SHINE,53,7,250.0,390.1,97525.0,2024-05-16
2024051601024656,NICA,45,17,2872.0,360.1,1034207.2,2024-05-16
2024051601024655,NICA,58,17,100.0,360.2,36020.0,2024-05-16
2024051601024654,NICA,17,17,1000.0,360.2,360200.0,2024-05-16
2024051601024653,NICA,34,17,10.0,360.3,3603.0,2024-05-16
2024051601024652,NICA,58,17,18.0,360.3,6485.4,2024-05-16
2024051604007221,AHPC,14,51,39.0,162.0,6318.0,2024-05-16
2024051604007220,CGH,19,45,10.0,794.0,7940.0,2024-05-16
2024051601024651,SHIVM,56,35,150.0,498.0,74700.0,2024-05-16
2024051601024650,SONA,57,56,400.0,446.0,178400.0,2024-05-16
2024051601024649,SONA,32,56,100.0,446.1,44610.0,2024-05-16
2024051601024648,DOLTI,36,6,400.0,406.0,162400.0,2024-05-16
2024051601024647,DOLTI,36,71,100.0,406.0,40600.0,2024-05-16
2024051601024646,PPL,29,38,10.0,530.0,5300.0,2024-05-16
2024051604007219,SHL,44,45,661.0,435.2,287667.2,2024-05-16
2024051604007218,SHL,36,45,100.0,435.3,43530.0,2024-05-16
2024051604007217,SHL,32,45,200.0,435.3,87060.0,2024-05-16
2024051601024645,DORDI,87,4,120.0,399.0,47880.0,2024-05-16
2024051601024644,RFPL,71,8,500.0,363.2,181600.0,2024-05-16
2024051604007216,IGI,50,34,418.0,532.0,222376.0,2024-05-16
2024051603018766,JFL,17,62,10.0,507.2,5072.0,2024-05-16
2024051601024643,NRM,38,49,137.0,377.1,51662.7,2024-05-16
2024051601024642,NRM,34,49,263.0,377.2,99203.6,2024-05-16
2024051601024641,CITY,45,33,50.0,588.3,29415.0,2024-05-16
2024051601024640,CITY,47,33,318.0,588.5,187143.0,2024-05-16
2024051601024639,MKHL,37,33,104.0,403.8,41995.2,2024-05-16
2024051601024638,MKHL,90,33,200.0,403.9,80780.0,2024-05-16
2024051601024637,MKHL,10,33,30.0,403.9,12117.0,2024-05-16
2024051601024636,MKHL,10,33,30.0,404.0,12120.0,2024-05-16
2024051601024635,MKHL,42,33,10.0,405.0,4050.0,2024-05-16
2024051601024634,MKHL,58,33,126.0,406.0,51156.0,2024-05-16
2024051603018765,SAPDBL,35,74,150.0,324.0,48600.0,2024-05-16
2024051601024633,MKLB,56,25,10.0,1146.0,11460.0,2024-05-16
2024051601024632,EHPL,42,6,10.0,447.0,4470.0,2024-05-16
2024051603018764,SKBBL,16,45,100.0,828.0,82800.0,2024-05-16
2024051603018763,SWMF,39,43,50.0,840.2,42010.0,2024-05-16
2024051603018762,VLBS,38,8,80.0,900.0,72000.0,2024-05-16
2024051603018761,GFCL,34,13,10.0,456.8,4568.0,2024-05-16
2024051603018760,HLI,49,58,50.0,392.5,19625.0,2024-05-16
2024051601024631,SPC,49,42,40.0,510.9,20436.0,2024-05-16
2024051601024630,SPC,49,58,10.0,510.0,5100.0,2024-05-16
2024051601024629,SPC,49,38,60.0,510.0,30600.0,2024-05-16
2024051601024628,SPC,49,6,90.0,509.9,45891.0,2024-05-16
2024051601024627,SPC,49,14,100.0,508.0,50800.0,2024-05-16
2024051605005411,NRN,58,74,30.0,495.2,14856.0,2024-05-16
2024051603018759,ICFC,58,19,50.0,508.0,25400.0,2024-05-16
2024051601024626,PHCL,19,16,80.0,288.0,23040.0,2024-05-16
2024051603018758,ILBS,82,35,10.0,1350.0,13500.0,2024-05-16
2024051603018757,MPFL,35,55,15.0,435.0,6525.0,2024-05-16
2024051603018756,GUFL,41,25,60.0,692.0,41520.0,2024-05-16
2024051603018755,GBBL,42,42,109.0,365.0,39785.0,2024-05-16
2024051601024625,CLI,34,26,53.0,458.0,24274.0,2024-05-16
2024051601024624,PPL,40,38,10.0,530.0,5300.0,2024-05-16
2024051605005410,ENL,40,6,50.0,838.9,41945.0,2024-05-16
2024051604007215,NHPC,45,38,58.0,146.0,8468.0,2024-05-16
2024051604007214,NHPC,45,1,40.0,146.0,5840.0,2024-05-16
2024051603018754,FMDBL,35,3,32.0,670.0,21440.0,2024-05-16
2024051601024623,TSHL,77,62,12.0,503.0,6036.0,2024-05-16
2024051601024622,TSHL,77,56,89.0,503.0,44767.0,2024-05-16
2024051601024621,PHCL,51,77,10.0,287.3,2873.0,2024-05-16
2024051604007213,API,49,50,169.0,170.2,28763.8,2024-05-16
2024051601024620,GCIL,56,34,11.0,481.0,5291.0,2024-05-16
2024051603018753,MFIL,53,32,10.0,503.9,5039.0,2024-05-16
2024051603018752,MFIL,53,36,13.0,502.0,6526.0,2024-05-16
2024051603018751,SLBBL,53,58,51.0,794.0,40494.0,2024-05-16
2024051603018750,NMFBS,58,62,60.0,1334.0,80040.0,2024-05-16
2024051601024619,ULHC,44,58,10.0,326.0,3260.0,2024-05-16
2024051604007212,AKJCL,32,17,480.0,203.1,97488.0,2024-05-16
2024051604007211,AKJCL,57,17,20.0,203.5,4070.0,2024-05-16
2024051605005409,CIT,38,44,500.0,2110.0,1055000.0,2024-05-16
2024051603018749,LLBS,38,25,54.0,1145.0,61830.0,2024-05-16
2024051603018748,JFL,14,5,99.0,507.3,50222.7,2024-05-16
2024051603018747,FOWAD,25,32,50.0,1261.0,63050.0,2024-05-16
2024051603018746,GMFIL,56,16,10.0,390.0,3900.0,2024-05-16
2024051601024618,CZBIL,35,7,264.0,158.0,41712.0,2024-05-16
2024051601024617,CZBIL,13,7,136.0,158.0,21488.0,2024-05-16
2024051601024616,CZBIL,32,7,100.0,158.5,15850.0,2024-05-16
2024051601024615,NRM,34,91,307.0,377.2,115800.4,2024-05-16
2024051603018745,SADBL,1,85,200.0,318.2,63640.0,2024-05-16
2024051601024614,HHL,49,36,108.0,355.0,38340.0,2024-05-16
2024051605005408,HRL,11,29,67.0,557.0,37319.0,2024-05-16
2024051605005407,HRL,49,29,113.0,557.0,62941.0,2024-05-16
2024051601024613,SMHL,58,29,430.0,436.0,187480.0,2024-05-16
2024051601024612,SMHL,58,29,70.0,436.0,30520.0,2024-05-16
2024051603018744,SJLIC,49,45,100.0,406.0,40600.0,2024-05-16
2024051603018743,SJLIC,36,45,30.0,406.0,12180.0,2024-05-16
2024051603018742,SJLIC,44,45,100.0,406.0,40600.0,2024-05-16
2024051603018741,SJLIC,4,45,20.0,406.0,8120.0,2024-05-16
2024051603018740,SJLIC,54,45,20.0,406.0,8120.0,2024-05-16
2024051603018739,SJLIC,39,45,30.0,406.0,12180.0,2024-05-16
2024051603018738,SJLIC,32,45,19.0,406.0,7714.0,2024-05-16
2024051603018737,SJLIC,58,45,30.0,406.5,12195.0,2024-05-16
2024051603018736,SADBL,45,26,50.0,319.0,15950.0,2024-05-16
2024051601024611,MKLB,56,39,10.0,1146.0,11460.0,2024-05-16
2024051603018735,SMFBS,44,48,20.0,1402.9,28058.0,2024-05-16
2024051604007210,UPPER,13,37,1453.0,164.0,238292.0,2024-05-16
2024051604007209,UPPER,34,37,10.0,164.0,1640.0,2024-05-16
2024051604007208,UPPER,36,37,50.0,164.0,8200.0,2024-05-16
2024051604007207,UPPER,45,37,200.0,164.0,32800.0,2024-05-16
2024051604007206,UPPER,32,37,100.0,164.0,16400.0,2024-05-16
2024051604007205,UPPER,43,37,400.0,164.0,65600.0,2024-05-16
2024051604007204,UPPER,34,37,25.0,164.0,4100.0,2024-05-16
2024051604007203,UPPER,58,37,10.0,164.0,1640.0,2024-05-16
2024051604007202,UPPER,22,37,352.0,164.0,57728.0,2024-05-16
2024051603018734,SWBBL,34,60,589.0,844.0,497116.0,2024-05-16
2024051603018733,SWBBL,34,58,100.0,843.0,84300.0,2024-05-16
2024051603018732,SWBBL,34,47,11.0,840.0,9240.0,2024-05-16
2024051604007201,AKPL,26,34,1000.0,165.0,165000.0,2024-05-16
2024051604007200,UNHPL,58,83,50.0,220.0,11000.0,2024-05-16
2024051601024610,ICFCD83,38,17,150.0,1228.0,184200.0,2024-05-16
2024051601024609,TVCL,14,14,10.0,459.0,4590.0,2024-05-16
2024051603018731,MLBBL,19,17,32.0,1350.0,43200.0,2024-05-16
2024051603018730,MLBBL,4,17,40.0,1350.0,54000.0,2024-05-16
2024051603018729,PFL,61,38,10.0,648.1,6481.0,2024-05-16
2024051604007199,LEC,56,35,100.0,180.0,18000.0,2024-05-16
2024051603018728,NLICL,54,45,200.0,542.0,108400.0,2024-05-16
2024051604007198,SHEL,42,85,23.0,153.0,3519.0,2024-05-16
2024051604007197,SHEL,42,29,77.0,153.0,11781.0,2024-05-16
2024051601024608,ILI,6,36,100.0,538.5,53850.0,2024-05-16
2024051601024607,ILI,18,36,20.0,538.5,10770.0,2024-05-16
2024051601024606,ILI,17,36,200.0,538.5,107700.0,2024-05-16
2024051601024605,ILI,35,36,200.0,538.5,107700.0,2024-05-16
2024051601024604,ILI,52,36,272.0,538.5,146472.0,2024-05-16
2024051603018727,USLB,62,29,69.0,2334.0,161046.0,2024-05-16
2024051603018726,MFIL,38,4,100.0,501.0,50100.0,2024-05-16
2024051603018725,GUFL,41,3,90.0,692.0,62280.0,2024-05-16
2024051604007196,TRH,17,39,100.0,726.2,72620.0,2024-05-16
2024051604007195,TRH,76,39,100.0,726.2,72620.0,2024-05-16
2024051604007194,TRH,76,39,50.0,726.2,36310.0,2024-05-16
2024051604007193,TRH,76,39,50.0,726.2,36310.0,2024-05-16
2024051604007192,TRH,76,39,100.0,726.2,72620.0,2024-05-16
2024051604007191,SJCL,57,35,10.0,269.9,2699.0,2024-05-16
2024051601024603,TAMOR,48,57,100.0,375.8,37580.0,2024-05-16
2024051603018724,NABBC,63,48,10.0,536.0,5360.0,2024-05-16
2024051603018723,MPFL,49,86,120.0,433.0,51960.0,2024-05-16
2024051603018722,MPFL,1,86,160.0,433.0,69280.0,2024-05-16
2024051603018721,MPFL,47,86,100.0,433.1,43310.0,2024-05-16
2024051603018720,MPFL,66,86,200.0,433.2,86640.0,2024-05-16
2024051603018719,MPFL,56,86,100.0,434.0,43400.0,2024-05-16
2024051603018718,MPFL,14,86,20.0,434.0,8680.0,2024-05-16
2024051603018717,SIFC,41,58,295.0,415.5,122572.5,2024-05-16
2024051603018716,SIFC,22,58,320.0,415.6,132992.0,2024-05-16
2024051603018715,SIFC,45,58,240.0,415.6,99744.0,2024-05-16
2024051603018714,SIFC,45,58,70.0,415.7,29099.0,2024-05-16
2024051603018713,SIFC,38,58,100.0,416.0,41600.0,2024-05-16
2024051601024602,VLUCL,17,42,200.0,464.0,92800.0,2024-05-16
2024051603018712,SHINE,58,51,174.0,390.0,67860.0,2024-05-16
2024051603018711,SHINE,37,51,26.0,390.0,10140.0,2024-05-16
2024051601024601,SONA,14,60,94.0,446.1,41933.4,2024-05-16
2024051601024600,SONA,64,60,406.0,446.1,181116.6,2024-05-16
2024051601024599,CITY,47,32,100.0,588.5,58850.0,2024-05-16
2024051604007190,CHCL,56,58,200.0,437.0,87400.0,2024-05-16
2024051601024598,SHIVM,56,63,350.0,498.0,174300.0,2024-05-16
2024051605005406,HRL,49,42,42.0,557.5,23415.0,2024-05-16
2024051601024597,MKJC,1,6,10.0,431.0,4310.0,2024-05-16
2024051605005405,NIFRA,26,59,25.0,196.5,4912.5,2024-05-16
2024051601024596,NICA,57,59,190.0,361.0,68590.0,2024-05-16
2024051601024595,RNLI,41,29,300.0,428.0,128400.0,2024-05-16
2024051603018710,RSDC,17,45,190.0,712.0,135280.0,2024-05-16
2024051603018709,RSDC,48,45,10.0,712.0,7120.0,2024-05-16
2024051603018708,RSDC,57,45,100.0,712.0,71200.0,2024-05-16
2024051603018707,GLBSL,45,41,25.0,2090.0,52250.0,2024-05-16
2024051603018706,ILBS,82,41,28.0,1350.0,37800.0,2024-05-16
2024051601024594,SARBTM,62,86,138.0,809.0,111642.0,2024-05-16
2024051601024593,SARBTM,62,58,25.0,808.5,20212.5,2024-05-16
2024051601024592,SARBTM,62,45,50.0,808.1,40405.0,2024-05-16
2024051601024591,SARBTM,62,63,100.0,808.0,80800.0,2024-05-16
2024051601024590,SARBTM,62,53,187.0,807.0,150909.0,2024-05-16
2024051603018705,ALICL,77,33,10.0,571.0,5710.0,2024-05-16
2024051605005404,HRL,49,62,20.0,557.5,11150.0,2024-05-16
2024051601024589,NRM,34,39,430.0,377.2,162196.0,2024-05-16
2024051601024588,NRM,6,39,70.0,377.8,26446.0,2024-05-16
2024051601024587,NICA,57,22,20.0,361.0,7220.0,2024-05-16
2024051603018704,NMFBS,38,58,10.0,1333.0,13330.0,2024-05-16
2024051604007189,TRH,58,25,30.0,728.0,21840.0,2024-05-16
2024051604007188,TRH,58,34,25.0,728.0,18200.0,2024-05-16
2024051601024586,MEL,58,91,10.0,229.0,2290.0,2024-05-16
2024051603018703,FMDBL,35,11,100.0,670.0,67000.0,2024-05-16
2024051605005403,NRIC,35,34,77.0,687.0,52899.0,2024-05-16
2024051605005402,NRIC,35,7,18.0,687.0,12366.0,2024-05-16
2024051605005401,NRIC,35,45,27.0,687.0,18549.0,2024-05-16
2024051605005400,NRIC,35,22,501.0,686.0,343686.0,2024-05-16
2024051605005399,NRIC,35,56,21.0,685.9,14403.9,2024-05-16
2024051605005398,NRIC,35,6,17.0,685.0,11645.0,2024-05-16
2024051605005397,NRIC,35,7,1025.0,685.0,702125.0,2024-05-16
2024051605005396,NRIC,35,52,226.0,685.0,154810.0,2024-05-16
2024051605005395,NRIC,35,45,38.0,684.0,25992.0,2024-05-16
2024051605005394,NRIC,35,48,40.0,684.0,27360.0,2024-05-16
2024051605005393,NRIC,35,32,10.0,683.9,6839.0,2024-05-16
2024051603018702,SAPDBL,13,8,155.0,323.0,50065.0,2024-05-16
2024051604007187,SHPC,54,34,100.0,328.0,32800.0,2024-05-16
2024051604007186,SHPC,54,14,100.0,327.9,32790.0,2024-05-16
2024051601024585,SMJC,42,13,10.0,363.0,3630.0,2024-05-16
2024051601024584,GBILD86/87,52,36,10.0,985.0,9850.0,2024-05-16
2024051604007185,JOSHI,6,34,10.0,308.0,3080.0,2024-05-16
2024051603018701,SKBBL,16,29,10.0,828.0,8280.0,2024-05-16
2024051603018700,NADEP,1,45,58.0,797.0,46226.0,2024-05-16
2024051603018699,PROFL,47,45,20.0,335.0,6700.0,2024-05-16
2024051601024583,ULHC,44,41,50.0,326.0,16300.0,2024-05-16
2024051601024582,SARBTM,39,53,100.0,807.0,80700.0,2024-05-16
2024051601024581,SMJC,63,13,150.0,363.0,54450.0,2024-05-16
2024051603018698,SKBBL,16,57,87.0,828.0,72036.0,2024-05-16
2024051603018697,SKBBL,33,57,10.0,828.0,8280.0,2024-05-16
2024051605005392,RMF1,57,25,1500.0,7.97,11955.0,2024-05-16
2024051605005391,RMF1,57,58,500.0,7.88,3940.0,2024-05-16
2024051604007184,HDHPC,57,22,300.0,132.0,39600.0,2024-05-16
2024051601024580,MANDU,65,58,10.0,964.9,9649.0,2024-05-16
2024051601024579,MANDU,65,34,10.0,964.9,9649.0,2024-05-16
2024051601024578,MANDU,65,58,10.0,963.9,9639.0,2024-05-16
2024051601024577,MANDU,65,6,250.0,963.9,240975.0,2024-05-16
2024051601024576,MANDU,65,57,10.0,963.9,9639.0,2024-05-16
2024051601024575,MANDU,65,20,11.0,963.9,10602.9,2024-05-16
2024051601024574,MANDU,65,4,10.0,963.9,9639.0,2024-05-16
2024051601024573,MANDU,65,17,10.0,963.9,9639.0,2024-05-16
2024051601024572,MANDU,65,59,10.0,963.0,9630.0,2024-05-16
2024051601024571,MANDU,65,29,10.0,963.0,9630.0,2024-05-16
2024051601024570,MANDU,65,42,10.0,963.0,9630.0,2024-05-16
2024051601024569,MANDU,65,35,10.0,963.0,9630.0,2024-05-16
2024051601024568,MANDU,65,17,350.0,963.0,337050.0,2024-05-16
2024051601024567,MANDU,65,1,10.0,963.0,9630.0,2024-05-16
2024051601024566,MANDU,65,65,10.0,963.0,9630.0,2024-05-16
2024051601024565,MANDU,65,56,50.0,963.0,48150.0,2024-05-16
2024051601024564,MANDU,65,58,10.0,963.0,9630.0,2024-05-16
2024051601024563,MANDU,65,29,10.0,963.0,9630.0,2024-05-16
2024051601024562,MANDU,65,8,10.0,960.0,9600.0,2024-05-16
2024051601024561,MANDU,65,39,10.0,960.0,9600.0,2024-05-16
2024051601024560,MANDU,65,34,26.0,960.0,24960.0,2024-05-16
2024051601024559,MANDU,65,43,20.0,960.0,19200.0,2024-05-16
2024051601024558,MANDU,65,47,10.0,960.0,9600.0,2024-05-16
2024051601024557,MANDU,65,41,10.0,960.0,9600.0,2024-05-16
2024051601024556,MANDU,65,16,110.0,944.0,103840.0,2024-05-16
2024051601024555,SMJC,34,13,90.0,363.0,32670.0,2024-05-16
2024051601024554,SMJC,34,38,10.0,363.0,3630.0,2024-05-16
2024051601024553,SMJC,34,58,10.0,362.0,3620.0,2024-05-16
2024051601024552,SMJC,34,1,10.0,362.0,3620.0,2024-05-16
2024051601024551,SMJC,34,51,10.0,361.8,3618.0,2024-05-16
2024051601024550,SMJC,34,43,50.0,360.0,18000.0,2024-05-16
2024051601024549,SMJC,34,8,10.0,360.0,3600.0,2024-05-16
2024051601024548,SMJC,34,58,10.0,360.0,3600.0,2024-05-16
2024051604007183,RIDI,58,29,51.0,161.5,8236.5,2024-05-16
2024051603018696,BFC,38,45,631.0,389.9,246026.9,2024-05-16
2024051601024547,TPC,35,32,100.0,465.0,46500.0,2024-05-16
2024051601024546,VLUCL,85,26,40.0,465.0,18600.0,2024-05-16
2024051601024545,VLUCL,85,58,10.0,464.0,4640.0,2024-05-16
2024051601024544,NICA,56,42,10.0,361.9,3619.0,2024-05-16
2024051601024543,NBL,42,58,90.0,203.0,18270.0,2024-05-16
2024051601024542,NBL,42,43,10.0,202.5,2025.0,2024-05-16
2024051601024541,EBL,4,16,100.0,510.0,51000.0,2024-05-16
2024051601024540,ADBL,57,45,100.0,241.1,24110.0,2024-05-16
2024051601024539,MKCL,4,62,90.0,885.3,79677.0,2024-05-16
2024051601024538,MKCL,36,62,10.0,886.1,8861.0,2024-05-16
2024051604007182,SHPC,81,44,800.0,327.0,261600.0,2024-05-16
2024051603018695,HLI,44,35,920.0,395.0,363400.0,2024-05-16
2024051603018694,HLI,44,32,100.0,395.0,39500.0,2024-05-16
2024051603018693,HLI,44,5,200.0,395.0,79000.0,2024-05-16
2024051603018692,HLI,44,22,80.0,395.0,31600.0,2024-05-16
2024051603018691,HLI,44,42,10.0,395.0,3950.0,2024-05-16
2024051603018690,HLI,44,32,10.0,395.0,3950.0,2024-05-16
2024051603018689,HLI,44,29,50.0,394.0,19700.0,2024-05-16
2024051603018688,HLI,44,11,100.0,394.0,39400.0,2024-05-16
2024051603018687,HLI,44,57,150.0,394.0,59100.0,2024-05-16
2024051603018686,HLI,44,7,500.0,394.0,197000.0,2024-05-16
2024051603018685,HLI,44,71,480.0,393.6,188928.0,2024-05-16
2024051603018684,HLI,44,45,50.0,393.5,19675.0,2024-05-16
2024051603018683,HLI,44,19,250.0,393.5,98375.0,2024-05-16
2024051603018682,HLI,44,19,100.0,392.5,39250.0,2024-05-16
2024051603018681,USLB,62,57,278.0,2334.0,648852.0,2024-05-16
2024051604007181,IGI,81,34,50.0,532.0,26600.0,2024-05-16
2024051603018680,FOWAD,34,7,200.0,1267.0,253400.0,2024-05-16
2024051603018679,FOWAD,34,51,100.0,1266.9,126690.0,2024-05-16
2024051601024537,IHL,38,94,70.0,380.0,26600.0,2024-05-16
2024051601024536,BNHC,28,14,28.0,520.0,14560.0,2024-05-16
2024051601024535,BNHC,28,57,100.0,520.0,52000.0,2024-05-16
2024051601024534,BNHC,28,34,72.0,520.0,37440.0,2024-05-16
2024051603018678,VLBS,58,45,10.0,903.0,9030.0,2024-05-16
2024051603018677,WNLB,38,32,20.0,1446.0,28920.0,2024-05-16
2024051603018676,MNBBL,57,54,25.0,346.5,8662.5,2024-05-16
2024051603018675,CBBL,54,22,30.0,851.9,25557.0,2024-05-16
2024051603018674,DDBL,28,21,171.0,753.1,128780.1,2024-05-16
2024051601024533,MKHL,58,29,10.0,406.0,4060.0,2024-05-16
2024051604007180,LEC,68,46,89.0,179.5,15975.5,2024-05-16
2024051604007179,LEC,29,46,50.0,179.5,8975.0,2024-05-16
2024051604007178,LEC,32,46,111.0,179.5,19924.5,2024-05-16
2024051603018673,NADEP,1,41,22.0,797.0,17534.0,2024-05-16
2024051603018672,NADEP,1,41,28.0,797.9,22341.2,2024-05-16
2024051603018671,NFS,54,45,65.0,520.0,33800.0,2024-05-16
2024051603018670,NFS,22,45,50.0,520.0,26000.0,2024-05-16
2024051603018669,NFS,59,45,100.0,520.0,52000.0,2024-05-16
2024051603018668,NFS,43,45,15.0,520.0,7800.0,2024-05-16
2024051603018667,NFS,45,45,20.0,520.0,10400.0,2024-05-16
2024051603018666,NFS,1,45,50.0,520.0,26000.0,2024-05-16
2024051603018665,NFS,19,45,20.0,520.0,10400.0,2024-05-16
2024051603018664,NFS,59,45,10.0,520.0,5200.0,2024-05-16
2024051603018663,NFS,1,45,70.0,520.0,36400.0,2024-05-16
2024051603018662,NADEP,45,42,100.0,798.0,79800.0,2024-05-16
2024051601024532,NMB,53,42,10.0,179.6,1796.0,2024-05-16
2024051603018661,SAPDBL,41,22,90.0,320.2,28818.0,2024-05-16
2024051603018660,SAPDBL,20,22,20.0,321.0,6420.0,2024-05-16
2024051603018659,SAPDBL,26,22,100.0,321.0,32100.0,2024-05-16
2024051603018658,SAPDBL,47,22,100.0,321.0,32100.0,2024-05-16
2024051603018657,SAPDBL,81,22,450.0,321.0,144450.0,2024-05-16
2024051603018656,PFL,34,14,200.0,648.2,129640.0,2024-05-16
2024051603018655,PFL,71,14,60.0,648.2,38892.0,2024-05-16
2024051603018654,PFL,57,14,211.0,648.5,136833.5,2024-05-16
2024051601024531,SNLI,29,17,10.0,456.0,4560.0,2024-05-16
2024051603018653,GUFL,41,33,450.0,692.0,311400.0,2024-05-16
2024051603018652,SHINE,37,35,974.0,390.0,379860.0,2024-05-16
2024051603018651,SHINE,72,35,200.0,390.0,78000.0,2024-05-16
2024051603018650,SHINE,8,35,80.0,390.0,31200.0,2024-05-16
2024051603018649,SHINE,36,35,1046.0,390.0,407940.0,2024-05-16
2024051603018648,SHINE,54,35,1000.0,390.1,390100.0,2024-05-16
2024051601024530,NABIL,58,35,10.0,431.0,4310.0,2024-05-16
2024051601024529,NABIL,48,35,10.0,431.0,4310.0,2024-05-16
2024051601024528,NABIL,42,35,50.0,431.0,21550.0,2024-05-16
2024051601024527,NABIL,6,35,37.0,431.0,15947.0,2024-05-16
2024051601024526,NABIL,48,35,200.0,431.2,86240.0,2024-05-16
2024051603018647,SLBBL,53,19,23.0,794.0,18262.0,2024-05-16
2024051603018646,SLBBL,57,19,75.0,794.0,59550.0,2024-05-16
2024051603018645,SLBBL,33,19,20.0,794.0,15880.0,2024-05-16
2024051603018644,SLBBL,22,19,82.0,794.0,65108.0,2024-05-16
2024051601024525,MBL,46,58,100.0,169.2,16920.0,2024-05-16
2024051601024524,DOLTI,53,55,84.0,405.0,34020.0,2024-05-16
2024051601024523,DOLTI,38,55,56.0,405.0,22680.0,2024-05-16
2024051605005390,CHDC,32,33,10.0,810.0,8100.0,2024-05-16
2024051605005389,CHDC,7,33,593.0,810.0,480330.0,2024-05-16
2024051605005388,CHDC,7,8,390.0,809.9,315861.0,2024-05-16
2024051605005387,CHDC,7,49,17.0,809.0,13753.0,2024-05-16
2024051603018643,KSBBL,58,42,500.0,370.6,185300.0,2024-05-16
2024051601024522,SAHAS,36,36,228.0,502.0,114456.0,2024-05-16
2024051601024521,SAHAS,35,36,20.0,504.0,10080.0,2024-05-16
2024051601024520,SAHAS,8,36,152.0,505.0,76760.0,2024-05-16
2024051601024519,TAMOR,64,42,290.0,374.0,108460.0,2024-05-16
2024051601024518,TAMOR,49,42,10.0,374.1,3741.0,2024-05-16
2024051605005386,NRIC,59,13,50.0,684.0,34200.0,2024-05-16
2024051604007177,NLG,48,60,50.0,760.0,38000.0,2024-05-16
2024051601024517,JBLB,45,33,12.0,1471.0,17652.0,2024-05-16
2024051601024516,JBLB,45,67,38.0,1471.0,55898.0,2024-05-16
2024051601024515,JBLB,45,58,50.0,1470.0,73500.0,2024-05-16
2024051601024514,PRVU,22,47,10.0,139.0,1390.0,2024-05-16
2024051603018642,GBLBS,33,94,135.0,800.0,108000.0,2024-05-16
2024051603018641,GBLBS,33,25,65.0,799.0,51935.0,2024-05-16
2024051604007176,HURJA,26,74,259.0,280.0,72520.0,2024-05-16
2024051604007175,HURJA,25,74,200.0,280.1,56020.0,2024-05-16
2024051604007174,HURJA,37,74,321.0,280.1,89912.1,2024-05-16
2024051604007173,HURJA,4,74,100.0,280.1,28010.0,2024-05-16
2024051604007172,HURJA,64,74,100.0,280.3,28030.0,2024-05-16
2024051604007171,HURJA,35,74,20.0,280.3,5606.0,2024-05-16
2024051601024513,SARBTM,56,53,28.0,807.0,22596.0,2024-05-16
2024051601024512,AVYAN,26,19,10.0,918.9,9189.0,2024-05-16
2024051603018640,USLB,62,16,99.0,2334.0,231066.0,2024-05-16
2024051604007170,API,57,50,831.0,170.2,141436.2,2024-05-16
2024051603018639,USLB,62,21,10.0,2335.0,23350.0,2024-05-16
2024051601024511,SARBTM,59,47,30.0,805.0,24150.0,2024-05-16
2024051601024510,SARBTM,49,47,65.0,805.1,52331.5,2024-05-16
2024051605005385,ENL,84,49,99.0,824.1,81585.9,2024-05-16
2024051605005384,ENL,49,49,50.0,825.0,41250.0,2024-05-16
2024051605005383,ENL,49,49,100.0,826.1,82610.0,2024-05-16
2024051605005382,ENL,6,49,25.0,827.0,20675.0,2024-05-16
2024051605005381,ENL,55,49,96.0,827.0,79392.0,2024-05-16
2024051603018638,SDLBSL,39,38,10.0,1005.0,10050.0,2024-05-16
2024051601024509,SNLI,29,34,100.0,456.0,45600.0,2024-05-16
2024051601024508,AVYAN,17,52,45.0,915.0,41175.0,2024-05-16
2024051601024507,NABIL,13,49,130.0,431.5,56095.0,2024-05-16
2024051605005380,HIDCL,38,45,1549.0,163.1,252641.9,2024-05-16
2024051605005379,HIDCL,55,45,91.0,163.2,14851.2,2024-05-16
2024051605005378,HIDCL,35,45,20.0,163.2,3264.0,2024-05-16
2024051605005377,HIDCL,41,45,320.0,163.2,52224.0,2024-05-16
2024051601024506,HDL,58,44,35.0,1304.0,45640.0,2024-05-16
2024051604007169,UNHPL,45,26,500.0,219.2,109600.0,2024-05-16
2024051601024505,SHIVM,41,63,50.0,498.0,24900.0,2024-05-16
2024051603018637,MNBBL,62,35,347.0,347.0,120409.0,2024-05-16
2024051603018636,SMFBS,44,67,91.0,1400.0,127400.0,2024-05-16
2024051603018635,SMFBS,44,34,13.0,1400.0,18200.0,2024-05-16
2024051603018634,SMFBS,44,16,46.0,1400.0,64400.0,2024-05-16
2024051604007168,SGIC,48,44,99.0,529.0,52371.0,2024-05-16
2024051604007167,SGIC,48,72,301.0,529.0,159229.0,2024-05-16
2024051605005376,CHDC,14,49,860.0,809.0,695740.0,2024-05-16
2024051605005375,CHDC,45,49,18.0,809.5,14571.0,2024-05-16
2024051605005374,CHDC,36,49,105.0,809.5,84997.5,2024-05-16
2024051604007166,BPCL,47,34,40.0,295.0,11800.0,2024-05-16
2024051601024504,SHIVM,17,63,100.0,498.0,49800.0,2024-05-16
2024051604007165,SPIL,33,58,605.0,790.0,477950.0,2024-05-16
2024051604007164,SPIL,33,62,17.0,789.1,13414.7,2024-05-16
2024051605005373,NRIC,38,34,64.0,682.0,43648.0,2024-05-16
2024051604007163,NIL,14,58,45.0,790.0,35550.0,2024-05-16
2024051601024503,CLI,34,55,190.0,458.0,87020.0,2024-05-16
2024051601024502,CLI,16,55,60.0,458.1,27486.0,2024-05-16
2024051604007162,NHPC,53,1,57.0,145.4,8287.8,2024-05-16
2024051604007161,NHPC,54,1,30.0,145.4,4362.0,2024-05-16
2024051604007160,NHPC,25,1,200.0,145.5,29100.0,2024-05-16
2024051604007159,NHPC,28,1,210.0,145.5,30555.0,2024-05-16
2024051604007158,NHPC,45,1,628.0,145.6,91436.8,2024-05-16
2024051604007157,NHPC,19,1,1375.0,145.7,200337.5,2024-05-16
2024051601024501,NIMB,42,52,20.0,157.0,3140.0,2024-05-16
2024051601024500,SARBTM,36,53,185.0,807.0,149295.0,2024-05-16
2024051605005372,CIT,29,26,20.0,2109.0,42180.0,2024-05-16
2024051605005371,HRL,49,66,17.0,557.0,9469.0,2024-05-16
2024051605005370,HRL,19,66,30.0,557.6,16728.0,2024-05-16
2024051603018633,GMFIL,35,29,500.0,389.0,194500.0,2024-05-16
2024051603018632,PMLI,22,43,177.0,493.5,87349.5,2024-05-16
2024051603018631,PMLI,32,43,30.0,494.0,14820.0,2024-05-16
2024051603018630,PMLI,57,43,50.0,494.0,24700.0,2024-05-16
2024051603018629,PMLI,42,43,50.0,494.0,24700.0,2024-05-16
2024051603018628,PMLI,57,43,20.0,494.0,9880.0,2024-05-16
2024051603018627,PMLI,68,43,191.0,494.0,94354.0,2024-05-16
2024051605005369,CHDC,42,8,10.0,809.9,8099.0,2024-05-16
2024051601024499,PCBL,44,47,10.0,194.9,1949.0,2024-05-16
2024051601024498,DOLTI,38,94,44.0,405.0,17820.0,2024-05-16
2024051601024497,DOLTI,51,94,100.0,405.0,40500.0,2024-05-16
2024051601024496,PPL,38,65,10.0,514.0,5140.0,2024-05-16
2024051603018626,GFCL,1,34,25.0,451.0,11275.0,2024-05-16
2024051603018625,GFCL,57,34,322.0,452.0,145544.0,2024-05-16
2024051603018624,GFCL,58,34,20.0,453.0,9060.0,2024-05-16
2024051603018623,GFCL,51,34,44.0,453.5,19954.0,2024-05-16
2024051603018622,GFCL,39,34,300.0,453.7,136110.0,2024-05-16
2024051603018621,GFCL,42,34,269.0,453.8,122072.2,2024-05-16
2024051603018620,GBBL,42,34,69.0,365.0,25185.0,2024-05-16
2024051603018619,GBBL,19,34,15.0,365.2,5478.0,2024-05-16
2024051603018618,GILB,41,17,102.0,1242.1,126694.2,2024-05-16
2024051604007156,AKPL,26,11,482.0,165.0,79530.0,2024-05-16
2024051601024495,MAKAR,38,1,10.0,367.0,3670.0,2024-05-16
2024051603018617,JSLBB,13,29,70.0,1459.0,102130.0,2024-05-16
2024051603018616,JSLBB,13,4,10.0,1459.0,14590.0,2024-05-16
2024051603018615,LBBL,49,45,40.0,373.0,14920.0,2024-05-16
2024051603018614,LBBL,58,45,10.0,373.0,3730.0,2024-05-16
2024051601024494,MBL,56,41,10.0,169.5,1695.0,2024-05-16
2024051601024493,USHL,36,42,10.0,462.1,4621.0,2024-05-16
2024051604007155,AKPL,42,54,24.0,165.1,3962.4,2024-05-16
2024051603018613,NADEP,1,21,22.0,797.9,17553.8,2024-05-16
2024051604007154,SALICO,10,66,500.0,681.0,340500.0,2024-05-16
2024051601024492,NRM,6,36,180.0,377.8,68004.0,2024-05-16
2024051601024491,SAHAS,8,41,10.0,505.0,5050.0,2024-05-16
2024051601024490,GCIL,56,41,14.0,481.0,6734.0,2024-05-16
2024051601024489,MANDU,65,41,100.0,960.0,96000.0,2024-05-16
2024051601024488,MANDU,65,77,10.0,960.0,9600.0,2024-05-16
2024051601024487,MANDU,65,52,10.0,960.0,9600.0,2024-05-16
2024051601024486,MANDU,65,47,10.0,959.8,9598.0,2024-05-16
2024051601024485,MANDU,65,6,10.0,958.8,9588.0,2024-05-16
2024051601024484,MANDU,65,21,10.0,958.8,9588.0,2024-05-16
2024051601024483,MANDU,65,45,50.0,958.0,47900.0,2024-05-16
2024051601024482,MANDU,65,11,10.0,957.7,9577.0,2024-05-16
2024051601024481,MANDU,65,58,10.0,955.0,9550.0,2024-05-16
2024051601024480,MANDU,65,22,10.0,955.0,9550.0,2024-05-16
2024051601024479,MANDU,65,41,10.0,955.0,9550.0,2024-05-16
2024051601024478,MANDU,65,42,10.0,954.0,9540.0,2024-05-16
2024051601024477,MANDU,65,86,10.0,950.6,9506.0,2024-05-16
2024051601024476,MANDU,65,45,10.0,950.0,9500.0,2024-05-16
2024051601024475,MANDU,65,58,10.0,950.0,9500.0,2024-05-16
2024051601024474,MANDU,65,44,10.0,950.0,9500.0,2024-05-16
2024051601024473,MANDU,65,21,10.0,950.0,9500.0,2024-05-16
2024051601024472,MANDU,65,55,10.0,950.0,9500.0,2024-05-16
2024051601024471,MANDU,65,35,10.0,950.0,9500.0,2024-05-16
2024051601024470,MANDU,65,62,10.0,950.0,9500.0,2024-05-16
2024051601024469,MANDU,65,58,260.0,950.0,247000.0,2024-05-16
2024051601024468,MANDU,65,77,10.0,950.0,9500.0,2024-05-16
2024051601024467,MANDU,65,58,10.0,950.0,9500.0,2024-05-16
2024051601024466,MANDU,65,57,10.0,950.0,9500.0,2024-05-16
2024051601024465,MANDU,65,83,200.0,950.0,190000.0,2024-05-16
2024051601024464,MANDU,65,45,10.0,950.0,9500.0,2024-05-16
2024051601024463,MANDU,65,57,10.0,950.0,9500.0,2024-05-16
2024051601024462,MANDU,65,34,10.0,950.0,9500.0,2024-05-16
2024051601024461,MANDU,65,45,10.0,950.0,9500.0,2024-05-16
2024051601024460,MANDU,65,42,10.0,950.0,9500.0,2024-05-16
2024051601024459,MANDU,65,34,10.0,950.0,9500.0,2024-05-16
2024051601024458,MANDU,65,43,10.0,950.0,9500.0,2024-05-16
2024051601024457,MANDU,65,38,10.0,950.0,9500.0,2024-05-16
2024051601024456,MANDU,65,34,10.0,950.0,9500.0,2024-05-16
2024051601024455,MANDU,65,48,10.0,950.0,9500.0,2024-05-16
2024051601024454,MANDU,65,38,10.0,950.0,9500.0,2024-05-16
2024051601024453,MANDU,65,42,10.0,950.0,9500.0,2024-05-16
2024051601024452,MANDU,65,8,10.0,950.0,9500.0,2024-05-16
2024051601024451,MANDU,65,19,10.0,950.0,9500.0,2024-05-16
2024051601024450,MANDU,65,83,30.0,950.0,28500.0,2024-05-16
2024051601024449,MANDU,65,58,10.0,945.0,9450.0,2024-05-16
2024051604007153,NGPL,17,38,12.0,301.5,3618.0,2024-05-16
2024051603018612,FMDBL,35,32,141.0,669.0,94329.0,2024-05-16
2024051603018611,GUFL,41,35,120.0,692.0,83040.0,2024-05-16
2024051603018610,GUFL,51,35,15.0,693.0,10395.0,2024-05-16
2024051603018609,GUFL,1,35,15.0,693.0,10395.0,2024-05-16
2024051603018608,GUFL,49,35,100.0,693.1,69310.0,2024-05-16
2024051603018607,GUFL,43,35,50.0,693.2,34660.0,2024-05-16
2024051603018606,KRBL,88,35,300.0,426.2,127860.0,2024-05-16
2024051603018605,KRBL,22,35,262.0,426.2,111664.4,2024-05-16
2024051603018604,KRBL,46,35,100.0,427.0,42700.0,2024-05-16
2024051603018603,KRBL,35,35,100.0,427.0,42700.0,2024-05-16
2024051603018602,NICLBSL,25,51,37.0,676.0,25012.0,2024-05-16
2024051603018601,NICLBSL,4,51,200.0,676.0,135200.0,2024-05-16
2024051603018600,NICLBSL,39,51,161.0,676.0,108836.0,2024-05-16
2024051603018599,NICLBSL,17,51,50.0,676.1,33805.0,2024-05-16
2024051603018598,NICLBSL,46,51,100.0,676.1,67610.0,2024-05-16
2024051603018597,NICLBSL,57,51,150.0,676.1,101415.0,2024-05-16
2024051603018596,NICLBSL,25,51,50.0,676.1,33805.0,2024-05-16
2024051603018595,NICLBSL,57,51,30.0,676.1,20283.0,2024-05-16
2024051603018594,NICLBSL,41,51,65.0,677.0,44005.0,2024-05-16
2024051603018593,NICLBSL,17,51,40.0,677.0,27080.0,2024-05-16
2024051603018592,FMDBL,41,32,10.0,669.0,6690.0,2024-05-16
2024051603018591,FMDBL,34,32,50.0,669.0,33450.0,2024-05-16
2024051603018590,FMDBL,48,32,10.0,669.0,6690.0,2024-05-16
2024051603018589,FMDBL,22,32,50.0,670.0,33500.0,2024-05-16
2024051603018588,FMDBL,21,32,39.0,670.0,26130.0,2024-05-16
2024051603018587,CFCL,56,35,10.0,387.0,3870.0,2024-05-16
2024051603018586,BFC,42,45,50.0,389.9,19495.0,2024-05-16
2024051601024448,MKHL,58,42,109.0,406.0,44254.0,2024-05-16
2024051601024447,HDL,50,21,40.0,1304.0,52160.0,2024-05-16
2024051601024446,HDL,42,92,13.0,1303.0,16939.0,2024-05-16
2024051601024445,HDL,28,92,17.0,1303.0,22151.0,2024-05-16
2024051601024444,SONA,64,34,20.0,446.1,8922.0,2024-05-16
2024051601024443,SONA,45,34,480.0,446.2,214176.0,2024-05-16
2024051601024442,TAMOR,49,38,10.0,374.1,3741.0,2024-05-16
2024051604007152,JOSHI,60,34,10.0,308.0,3080.0,2024-05-16
2024051601024441,RNLI,19,51,139.0,428.9,59617.1,2024-05-16
2024051601024440,RNLI,19,58,11.0,428.9,4717.9,2024-05-16
2024051603018585,SWMF,39,58,115.0,840.2,96623.0,2024-05-16
2024051603018584,GUFL,43,54,50.0,693.2,34660.0,2024-05-16
2024051601024439,MKCL,36,45,10.0,886.0,8860.0,2024-05-16
2024051603018583,FMDBL,21,26,11.0,670.0,7370.0,2024-05-16
2024051603018582,FMDBL,58,26,12.0,670.0,8040.0,2024-05-16
2024051603018581,FMDBL,45,26,47.0,670.0,31490.0,2024-05-16
2024051603018580,FMDBL,45,26,430.0,671.0,288530.0,2024-05-16
2024051604007151,LEC,45,35,100.0,180.0,18000.0,2024-05-16
2024051601024438,CITY,47,4,82.0,588.5,48257.0,2024-05-16
2024051601024437,CITY,58,4,100.0,588.5,58850.0,2024-05-16
2024051601024436,CITY,35,4,33.0,588.6,19423.8,2024-05-16
2024051601024435,CITY,4,4,10.0,588.7,5887.0,2024-05-16
2024051604007150,BARUN,19,41,100.0,232.0,23200.0,2024-05-16
2024051603018579,MFIL,38,41,400.0,501.0,200400.0,2024-05-16
2024051603018578,MFIL,38,41,100.0,501.1,50110.0,2024-05-16
2024051605005368,CHDC,44,33,948.0,810.0,767880.0,2024-05-16
2024051605005367,CHDC,44,6,10.0,810.0,8100.0,2024-05-16
2024051605005366,CHDC,44,87,250.0,810.0,202500.0,2024-05-16
2024051605005365,CHDC,44,55,50.0,810.0,40500.0,2024-05-16
2024051605005364,CHDC,44,51,450.0,810.0,364500.0,2024-05-16
2024051605005363,CHDC,44,45,170.0,810.0,137700.0,2024-05-16
2024051605005362,CHDC,44,39,100.0,810.0,81000.0,2024-05-16
2024051605005361,CHDC,44,25,22.0,810.0,17820.0,2024-05-16
2024051601024434,SHIVM,57,49,347.0,497.5,172632.5,2024-05-16
2024051601024433,SHIVM,57,49,160.0,497.5,79600.0,2024-05-16
2024051601024432,SHIVM,8,49,95.0,498.2,47329.0,2024-05-16
2024051601024431,BHL,38,49,50.0,318.6,15930.0,2024-05-16
2024051601024430,SONA,45,39,10.0,446.2,4462.0,2024-05-16
2024051601024429,NRM,38,39,10.0,377.1,3771.0,2024-05-16
2024051603018577,RSDC,41,14,25.0,713.0,17825.0,2024-05-16
2024051601024428,CLI,16,17,10.0,458.1,4581.0,2024-05-16
2024051603018576,MPFL,32,34,150.0,435.0,65250.0,2024-05-16
2024051601024427,BHPL,77,34,35.0,535.0,18725.0,2024-05-16
2024051601024426,BHPL,35,34,15.0,536.0,8040.0,2024-05-16
2024051601024425,BHPL,48,34,50.0,536.1,26805.0,2024-05-16
2024051601024424,SIKLES,49,51,10.0,514.0,5140.0,2024-05-16
