transaction,symbol,buyer,seller,quantity,rate,amount,date
2024060303017651,ICFC,70,42,10.0,518.9,5189.0,2024-06-03
2024060304008054,HEI,4,85,250.0,594.1,148525.0,2024-06-03
2024060304008053,HEI,39,85,285.0,594.1,169318.5,2024-06-03
2024060304008052,HEI,53,85,48.0,595.0,28560.0,2024-06-03
2024060304008051,HEI,52,85,15.0,595.1,8926.5,2024-06-03
2024060304008050,HEI,17,85,50.0,595.2,29760.0,2024-06-03
2024060301029219,NIMB,44,45,10.0,161.0,1610.0,2024-06-03
2024060301029218,BHL,63,49,10.0,344.7,3447.0,2024-06-03
2024060301029217,NRM,71,38,10.0,392.0,3920.0,2024-06-03
2024060304008049,CGH,48,21,10.0,851.0,8510.0,2024-06-03
2024060304008048,CGH,48,42,10.0,850.0,8500.0,2024-06-03
2024060301029216,USHEC,3,77,100.0,414.0,41400.0,2024-06-03
2024060305004348,SMATA,65,25,20.0,940.0,18800.0,2024-06-03
2024060305004347,SMATA,65,13,20.0,939.0,18780.0,2024-06-03
2024060304008047,NGPL,56,44,10.0,308.1,3081.0,2024-06-03
2024060304008046,UMRH,25,38,325.0,370.0,120250.0,2024-06-03
2024060304008045,UMRH,38,38,280.0,370.0,103600.0,2024-06-03
2024060304008044,UMRH,45,38,496.0,370.0,183520.0,2024-06-03
2024060304008043,UMRH,22,38,100.0,370.1,37010.0,2024-06-03
2024060304008042,UMRH,59,38,299.0,370.1,110659.9,2024-06-03
2024060303017650,CFCL,38,57,24.0,409.0,9816.0,2024-06-03
2024060303017649,CFCL,38,11,41.0,408.0,16728.0,2024-06-03
2024060305004346,NRIC,42,29,10.0,666.0,6660.0,2024-06-03
2024060304008041,HURJA,39,38,1000.0,277.0,277000.0,2024-06-03
2024060304008040,HURJA,49,38,600.0,277.1,166260.0,2024-06-03
2024060304008039,HURJA,57,38,22.0,278.0,6116.0,2024-06-03
2024060304008038,HURJA,46,38,160.0,278.0,44480.0,2024-06-03
2024060305004345,HRL,57,58,30.0,572.1,17163.0,2024-06-03
2024060303017648,PFL,41,58,830.0,656.9,545227.0,2024-06-03
2024060301029215,SRLI,29,35,10.0,442.0,4420.0,2024-06-03
2024060303017647,PFL,41,29,100.0,656.9,65690.0,2024-06-03
2024060301029214,ULHC,5,35,10.0,415.0,4150.0,2024-06-03
2024060303017646,NMLBBL,21,13,218.0,733.0,159794.0,2024-06-03
2024060301029213,ULHC,52,13,45.0,412.0,18540.0,2024-06-03
2024060301029212,ULHC,34,13,10.0,412.1,4121.0,2024-06-03
2024060301029211,ULHC,18,13,45.0,413.1,18589.5,2024-06-03
2024060301029210,MEHL,16,82,695.0,335.0,232825.0,2024-06-03
2024060301029209,MEHL,82,82,1000.0,335.0,335000.0,2024-06-03
2024060301029208,MEHL,57,82,1000.0,335.0,335000.0,2024-06-03
2024060301029207,MEHL,6,82,100.0,335.0,33500.0,2024-06-03
2024060301029206,MEHL,16,82,205.0,335.0,68675.0,2024-06-03
2024060303017645,ILBS,62,65,63.0,1331.0,83853.0,2024-06-03
2024060303017644,ILBS,62,17,19.0,1330.0,25270.0,2024-06-03
2024060303017643,ILBS,62,48,19.0,1329.0,25251.0,2024-06-03
2024060303017642,ILBS,62,19,19.0,1325.0,25175.0,2024-06-03
2024060303017641,ILBS,62,62,20.0,1320.0,26400.0,2024-06-03
2024060303017640,ILBS,62,62,18.0,1317.0,23706.0,2024-06-03
2024060303017639,ILBS,62,5,192.0,1316.0,252672.0,2024-06-03
2024060301029205,MKHC,41,60,10.0,324.0,3240.0,2024-06-03
2024060301029204,MAKAR,50,57,10.0,405.0,4050.0,2024-06-03
2024060301029203,PCBL,34,54,312.0,200.1,62431.2,2024-06-03
2024060301029202,VLUCL,34,48,10.0,504.0,5040.0,2024-06-03
2024060304008037,CHL,34,55,10.0,324.9,3249.0,2024-06-03
2024060303017638,PFL,41,34,100.0,656.9,65690.0,2024-06-03
2024060305004344,CHDC,32,11,10.0,878.0,8780.0,2024-06-03
2024060304008036,API,11,17,10.0,168.0,1680.0,2024-06-03
2024060303017637,SLBSL,16,51,25.0,1223.0,30575.0,2024-06-03
2024060303017636,SLBSL,16,58,25.0,1215.0,30375.0,2024-06-03
2024060301029201,MANDU,35,61,100.0,855.0,85500.0,2024-06-03
2024060301029200,SONA,35,34,10.0,445.0,4450.0,2024-06-03
2024060301029199,AHL,10,49,10.0,486.1,4861.0,2024-06-03
2024060301029198,MLBS,64,37,120.0,1358.0,162960.0,2024-06-03
2024060301029197,MLBS,64,81,10.0,1355.0,13550.0,2024-06-03
2024060304008035,PPCL,52,21,10.0,227.9,2279.0,2024-06-03
2024060301029196,AHL,45,22,100.0,484.1,48410.0,2024-06-03
2024060304008034,UNHPL,49,36,740.0,225.0,166500.0,2024-06-03
2024060304008033,UNHPL,57,36,50.0,225.1,11255.0,2024-06-03
2024060304008032,UNHPL,57,36,50.0,225.1,11255.0,2024-06-03
2024060304008031,UNHPL,41,36,100.0,225.1,22510.0,2024-06-03
2024060304008030,UNHPL,57,36,50.0,225.2,11260.0,2024-06-03
2024060304008029,UNHPL,5,36,100.0,225.2,22520.0,2024-06-03
2024060304008028,UNHPL,58,36,10.0,227.0,2270.0,2024-06-03
2024060301029195,RAWA,36,10,10.0,518.0,5180.0,2024-06-03
2024060303017635,HLBSL,45,55,98.0,1279.9,125430.2,2024-06-03
2024060303017634,HLBSL,45,1,202.0,1275.0,257550.0,2024-06-03
2024060301029194,SGHC,11,17,10.0,333.2,3332.0,2024-06-03
2024060303017633,CBBL,7,45,40.0,833.8,33352.0,2024-06-03
2024060303017632,CBBL,8,45,63.0,834.9,52598.7,2024-06-03
2024060303017631,CBBL,29,45,10.0,835.0,8350.0,2024-06-03
2024060303017630,CBBL,58,45,17.0,835.0,14195.0,2024-06-03
2024060303017629,CBBL,25,45,25.0,835.0,20875.0,2024-06-03
2024060303017628,CBBL,57,45,80.0,841.0,67280.0,2024-06-03
2024060301029193,MEL,45,5,10.0,228.0,2280.0,2024-06-03
2024060304008027,NGPL,45,44,10.0,308.1,3081.0,2024-06-03
2024060301029192,BEDC,45,81,10.0,400.0,4000.0,2024-06-03
2024060301029191,MAKAR,88,57,10.0,405.0,4050.0,2024-06-03
2024060301029190,NICA,33,22,122.0,415.1,50642.2,2024-06-03
2024060301029189,NICA,34,22,757.0,415.1,314230.7,2024-06-03
2024060301029188,NICA,58,22,50.0,415.3,20765.0,2024-06-03
2024060303017627,MPFL,43,43,150.0,498.0,74700.0,2024-06-03
2024060301029187,SONA,43,34,21.0,445.0,9345.0,2024-06-03
2024060303017626,GMFBS,55,26,20.0,1299.0,25980.0,2024-06-03
2024060301029186,PRVU,33,22,10.0,144.4,1444.0,2024-06-03
2024060304008026,RIDI,6,62,20.0,168.9,3378.0,2024-06-03
2024060301029185,DORDI,14,11,10.0,435.0,4350.0,2024-06-03
2024060301029184,DORDI,14,51,15.0,433.2,6498.0,2024-06-03
2024060303017625,MDB,6,29,10.0,484.0,4840.0,2024-06-03
2024060304008025,API,6,17,75.0,168.0,12600.0,2024-06-03
2024060301029183,KDL,45,6,10.0,1199.0,11990.0,2024-06-03
2024060303017624,NFS,16,19,200.0,583.0,116600.0,2024-06-03
2024060301029182,NIMB,34,53,537.0,160.1,85973.7,2024-06-03
2024060301029181,NIMB,37,53,60.0,160.3,9618.0,2024-06-03
2024060301029180,NIMB,58,53,1403.0,160.3,224900.9,2024-06-03
2024060303017623,HLBSL,49,1,98.0,1275.0,124950.0,2024-06-03
2024060303017622,HLBSL,49,34,61.0,1275.0,77775.0,2024-06-03
2024060303017621,HLBSL,49,14,343.0,1274.5,437153.5,2024-06-03
2024060301029179,JBLB,70,25,10.0,1350.0,13500.0,2024-06-03
2024060301029178,EHPL,44,65,20.0,534.0,10680.0,2024-06-03
2024060301029177,KDL,71,34,148.0,1210.0,179080.0,2024-06-03
2024060301029176,KDL,71,60,250.0,1209.9,302475.0,2024-06-03
2024060301029175,KDL,71,65,217.0,1200.0,260400.0,2024-06-03
2024060303017620,BFC,71,57,10.0,430.0,4300.0,2024-06-03
2024060303017619,ICFC,48,42,10.0,518.9,5189.0,2024-06-03
2024060301029174,KBL,48,25,10.0,142.2,1422.0,2024-06-03
2024060301029173,TSHL,57,48,80.0,507.1,40568.0,2024-06-03
2024060301029172,TSHL,45,48,20.0,507.2,10144.0,2024-06-03
2024060304008024,KPCL,67,67,36.0,452.9,16304.4,2024-06-03
2024060304008023,KPCL,67,67,206.0,452.9,93297.4,2024-06-03
2024060304008022,KPCL,67,64,400.0,452.8,181120.0,2024-06-03
2024060304008021,KPCL,67,57,10.0,452.0,4520.0,2024-06-03
2024060304008020,KPCL,67,43,100.0,452.0,45200.0,2024-06-03
2024060304008019,KPCL,67,22,14.0,452.0,6328.0,2024-06-03
2024060304008018,KPCL,67,3,500.0,452.0,226000.0,2024-06-03
2024060304008017,KPCL,67,34,1084.0,451.0,488884.0,2024-06-03
2024060304008016,KPCL,67,49,100.0,450.0,45000.0,2024-06-03
2024060304008015,KPCL,67,57,10.0,450.0,4500.0,2024-06-03
2024060304008014,KPCL,67,65,40.0,450.0,18000.0,2024-06-03
2024060304008013,SPDL,42,43,10.0,236.0,2360.0,2024-06-03
2024060303017618,HLBSL,38,14,157.0,1274.5,200096.5,2024-06-03
2024060303017617,HLBSL,38,59,300.0,1274.0,382200.0,2024-06-03
2024060303017616,HLBSL,38,55,72.0,1274.0,91728.0,2024-06-03
2024060303017615,HLBSL,38,58,116.0,1272.0,147552.0,2024-06-03
2024060303017614,HLBSL,38,32,120.0,1269.9,152388.0,2024-06-03
2024060303017613,HLBSL,38,59,100.0,1268.9,126890.0,2024-06-03
2024060303017612,HLBSL,38,74,135.0,1268.0,171180.0,2024-06-03
2024060304008012,DHPL,54,42,160.0,189.1,30256.0,2024-06-03
2024060304008011,DHPL,57,42,50.0,189.1,9455.0,2024-06-03
2024060304008010,DHPL,72,42,50.0,189.1,9455.0,2024-06-03
2024060304008009,DHPL,77,42,400.0,189.2,75680.0,2024-06-03
2024060304008008,DHPL,45,42,30.0,189.2,5676.0,2024-06-03
2024060304008007,DHPL,63,42,60.0,189.3,11358.0,2024-06-03
2024060305004343,NRN,58,38,81.0,595.0,48195.0,2024-06-03
2024060305004342,NRN,58,7,200.0,595.0,119000.0,2024-06-03
2024060305004341,NRN,58,33,719.0,595.0,427805.0,2024-06-03
2024060304008006,API,58,17,10.0,168.0,1680.0,2024-06-03
2024060301029171,RNLI,59,58,21.0,426.0,8946.0,2024-06-03
2024060301029170,RNLI,44,58,41.0,426.0,17466.0,2024-06-03
2024060301029169,VLUCL,58,48,40.0,504.0,20160.0,2024-06-03
2024060301029168,VLUCL,58,35,10.0,504.0,5040.0,2024-06-03
2024060301029167,VLUCL,58,58,80.0,502.0,40160.0,2024-06-03
2024060305004340,NTC,57,17,10.0,839.9,8399.0,2024-06-03
2024060303017611,GILB,62,26,10.0,1315.0,13150.0,2024-06-03
2024060303017610,GILB,62,61,260.0,1315.0,341900.0,2024-06-03
2024060303017609,GILB,62,62,30.0,1314.9,39447.0,2024-06-03
2024060301029166,SMJC,57,44,60.0,384.0,23040.0,2024-06-03
2024060303017608,ACLBSL,18,84,67.0,943.0,63181.0,2024-06-03
2024060303017607,ACLBSL,18,6,13.0,941.0,12233.0,2024-06-03
2024060303017606,ACLBSL,18,26,20.0,940.0,18800.0,2024-06-03
2024060303017605,MPFL,60,43,30.0,498.0,14940.0,2024-06-03
2024060301029165,MSHL,50,17,10.0,650.0,6500.0,2024-06-03
2024060301029164,MKHL,21,38,10.0,459.9,4599.0,2024-06-03
2024060303017604,GMFIL,66,42,170.0,405.0,68850.0,2024-06-03
2024060303017603,GMFIL,66,88,200.0,404.9,80980.0,2024-06-03
2024060303017602,GMFIL,66,32,130.0,404.9,52637.0,2024-06-03
2024060301029163,UHEWA,21,45,10.0,405.0,4050.0,2024-06-03
2024060301029162,SHLB,69,25,10.0,1750.0,17500.0,2024-06-03
2024060303017601,CBBL,11,57,40.0,842.0,33680.0,2024-06-03
2024060303017600,SADBL,21,11,30.0,314.0,9420.0,2024-06-03
2024060303017599,SADBL,35,11,50.0,314.0,15700.0,2024-06-03
2024060303017598,SADBL,57,11,20.0,314.1,6282.0,2024-06-03
2024060301029161,UHEWA,32,45,10.0,405.0,4050.0,2024-06-03
2024060305004339,CIT,22,35,10.0,2110.2,21102.0,2024-06-03
2024060301029160,BNHC,28,70,1000.0,672.0,672000.0,2024-06-03
2024060301029159,BNHC,28,51,20.0,670.0,13400.0,2024-06-03
2024060301029158,BNHC,28,6,50.0,670.0,33500.0,2024-06-03
2024060301029157,BNHC,28,6,98.0,643.6,63072.8,2024-06-03
2024060301029156,BNHC,28,53,103.0,642.8,66208.4,2024-06-03
2024060301029155,BNHC,28,5,50.0,642.8,32140.0,2024-06-03
2024060301029154,BNHC,28,49,10.0,642.8,6428.0,2024-06-03
2024060301029153,BNHC,28,41,50.0,642.8,32140.0,2024-06-03
2024060301029152,BNHC,28,17,100.0,642.8,64280.0,2024-06-03
2024060301029151,BNHC,28,25,60.0,642.8,38568.0,2024-06-03
2024060301029150,BNHC,28,45,100.0,642.7,64270.0,2024-06-03
2024060301029149,BNHC,28,32,50.0,642.7,32135.0,2024-06-03
2024060305004338,HRL,53,52,68.0,571.2,38841.6,2024-06-03
2024060301029148,BNHC,28,32,10.0,642.7,6427.0,2024-06-03
2024060301029147,BNHC,28,49,10.0,642.7,6427.0,2024-06-03
2024060301029146,BNHC,28,19,10.0,642.7,6427.0,2024-06-03
2024060301029145,BNHC,28,52,10.0,642.7,6427.0,2024-06-03
2024060301029144,BNHC,28,13,20.0,642.7,12854.0,2024-06-03
2024060301029143,BNHC,28,3,12.0,642.7,7712.4,2024-06-03
2024060301029142,BNHC,28,3,500.0,642.6,321300.0,2024-06-03
2024060301029141,BNHC,28,54,10.0,642.6,6426.0,2024-06-03
2024060301029140,BNHC,28,49,100.0,642.0,64200.0,2024-06-03
2024060305004337,HRL,44,52,130.0,573.0,74490.0,2024-06-03
2024060303017597,GBBL,46,81,90.0,362.0,32580.0,2024-06-03
2024060303017596,GBBL,58,81,10.0,362.1,3621.0,2024-06-03
2024060301029139,CYCL,45,18,10.0,1480.0,14800.0,2024-06-03
2024060301029138,CYCL,45,56,50.0,1478.0,73900.0,2024-06-03
2024060305004336,HRL,44,22,10.0,573.0,5730.0,2024-06-03
2024060303017595,USLB,55,55,10.0,1980.0,19800.0,2024-06-03
2024060304008005,AHPC,55,35,110.0,156.0,17160.0,2024-06-03
2024060304008004,AHPC,55,50,219.0,156.0,34164.0,2024-06-03
2024060301029137,MEHL,26,44,127.0,337.0,42799.0,2024-06-03
2024060303017594,SFCL,14,35,11.0,370.0,4070.0,2024-06-03
2024060303017593,SFCL,14,4,100.0,370.0,37000.0,2024-06-03
2024060303017592,SFCL,14,4,50.0,370.0,18500.0,2024-06-03
2024060303017591,SFCL,14,33,1000.0,370.0,370000.0,2024-06-03
2024060303017590,SFCL,14,17,100.0,370.0,37000.0,2024-06-03
2024060303017589,SFCL,14,53,200.0,370.0,74000.0,2024-06-03
2024060303017588,SFCL,14,45,500.0,370.0,185000.0,2024-06-03
2024060303017587,SFCL,14,58,235.0,370.0,86950.0,2024-06-03
2024060303017586,SFCL,14,50,50.0,370.0,18500.0,2024-06-03
2024060303017585,SFCL,14,52,247.0,370.0,91390.0,2024-06-03
2024060303017584,SFCL,14,34,200.0,370.0,74000.0,2024-06-03
2024060303017583,SFCL,14,58,100.0,370.0,37000.0,2024-06-03
2024060303017582,SFCL,14,26,100.0,370.0,37000.0,2024-06-03
2024060303017581,SFCL,14,45,15.0,370.0,5550.0,2024-06-03
2024060303017580,SFCL,14,11,500.0,369.7,184850.0,2024-06-03
2024060303017579,SFCL,14,52,61.0,369.0,22509.0,2024-06-03
2024060303017578,SFCL,14,21,200.0,369.0,73800.0,2024-06-03
2024060303017577,SFCL,14,36,50.0,368.9,18445.0,2024-06-03
2024060303017576,SFCL,14,41,30.0,368.9,11067.0,2024-06-03
2024060303017575,SFCL,14,10,60.0,368.0,22080.0,2024-06-03
2024060303017574,SFCL,14,58,200.0,368.0,73600.0,2024-06-03
2024060303017573,SFCL,14,64,300.0,368.0,110400.0,2024-06-03
2024060303017572,SFCL,14,13,50.0,367.9,18395.0,2024-06-03
2024060303017571,SFCL,14,49,100.0,367.0,36700.0,2024-06-03
2024060303017570,SFCL,14,38,490.0,367.0,179830.0,2024-06-03
2024060303017569,SFCL,14,57,10.0,366.9,3669.0,2024-06-03
2024060303017568,SFCL,14,16,100.0,366.8,36680.0,2024-06-03
2024060303017567,SFCL,14,59,341.0,366.0,124806.0,2024-06-03
2024060303017566,NFS,74,57,79.0,587.0,46373.0,2024-06-03
2024060303017565,NFS,74,49,21.0,584.2,12268.2,2024-06-03
2024060301029136,LSL,44,34,1046.0,165.0,172590.0,2024-06-03
2024060301029135,LSL,44,52,454.0,165.0,74910.0,2024-06-03
2024060301029134,LSL,44,57,500.0,164.9,82450.0,2024-06-03
2024060301029133,MSHL,49,17,10.0,650.0,6500.0,2024-06-03
2024060303017564,VLBS,49,41,30.0,953.0,28590.0,2024-06-03
2024060303017563,VLBS,49,45,10.0,950.0,9500.0,2024-06-03
2024060303017562,VLBS,49,16,10.0,950.0,9500.0,2024-06-03
2024060301029132,GVL,49,57,22.0,508.0,11176.0,2024-06-03
2024060301029131,GVL,49,46,10.0,508.0,5080.0,2024-06-03
2024060301029130,GVL,49,6,200.0,508.0,101600.0,2024-06-03
2024060301029129,GVL,49,7,10.0,508.0,5080.0,2024-06-03
2024060301029128,GVL,49,1,10.0,508.0,5080.0,2024-06-03
2024060301029127,GVL,49,32,48.0,508.0,24384.0,2024-06-03
2024060303017561,ILBS,44,5,20.0,1316.0,26320.0,2024-06-03
2024060303017560,ILBS,44,14,80.0,1316.0,105280.0,2024-06-03
2024060301029126,PCBL,44,20,10.0,200.3,2003.0,2024-06-03
2024060303017559,PFL,71,33,10.0,657.0,6570.0,2024-06-03
2024060301029125,BHL,7,48,10.0,344.5,3445.0,2024-06-03
2024060303017558,RLFL,4,7,139.0,410.0,56990.0,2024-06-03
2024060303017557,RLFL,4,10,40.0,408.0,16320.0,2024-06-03
2024060303017556,RLFL,4,58,300.0,408.0,122400.0,2024-06-03
2024060303017555,RLFL,4,57,58.0,408.0,23664.0,2024-06-03
2024060303017554,RLFL,4,26,213.0,406.0,86478.0,2024-06-03
2024060303017553,BFC,4,57,10.0,430.0,4300.0,2024-06-03
2024060304008003,AKPL,56,39,10.0,164.0,1640.0,2024-06-03
2024060304008002,HPPL,19,13,59.0,260.0,15340.0,2024-06-03
2024060304008001,HPPL,19,50,10.0,260.0,2600.0,2024-06-03
2024060304008000,HPPL,19,45,10.0,260.0,2600.0,2024-06-03
2024060304007999,HPPL,19,45,371.0,260.0,96460.0,2024-06-03
2024060301029124,JALPA,42,35,20.0,1448.0,28960.0,2024-06-03
2024060301029123,JBLB,42,44,10.0,1350.0,13500.0,2024-06-03
2024060305004335,NRN,77,42,300.0,589.0,176700.0,2024-06-03
2024060301029122,MBJC,58,45,130.0,306.0,39780.0,2024-06-03
2024060301029121,MBJC,58,45,200.0,305.9,61180.0,2024-06-03
2024060301029120,MBJC,58,50,10.0,305.0,3050.0,2024-06-03
2024060301029119,MBJC,58,57,10.0,305.0,3050.0,2024-06-03
2024060301029118,MBJC,58,59,10.0,305.0,3050.0,2024-06-03
2024060301029117,MBJC,58,48,10.0,305.0,3050.0,2024-06-03
2024060301029116,MBJC,58,58,10.0,305.0,3050.0,2024-06-03
2024060301029115,MBJC,58,35,10.0,305.0,3050.0,2024-06-03
2024060301029114,MBJC,58,58,10.0,305.0,3050.0,2024-06-03
2024060301029113,BHL,13,49,30.0,344.7,10341.0,2024-06-03
2024060303017552,HLBSL,29,74,65.0,1268.0,82420.0,2024-06-03
2024060303017551,HLBSL,29,59,100.0,1265.0,126500.0,2024-06-03
2024060303017550,HLBSL,29,59,25.0,1261.0,31525.0,2024-06-03
2024060303017549,HLBSL,29,77,10.0,1260.0,12600.0,2024-06-03
2024060303017548,GILB,62,34,50.0,1314.0,65700.0,2024-06-03
2024060303017547,GILB,62,6,10.0,1314.0,13140.0,2024-06-03
2024060303017546,GILB,62,62,20.0,1314.0,26280.0,2024-06-03
2024060303017545,GILB,62,25,214.0,1313.0,280982.0,2024-06-03
2024060301029112,RHGCL,6,57,195.0,347.0,67665.0,2024-06-03
2024060301029111,RHGCL,59,57,605.0,347.0,209935.0,2024-06-03
2024060301029110,RHGCL,52,57,200.0,348.0,69600.0,2024-06-03
2024060301029109,BHL,7,58,10.0,344.5,3445.0,2024-06-03
2024060301029108,BHL,7,58,10.0,344.4,3444.0,2024-06-03
2024060301029107,BHL,7,58,10.0,344.3,3443.0,2024-06-03
2024060301029106,NRM,58,6,10.0,390.5,3905.0,2024-06-03
2024060301029105,CITY,38,21,425.0,642.9,273232.5,2024-06-03
2024060301029104,CITY,51,21,100.0,643.0,64300.0,2024-06-03
2024060301029103,CITY,58,21,125.0,643.0,80375.0,2024-06-03
2024060301029102,CITY,52,21,80.0,643.0,51440.0,2024-06-03
2024060301029101,CITY,28,21,10.0,643.0,6430.0,2024-06-03
2024060301029100,CITY,64,21,100.0,643.1,64310.0,2024-06-03
2024060301029099,CITY,8,21,10.0,643.1,6431.0,2024-06-03
2024060301029098,TPC,58,64,10.0,503.0,5030.0,2024-06-03
2024060304007998,SHEL,58,17,66.0,158.8,10480.8,2024-06-03
2024060304007997,SHEL,58,58,34.0,158.8,5399.2,2024-06-03
2024060304007996,SJCL,52,16,10.0,270.0,2700.0,2024-06-03
2024060305004334,NIFRA,1,51,35.0,198.9,6961.5,2024-06-03
2024060305004333,NIFRA,1,38,54.0,198.9,10740.6,2024-06-03
2024060305004332,NIFRA,1,36,11.0,198.8,2186.8,2024-06-03
2024060305004331,NIFRA,1,49,30.0,198.8,5964.0,2024-06-03
2024060305004330,NIFRA,1,42,50.0,198.8,9940.0,2024-06-03
2024060305004329,NIFRA,1,10,64.0,198.8,12723.2,2024-06-03
2024060305004328,NIFRA,1,26,54.0,198.8,10735.2,2024-06-03
2024060305004327,NIFRA,1,21,64.0,198.0,12672.0,2024-06-03
2024060305004326,NIFRA,1,21,30.0,197.7,5931.0,2024-06-03
2024060305004325,NIFRA,1,32,49.0,197.5,9677.5,2024-06-03
2024060305004324,NIFRA,1,1,59.0,197.4,11646.6,2024-06-03
2024060303017544,BFC,22,57,11.0,430.0,4730.0,2024-06-03
2024060304007995,AHPC,26,50,10.0,156.0,1560.0,2024-06-03
2024060301029097,IHL,6,49,190.0,411.0,78090.0,2024-06-03
2024060301029096,IHL,6,39,50.0,410.0,20500.0,2024-06-03
2024060301029095,IHL,6,34,10.0,410.0,4100.0,2024-06-03
2024060301029094,IHL,6,6,10.0,410.0,4100.0,2024-06-03
2024060301029093,IHL,6,35,10.0,410.0,4100.0,2024-06-03
2024060301029092,IHL,6,38,120.0,410.0,49200.0,2024-06-03
2024060301029091,IHL,6,43,500.0,409.0,204500.0,2024-06-03
2024060301029090,IHL,6,70,200.0,408.0,81600.0,2024-06-03
2024060301029089,IHL,6,26,10.0,407.0,4070.0,2024-06-03
2024060301029088,IHL,6,4,300.0,405.0,121500.0,2024-06-03
2024060301029087,MEHL,16,6,265.0,335.0,88775.0,2024-06-03
2024060301029086,MEHL,34,6,60.0,336.5,20190.0,2024-06-03
2024060301029085,EBL,33,48,10.0,527.8,5278.0,2024-06-03
2024060301029084,EBL,33,49,50.0,527.0,26350.0,2024-06-03
2024060303017543,HLI,36,74,10.0,387.4,3874.0,2024-06-03
2024060301029083,HATHY,49,32,400.0,891.0,356400.0,2024-06-03
2024060301029082,HATHY,49,38,50.0,891.0,44550.0,2024-06-03
2024060301029081,HATHY,49,42,100.0,890.0,89000.0,2024-06-03
2024060303017542,GLBSL,7,4,10.0,1912.0,19120.0,2024-06-03
2024060301029080,TVCL,42,57,10.0,454.7,4547.0,2024-06-03
2024060304007994,HPPL,56,45,29.0,260.0,7540.0,2024-06-03
2024060304007993,HPPL,56,41,10.0,257.3,2573.0,2024-06-03
2024060304007992,HPPL,56,39,341.0,257.0,87637.0,2024-06-03
2024060303017541,NMLBBL,32,57,20.0,732.0,14640.0,2024-06-03
2024060304007991,SPDL,34,57,180.0,233.1,41958.0,2024-06-03
2024060301029079,BNHC,29,49,700.0,642.0,449400.0,2024-06-03
2024060301029078,BNHC,29,38,50.0,642.0,32100.0,2024-06-03
2024060301029077,BNHC,29,38,10.0,642.0,6420.0,2024-06-03
2024060301029076,BNHC,29,34,500.0,642.0,321000.0,2024-06-03
2024060301029075,BNHC,29,18,1000.0,642.0,642000.0,2024-06-03
2024060301029074,BNHC,29,4,10.0,642.0,6420.0,2024-06-03
2024060301029073,BNHC,29,17,100.0,642.0,64200.0,2024-06-03
2024060301029072,BNHC,29,38,100.0,642.0,64200.0,2024-06-03
2024060301029071,BNHC,29,52,10.0,642.0,6420.0,2024-06-03
2024060301029070,BNHC,29,38,10.0,642.0,6420.0,2024-06-03
2024060301029069,BNHC,29,42,10.0,642.0,6420.0,2024-06-03
2024060301029068,BNHC,29,48,10.0,642.0,6420.0,2024-06-03
2024060301029067,BNHC,29,49,50.0,640.0,32000.0,2024-06-03
2024060301029066,BNHC,29,32,70.0,640.0,44800.0,2024-06-03
2024060301029065,BNHC,29,21,10.0,635.0,6350.0,2024-06-03
2024060301029064,BNHC,29,28,100.0,635.0,63500.0,2024-06-03
2024060301029063,BNHC,29,25,160.0,634.0,101440.0,2024-06-03
2024060301029062,BNHC,29,74,100.0,632.5,63250.0,2024-06-03
2024060303017540,PFL,41,71,10.0,656.9,6569.0,2024-06-03
2024060303017539,PFL,41,88,100.0,655.0,65500.0,2024-06-03
2024060303017538,PFL,41,21,43.0,655.0,28165.0,2024-06-03
2024060301029061,MEL,58,5,10.0,228.0,2280.0,2024-06-03
2024060304007990,AKJCL,52,22,10.0,204.8,2048.0,2024-06-03
2024060301029060,BEDC,25,81,10.0,400.0,4000.0,2024-06-03
2024060301029059,PPL,25,38,250.0,453.0,113250.0,2024-06-03
2024060303017537,KRBL,58,45,70.0,420.0,29400.0,2024-06-03
2024060303017536,KRBL,21,45,30.0,420.1,12603.0,2024-06-03
2024060301029058,GCIL,45,57,14.0,483.1,6763.4,2024-06-03
2024060301029057,NMB,43,14,200.0,200.0,40000.0,2024-06-03
2024060301029056,DORDI,49,94,49.0,432.1,21172.9,2024-06-03
2024060301029055,DORDI,45,94,120.0,433.0,51960.0,2024-06-03
2024060301029054,DORDI,34,94,100.0,433.0,43300.0,2024-06-03
2024060301029053,DORDI,34,94,131.0,433.0,56723.0,2024-06-03
2024060301029052,ULHC,18,26,210.0,413.1,86751.0,2024-06-03
2024060304007989,DHPL,63,14,440.0,189.3,83292.0,2024-06-03
2024060303017535,JFL,41,14,100.0,561.0,56100.0,2024-06-03
2024060301029051,MMKJL,38,33,10.0,439.2,4392.0,2024-06-03
2024060305004323,NTC,58,49,100.0,836.1,83610.0,2024-06-03
2024060304007988,IGI,40,85,10.0,529.9,5299.0,2024-06-03
2024060304007987,SHEL,58,42,450.0,157.1,70695.0,2024-06-03
2024060304007986,SHEL,34,42,150.0,157.1,23565.0,2024-06-03
2024060304007985,SHEL,51,42,100.0,157.2,15720.0,2024-06-03
2024060304007984,SHEL,57,42,200.0,157.2,31440.0,2024-06-03
2024060304007983,SHEL,55,42,200.0,157.3,31460.0,2024-06-03
2024060304007982,MEN,42,52,37.0,580.0,21460.0,2024-06-03
2024060304007981,MEN,42,45,200.0,580.0,116000.0,2024-06-03
2024060304007980,MEN,42,58,21.0,580.0,12180.0,2024-06-03
2024060304007979,MEN,42,41,10.0,580.0,5800.0,2024-06-03
2024060304007978,MEN,42,62,10.0,580.0,5800.0,2024-06-03
2024060304007977,MEN,42,33,962.0,580.0,557960.0,2024-06-03
2024060304007976,MEN,42,85,1300.0,579.9,753870.0,2024-06-03
2024060304007975,MEN,42,40,100.0,579.8,57980.0,2024-06-03
2024060304007974,MEN,42,49,50.0,579.5,28975.0,2024-06-03
2024060304007973,MEN,42,38,310.0,577.0,178870.0,2024-06-03
2024060304007972,UPCL,38,40,300.0,191.0,57300.0,2024-06-03
2024060304007971,UPCL,38,53,144.0,191.0,27504.0,2024-06-03
2024060301029050,NIMB,38,45,10.0,161.0,1610.0,2024-06-03
2024060304007970,RURU,38,14,182.0,622.9,113367.8,2024-06-03
2024060305004322,SMATA,56,13,10.0,939.0,9390.0,2024-06-03
2024060301029049,SARBTM,34,13,120.0,826.0,99120.0,2024-06-03
2024060303017534,NFS,16,5,50.0,583.0,29150.0,2024-06-03
2024060303017533,NFS,25,5,50.0,583.1,29155.0,2024-06-03
2024060303017532,ACLBSL,19,26,10.0,940.0,9400.0,2024-06-03
2024060303017531,HLBSL,62,77,600.0,1260.0,756000.0,2024-06-03
2024060303017530,FMDBL,13,62,152.0,691.0,105032.0,2024-06-03
2024060303017529,FMDBL,49,62,10.0,691.0,6910.0,2024-06-03
2024060303017528,FMDBL,56,62,38.0,692.0,26296.0,2024-06-03
2024060303017527,FMDBL,49,62,100.0,692.1,69210.0,2024-06-03
2024060303017526,FMDBL,43,62,50.0,692.3,34615.0,2024-06-03
2024060303017525,FMDBL,50,62,150.0,695.0,104250.0,2024-06-03
2024060303017524,GILB,62,25,200.0,1313.0,262600.0,2024-06-03
2024060303017523,JFL,41,45,800.0,561.0,448800.0,2024-06-03
2024060303017522,JFL,41,54,145.0,560.0,81200.0,2024-06-03
2024060303017521,JFL,41,26,70.0,560.0,39200.0,2024-06-03
2024060303017520,JFL,41,57,10.0,560.0,5600.0,2024-06-03
2024060303017519,JFL,41,38,300.0,560.0,168000.0,2024-06-03
2024060303017518,JFL,41,5,1000.0,559.9,559900.0,2024-06-03
2024060303017517,JFL,41,19,300.0,558.0,167400.0,2024-06-03
2024060303017516,JFL,41,67,36.0,556.0,20016.0,2024-06-03
2024060303017515,JFL,41,38,100.0,554.5,55450.0,2024-06-03
2024060303017514,JFL,41,58,100.0,554.0,55400.0,2024-06-03
2024060303017513,JFL,41,49,50.0,552.0,27600.0,2024-06-03
2024060304007969,PPCL,38,7,29.0,224.5,6510.5,2024-06-03
2024060304007968,PPCL,49,7,50.0,224.5,11225.0,2024-06-03
2024060304007967,PPCL,36,7,100.0,224.5,22450.0,2024-06-03
2024060304007966,PPCL,6,7,71.0,224.7,15953.7,2024-06-03
2024060305004321,CHDC,34,11,10.0,878.0,8780.0,2024-06-03
2024060304007965,UMRH,59,34,70.0,370.1,25907.0,2024-06-03
2024060304007964,UMRH,1,34,130.0,370.2,48126.0,2024-06-03
2024060304007963,CHL,34,58,30.0,325.0,9750.0,2024-06-03
2024060301029048,EHPL,66,65,10.0,534.0,5340.0,2024-06-03
2024060301029047,EHPL,66,38,10.0,526.0,5260.0,2024-06-03
2024060301029046,NWCL,21,50,100.0,837.0,83700.0,2024-06-03
2024060303017512,EDBL,21,62,50.0,380.0,19000.0,2024-06-03
2024060301029045,HATHY,21,42,10.0,890.0,8900.0,2024-06-03
2024060303017511,HLI,52,74,58.0,388.0,22504.0,2024-06-03
2024060303017510,SABSL,52,41,31.0,983.0,30473.0,2024-06-03
2024060303017509,SABSL,52,58,19.0,980.0,18620.0,2024-06-03
2024060303017508,SABSL,52,41,50.0,979.0,48950.0,2024-06-03
2024060301029044,RFPL,14,58,364.0,354.1,128892.4,2024-06-03
2024060301029043,RFPL,19,58,36.0,355.0,12780.0,2024-06-03
2024060305004320,NRN,58,33,281.0,595.0,167195.0,2024-06-03
2024060305004319,NRN,58,46,10.0,595.0,5950.0,2024-06-03
2024060305004318,NRN,58,38,110.0,595.0,65450.0,2024-06-03
2024060305004317,NRN,58,53,10.0,595.0,5950.0,2024-06-03
2024060305004316,NRN,58,94,100.0,594.9,59490.0,2024-06-03
2024060305004315,NRN,58,45,100.0,594.0,59400.0,2024-06-03
2024060305004314,NRN,58,55,500.0,594.0,297000.0,2024-06-03
2024060305004313,NRN,58,61,450.0,593.9,267255.0,2024-06-03
2024060305004312,NRN,58,10,300.0,593.8,178140.0,2024-06-03
2024060305004311,NRN,58,21,300.0,593.0,177900.0,2024-06-03
2024060305004310,NRN,58,21,300.0,593.0,177900.0,2024-06-03
2024060305004309,NRN,58,38,100.0,590.9,59090.0,2024-06-03
2024060305004308,NRN,58,35,200.0,590.4,118080.0,2024-06-03
2024060305004307,NRN,58,42,10.0,590.4,5904.0,2024-06-03
2024060305004306,NRN,58,94,200.0,590.0,118000.0,2024-06-03
2024060305004305,NRN,58,58,29.0,590.0,17110.0,2024-06-03
2024060303017507,EDBL,36,62,120.0,380.0,45600.0,2024-06-03
2024060301029042,NIMB,37,45,50.0,161.0,8050.0,2024-06-03
2024060301029041,SHLB,45,43,10.0,1722.0,17220.0,2024-06-03
2024060303017506,BFC,57,22,170.0,425.0,72250.0,2024-06-03
2024060303017505,BFC,38,22,30.0,425.0,12750.0,2024-06-03
2024060303017504,NADEP,22,42,10.0,796.0,7960.0,2024-06-03
2024060301029040,ILI,6,26,10.0,433.0,4330.0,2024-06-03
2024060301029039,NICA,14,48,100.0,416.0,41600.0,2024-06-03
2024060301029038,SBL,14,17,1000.0,247.5,247500.0,2024-06-03
2024060301029037,BNHC,71,6,20.0,630.2,12604.0,2024-06-03
2024060303017503,LBBL,53,38,10.0,381.0,3810.0,2024-06-03
2024060303017502,GILB,62,25,86.0,1313.0,112918.0,2024-06-03
2024060303017501,GILB,62,45,63.0,1313.0,82719.0,2024-06-03
2024060303017500,GILB,62,62,101.0,1313.0,132613.0,2024-06-03
2024060303017499,GILB,62,33,50.0,1313.0,65650.0,2024-06-03
2024060303017498,GMFBS,49,29,10.0,1251.0,12510.0,2024-06-03
2024060301029036,MKCL,41,25,20.0,1030.0,20600.0,2024-06-03
2024060301029035,SIKLES,41,34,10.0,563.0,5630.0,2024-06-03
2024060301029034,SIKLES,41,14,10.0,560.0,5600.0,2024-06-03
2024060301029033,SIKLES,41,32,50.0,560.0,28000.0,2024-06-03
2024060301029032,MBJC,47,25,10.0,305.0,3050.0,2024-06-03
2024060301029031,MBJC,47,49,10.0,303.2,3032.0,2024-06-03
2024060301029030,MBJC,47,40,10.0,303.0,3030.0,2024-06-03
2024060301029029,ULHC,18,7,10.0,413.1,4131.0,2024-06-03
2024060305004304,STC,54,34,50.0,4720.0,236000.0,2024-06-03
2024060305004303,STC,54,62,50.0,4719.0,235950.0,2024-06-03
2024060301029028,GVL,66,32,275.0,508.0,139700.0,2024-06-03
2024060301029027,GVL,66,13,25.0,506.0,12650.0,2024-06-03
2024060304007962,KPCL,52,65,10.0,450.0,4500.0,2024-06-03
2024060304007961,SHL,52,34,100.0,436.0,43600.0,2024-06-03
2024060303017497,SFCL,8,59,159.0,366.0,58194.0,2024-06-03
2024060303017496,SFCL,8,57,20.0,366.0,7320.0,2024-06-03
2024060303017495,SFCL,8,55,21.0,366.0,7686.0,2024-06-03
2024060303017494,EDBL,58,41,10.0,379.9,3799.0,2024-06-03
2024060303017493,GBLBS,58,35,72.0,769.9,55432.8,2024-06-03
2024060301029026,MHL,88,13,10.0,447.4,4474.0,2024-06-03
2024060301029025,RBCLPO,58,84,10.0,10750.0,107500.0,2024-06-03
2024060301029024,RBCLPO,58,58,10.0,10750.0,107500.0,2024-06-03
2024060301029023,RBCLPO,58,84,90.0,10740.0,966600.0,2024-06-03
2024060301029022,RBCLPO,58,16,10.0,10739.0,107390.0,2024-06-03
2024060301029021,RBCLPO,58,59,20.0,10739.0,214780.0,2024-06-03
2024060303017492,RSDC,45,7,14.0,692.0,9688.0,2024-06-03
2024060304007960,NHDL,14,81,100.0,493.0,49300.0,2024-06-03
2024060301029020,MLBS,49,81,40.0,1355.0,54200.0,2024-06-03
2024060301029019,MLBS,49,52,60.0,1350.0,81000.0,2024-06-03
2024060301029018,HBL,49,48,10.0,193.3,1933.0,2024-06-03
2024060305004302,NRN,48,58,150.0,590.0,88500.0,2024-06-03
2024060305004301,NRN,48,1,50.0,589.9,29495.0,2024-06-03
2024060304007959,SHPC,42,58,60.0,328.9,19734.0,2024-06-03
2024060305004300,CHDC,50,38,20.0,876.2,17524.0,2024-06-03
2024060303017491,GILB,62,62,14.0,1313.0,18382.0,2024-06-03
2024060303017490,GILB,62,62,20.0,1312.9,26258.0,2024-06-03
2024060303017489,GILB,62,84,20.0,1311.0,26220.0,2024-06-03
2024060303017488,GILB,62,25,340.0,1311.0,445740.0,2024-06-03
2024060301029017,PPL,57,38,50.0,453.0,22650.0,2024-06-03
2024060301029016,ICFCD83,38,57,18.0,1225.0,22050.0,2024-06-03
2024060301029015,SHLB,21,43,10.0,1750.0,17500.0,2024-06-03
2024060301029014,RAWA,6,10,100.0,518.0,51800.0,2024-06-03
2024060301029013,RAWA,58,10,40.0,518.0,20720.0,2024-06-03
2024060303017487,SWMF,16,81,100.0,842.0,84200.0,2024-06-03
2024060303017486,SAPDBL,52,62,30.0,325.0,9750.0,2024-06-03
2024060303017485,PMLI,17,36,80.0,501.0,40080.0,2024-06-03
2024060303017484,MPFL,43,43,20.0,498.0,9960.0,2024-06-03
2024060304007958,SGIC,26,14,10.0,530.1,5301.0,2024-06-03
2024060303017483,SINDU,49,26,100.0,375.8,37580.0,2024-06-03
2024060303017482,GUFL,58,36,10.0,668.0,6680.0,2024-06-03
2024060301029012,ULBSL,58,17,10.0,1840.0,18400.0,2024-06-03
2024060301029011,MKHL,42,38,420.0,459.9,193158.0,2024-06-03
2024060301029010,MKHL,42,22,210.0,459.8,96558.0,2024-06-03
2024060301029009,MKHL,42,54,10.0,459.7,4597.0,2024-06-03
2024060301029008,MKHL,42,32,60.0,458.0,27480.0,2024-06-03
2024060303017481,CFCL,38,11,10.0,408.0,4080.0,2024-06-03
2024060301029007,RAWA,56,35,10.0,521.0,5210.0,2024-06-03
2024060303017480,GILB,62,25,120.0,1311.0,157320.0,2024-06-03
2024060303017479,GILB,62,62,30.0,1310.0,39300.0,2024-06-03
2024060303017478,GILB,62,62,20.0,1310.0,26200.0,2024-06-03
2024060303017477,GILB,62,43,30.0,1310.0,39300.0,2024-06-03
2024060303017476,MNBBL,74,29,190.0,342.7,65113.0,2024-06-03
2024060303017475,MNBBL,26,29,44.0,342.7,15078.8,2024-06-03
2024060303017474,MNBBL,58,29,500.0,342.8,171400.0,2024-06-03
2024060303017473,MNBBL,45,29,21.0,343.0,7203.0,2024-06-03
2024060304007957,UAIL,29,55,200.0,560.0,112000.0,2024-06-03
2024060304007956,UPPER,52,57,88.0,161.7,14229.6,2024-06-03
2024060304007955,UPPER,17,57,10.0,161.8,1618.0,2024-06-03
2024060304007954,UPPER,59,57,155.0,162.0,25110.0,2024-06-03
2024060304007953,UPPER,3,57,300.0,162.0,48600.0,2024-06-03
2024060304007952,UPPER,57,57,162.0,162.0,26244.0,2024-06-03
2024060304007951,UPPER,29,57,285.0,162.1,46198.5,2024-06-03
2024060304007950,RIDI,44,34,100.0,167.0,16700.0,2024-06-03
2024060303017472,LBBL,21,38,10.0,381.0,3810.0,2024-06-03
2024060303017471,GILB,39,61,100.0,1300.0,130000.0,2024-06-03
2024060303017470,BFC,38,10,70.0,425.0,29750.0,2024-06-03
2024060303017469,BFC,62,10,10.0,425.0,4250.0,2024-06-03
2024060303017468,BFC,57,10,300.0,425.1,127530.0,2024-06-03
2024060303017467,BFC,58,10,50.0,425.2,21260.0,2024-06-03
2024060303017466,BFC,32,10,100.0,425.3,42530.0,2024-06-03
2024060303017465,BFC,32,10,270.0,425.3,114831.0,2024-06-03
2024060301029006,SMH,34,69,290.0,706.6,204914.0,2024-06-03
2024060301029005,SMH,4,69,100.0,706.8,70680.0,2024-06-03
2024060301029004,MAKAR,88,57,10.0,405.0,4050.0,2024-06-03
2024060301029003,NBL,43,59,46.0,212.5,9775.0,2024-06-03
2024060301029002,EBL,11,43,150.0,524.1,78615.0,2024-06-03
2024060301029001,SONA,43,34,10.0,445.0,4450.0,2024-06-03
2024060305004299,HRL,44,57,60.0,573.0,34380.0,2024-06-03
2024060303017464,KSBBL,71,11,100.0,372.0,37200.0,2024-06-03
2024060301029000,PRVU,58,35,60.0,144.0,8640.0,2024-06-03
2024060301028999,PRVU,58,36,100.0,144.0,14400.0,2024-06-03
2024060301028998,PRVU,58,34,1269.0,144.0,182736.0,2024-06-03
2024060303017463,MDB,58,29,150.0,484.0,72600.0,2024-06-03
2024060301028997,PHCL,13,6,44.0,307.0,13508.0,2024-06-03
2024060301028996,GVL,58,13,25.0,506.0,12650.0,2024-06-03
2024060301028995,GVL,35,13,450.0,506.0,227700.0,2024-06-03
2024060301028994,PHCL,52,19,10.0,306.1,3061.0,2024-06-03
2024060305004298,HIDCL,14,34,180.0,162.6,29268.0,2024-06-03
2024060305004297,HIDCL,43,34,70.0,162.7,11389.0,2024-06-03
2024060305004296,ENL,32,58,10.0,910.0,9100.0,2024-06-03
2024060304007949,RADHI,44,35,350.0,231.9,81165.0,2024-06-03
2024060303017462,MLBBL,28,35,70.0,1278.0,89460.0,2024-06-03
2024060303017461,MLBBL,28,25,100.0,1277.9,127790.0,2024-06-03
2024060304007948,AKJCL,43,22,10.0,204.8,2048.0,2024-06-03
2024060304007947,NHDL,14,58,65.0,491.0,31915.0,2024-06-03
2024060301028993,SCB,38,22,10.0,566.0,5660.0,2024-06-03
2024060303017460,FMDBL,50,62,720.0,695.0,500400.0,2024-06-03
2024060303017459,FMDBL,45,62,156.0,695.0,108420.0,2024-06-03
2024060303017458,FMDBL,58,62,44.0,695.2,30588.8,2024-06-03
2024060303017457,FMDBL,14,62,80.0,695.5,55640.0,2024-06-03
2024060305004295,NRN,21,58,60.0,590.0,35400.0,2024-06-03
2024060305004294,HRL,53,34,31.0,571.2,17707.2,2024-06-03
2024060301028992,NRM,44,34,182.0,390.1,70998.2,2024-06-03
2024060301028991,NRM,32,34,18.0,390.5,7029.0,2024-06-03
2024060301028990,CITY,8,35,40.0,643.1,25724.0,2024-06-03
2024060301028989,CITY,11,35,10.0,643.2,6432.0,2024-06-03
2024060304007946,SPDL,17,43,12.0,236.0,2832.0,2024-06-03
2024060304007945,SGIC,26,45,500.0,530.1,265050.0,2024-06-03
2024060301028988,HHL,7,26,11.0,362.0,3982.0,2024-06-03
2024060303017456,KRBL,21,14,170.0,420.1,71417.0,2024-06-03
2024060303017455,KRBL,40,14,70.0,420.2,29414.0,2024-06-03
2024060303017454,KRBL,4,14,50.0,420.2,21010.0,2024-06-03
2024060303017453,KRBL,32,14,210.0,421.0,88410.0,2024-06-03
2024060304007944,API,93,17,10.0,168.0,1680.0,2024-06-03
2024060301028987,GBIME,58,33,200.0,183.6,36720.0,2024-06-03
2024060303017452,PFL,41,44,1800.0,650.0,1170000.0,2024-06-03
2024060303017451,JBBL,35,49,150.0,288.1,43215.0,2024-06-03
2024060301028986,GVL,35,65,200.0,506.0,101200.0,2024-06-03
2024060301028985,AVYAN,17,48,75.0,890.0,66750.0,2024-06-03
2024060305004293,HRL,53,56,108.0,571.2,61689.6,2024-06-03
2024060304007943,RADHI,44,50,2000.0,231.9,463800.0,2024-06-03
2024060303017450,KRBL,32,26,120.0,421.0,50520.0,2024-06-03
2024060303017449,KRBL,32,29,20.0,420.6,8412.0,2024-06-03
2024060305004292,NICSF,36,63,200.0,9.4,1880.0,2024-06-03
2024060305004291,NICSF,36,16,2000.0,9.4,18800.0,2024-06-03
2024060305004290,NICSF,36,26,5000.0,9.4,47000.0,2024-06-03
2024060303017448,ACLBSL,43,26,10.0,940.0,9400.0,2024-06-03
2024060303017447,ICFC,38,59,190.0,515.1,97869.0,2024-06-03
2024060303017446,ICFC,4,59,10.0,515.2,5152.0,2024-06-03
2024060303017445,PFL,41,45,1852.0,650.0,1203800.0,2024-06-03
2024060303017444,PFL,25,45,200.0,651.0,130200.0,2024-06-03
2024060303017443,EDBL,14,41,64.0,379.9,24313.6,2024-06-03
2024060303017442,EDBL,14,33,36.0,375.0,13500.0,2024-06-03
2024060303017441,SAPDBL,47,14,55.0,324.0,17820.0,2024-06-03
2024060303017440,SAPDBL,63,14,110.0,324.5,35695.0,2024-06-03
2024060301028984,MEHL,70,44,10.0,337.0,3370.0,2024-06-03
2024060304007942,AHPC,53,50,20.0,156.0,3120.0,2024-06-03
2024060301028983,RAWA,18,35,10.0,521.0,5210.0,2024-06-03
2024060304007941,NGPL,58,11,200.0,308.0,61600.0,2024-06-03
2024060304007940,NGPL,58,10,150.0,308.0,46200.0,2024-06-03
2024060301028982,SONA,41,57,150.0,442.0,66300.0,2024-06-03
2024060301028981,SONA,22,57,20.0,444.0,8880.0,2024-06-03
2024060303017439,SABSL,29,34,10.0,976.0,9760.0,2024-06-03
2024060301028980,NMB,54,14,320.0,200.0,64000.0,2024-06-03
2024060301028979,GCIL,43,34,15.0,483.0,7245.0,2024-06-03
2024060301028978,GCIL,49,34,10.0,483.0,4830.0,2024-06-03
2024060301028977,GCIL,32,34,80.0,483.0,38640.0,2024-06-03
2024060301028976,GCIL,59,34,89.0,483.0,42987.0,2024-06-03
2024060301028975,GCIL,11,34,16.0,483.0,7728.0,2024-06-03
2024060301028974,BNT,58,43,10.0,12910.2,129102.0,2024-06-03
2024060303017438,MPFL,43,54,280.0,505.0,141400.0,2024-06-03
2024060303017437,MPFL,43,42,370.0,504.3,186591.0,2024-06-03
2024060303017436,MPFL,43,42,350.0,499.0,174650.0,2024-06-03
2024060301028973,NBL,25,59,20.0,212.5,4250.0,2024-06-03
2024060301028972,NBL,13,59,50.0,212.5,10625.0,2024-06-03
2024060301028971,NBL,38,59,46.0,212.5,9775.0,2024-06-03
2024060304007939,NICL,8,45,100.0,830.0,83000.0,2024-06-03
2024060301028970,MKHL,58,40,300.0,457.1,137130.0,2024-06-03
2024060301028969,HDL,81,42,200.0,1295.0,259000.0,2024-06-03
2024060301028968,KBSH,54,43,10.0,1153.0,11530.0,2024-06-03
2024060305004289,NIFRA,1,39,245.0,197.1,48289.5,2024-06-03
2024060305004288,NIFRA,81,39,19.0,197.3,3748.7,2024-06-03
2024060305004287,NIFRA,14,39,236.0,197.3,46562.8,2024-06-03
2024060301028967,GVL,66,32,77.0,508.0,39116.0,2024-06-03
2024060301028966,GVL,66,70,500.0,508.0,254000.0,2024-06-03
2024060301028965,GVL,66,51,10.0,508.0,5080.0,2024-06-03
2024060301028964,GVL,66,45,100.0,507.9,50790.0,2024-06-03
2024060301028963,GVL,66,1,170.0,507.0,86190.0,2024-06-03
2024060301028962,GVL,66,85,125.0,507.0,63375.0,2024-06-03
2024060301028961,GVL,66,52,350.0,506.5,177275.0,2024-06-03
2024060301028960,GVL,66,17,668.0,506.1,338074.8,2024-06-03
2024060301028959,MBL,17,11,138.0,172.0,23736.0,2024-06-03
2024060301028958,MBL,41,11,500.0,172.1,86050.0,2024-06-03
2024060301028957,MBL,35,11,80.0,172.2,13776.0,2024-06-03
2024060304007938,RIDI,52,62,200.0,168.9,33780.0,2024-06-03
2024060303017435,PMLI,45,36,50.0,501.5,25075.0,2024-06-03
2024060303017434,PMLI,35,36,100.0,501.7,50170.0,2024-06-03
2024060303017433,LBBL,22,70,157.0,380.0,59660.0,2024-06-03
2024060301028956,MEL,44,5,10.0,228.0,2280.0,2024-06-03
2024060304007937,AHPC,1,13,187.0,155.6,29097.2,2024-06-03
2024060304007936,AHPC,35,13,100.0,155.6,15560.0,2024-06-03
2024060304007935,SHEL,13,42,100.0,158.0,15800.0,2024-06-03
2024060304007934,RHPL,41,35,100.0,280.3,28030.0,2024-06-03
2024060304007933,RHPL,41,53,43.0,280.0,12040.0,2024-06-03
2024060304007932,RHPL,41,22,100.0,280.0,28000.0,2024-06-03
2024060304007931,RHPL,41,54,100.0,280.0,28000.0,2024-06-03
2024060304007930,RHPL,41,57,400.0,279.9,111960.0,2024-06-03
2024060304007929,RHPL,41,45,100.0,279.8,27980.0,2024-06-03
2024060304007928,RHPL,41,45,100.0,279.0,27900.0,2024-06-03
2024060304007927,RHPL,41,25,50.0,279.0,13950.0,2024-06-03
2024060305004286,NRN,64,58,250.0,590.0,147500.0,2024-06-03
2024060303017432,SHINE,49,34,25.0,389.0,9725.0,2024-06-03
2024060303017431,GBLBS,35,35,100.0,769.9,76990.0,2024-06-03
2024060304007926,GHL,16,39,50.0,146.9,7345.0,2024-06-03
2024060304007925,GHL,16,42,700.0,146.0,102200.0,2024-06-03
2024060304007924,GHL,16,18,10.0,146.0,1460.0,2024-06-03
2024060304007923,GHL,16,35,10.0,146.0,1460.0,2024-06-03
2024060304007922,GHL,16,41,230.0,146.0,33580.0,2024-06-03
2024060301028955,MHCL,34,34,20.0,390.0,7800.0,2024-06-03
2024060301028954,GVL,35,17,60.0,506.0,30360.0,2024-06-03
2024060301028953,RNLI,44,25,11.0,426.0,4686.0,2024-06-03
2024060303017430,MLBBL,42,22,10.0,1265.0,12650.0,2024-06-03
2024060303017429,LLBS,6,25,10.0,1100.0,11000.0,2024-06-03
2024060303017428,GMFBS,85,29,10.0,1290.0,12900.0,2024-06-03
2024060303017427,GMFBS,85,34,10.0,1276.0,12760.0,2024-06-03
2024060301028952,BHDC,65,42,311.0,591.0,183801.0,2024-06-03
2024060301028951,BHDC,65,4,10.0,591.0,5910.0,2024-06-03
2024060301028950,BHDC,65,34,100.0,591.0,59100.0,2024-06-03
2024060301028949,BHDC,65,34,10.0,591.0,5910.0,2024-06-03
2024060301028948,BHDC,65,11,270.0,590.0,159300.0,2024-06-03
2024060301028947,BHDC,65,58,10.0,590.0,5900.0,2024-06-03
2024060301028946,BHDC,65,14,400.0,590.0,236000.0,2024-06-03
2024060301028945,BHDC,65,37,10.0,590.0,5900.0,2024-06-03
2024060301028944,BHDC,65,52,10.0,590.0,5900.0,2024-06-03
2024060301028943,BHDC,65,14,300.0,590.0,177000.0,2024-06-03
2024060301028942,BHDC,65,3,10.0,590.0,5900.0,2024-06-03
2024060301028941,BHDC,65,61,969.0,590.0,571710.0,2024-06-03
2024060301028940,BHDC,65,58,10.0,590.0,5900.0,2024-06-03
2024060301028939,BHDC,65,59,10.0,590.0,5900.0,2024-06-03
2024060301028938,BHDC,65,51,10.0,590.0,5900.0,2024-06-03
2024060301028937,BHDC,65,71,470.0,590.0,277300.0,2024-06-03
2024060301028936,BHDC,65,56,1000.0,589.0,589000.0,2024-06-03
2024060301028935,BHDC,65,26,200.0,588.0,117600.0,2024-06-03
2024060301028934,BHDC,65,41,10.0,586.9,5869.0,2024-06-03
2024060301028933,BHDC,65,44,10.0,585.0,5850.0,2024-06-03
2024060301028932,BHDC,65,37,500.0,584.0,292000.0,2024-06-03
2024060301028931,BHDC,65,65,180.0,583.9,105102.0,2024-06-03
2024060301028930,BHDC,65,17,40.0,583.0,23320.0,2024-06-03
2024060301028929,BHDC,65,26,10.0,583.0,5830.0,2024-06-03
2024060301028928,BHDC,65,37,140.0,579.4,81116.0,2024-06-03
2024060301028927,SAHAS,42,38,10.0,532.0,5320.0,2024-06-03
2024060301028926,SAHAS,42,1,250.0,532.0,133000.0,2024-06-03
2024060303017426,CFCL,38,11,10.0,408.0,4080.0,2024-06-03
2024060303017425,MPFL,34,42,150.0,499.0,74850.0,2024-06-03
2024060301028925,CITY,35,57,30.0,643.3,19299.0,2024-06-03
2024060304007921,NHDL,14,57,35.0,491.0,17185.0,2024-06-03
2024060305004285,SMATA,57,13,10.0,939.0,9390.0,2024-06-03
2024060303017424,NFS,5,59,100.0,584.0,58400.0,2024-06-03
2024060303017423,FMDBL,14,58,20.0,695.5,13910.0,2024-06-03
2024060304007920,SICL,58,17,20.0,703.0,14060.0,2024-06-03
2024060303017422,HLBSL,29,77,50.0,1260.0,63000.0,2024-06-03
2024060301028924,SARBTM,66,58,50.0,826.1,41305.0,2024-06-03
2024060301028923,SARBTM,66,16,50.0,826.1,41305.0,2024-06-03
2024060301028922,MBJC,58,35,80.0,302.3,24184.0,2024-06-03
2024060301028921,SONA,22,1,100.0,444.0,44400.0,2024-06-03
2024060301028920,TAMOR,72,59,10.0,390.0,3900.0,2024-06-03
2024060305004284,NRIC,37,43,95.0,664.0,63080.0,2024-06-03
2024060301028919,SMHL,11,43,270.0,518.0,139860.0,2024-06-03
2024060301028918,SMHL,36,43,20.0,518.1,10362.0,2024-06-03
2024060301028917,SMHL,63,43,100.0,518.2,51820.0,2024-06-03
2024060301028916,SMHL,64,43,500.0,519.0,259500.0,2024-06-03
2024060301028915,SMHL,65,43,190.0,519.0,98610.0,2024-06-03
2024060301028914,SMHL,57,43,50.0,519.1,25955.0,2024-06-03
2024060301028913,SMHL,70,43,100.0,519.1,51910.0,2024-06-03
2024060301028912,SMHL,49,43,50.0,520.0,26000.0,2024-06-03
2024060301028911,SMHL,65,43,220.0,521.0,114620.0,2024-06-03
2024060301028910,CZBIL,11,22,31.0,167.6,5195.6,2024-06-03
2024060301028909,HATHY,33,45,270.0,886.8,239436.0,2024-06-03
2024060301028908,HATHY,4,45,100.0,886.9,88690.0,2024-06-03
2024060301028907,HATHY,4,45,100.0,886.9,88690.0,2024-06-03
2024060301028906,HATHY,38,45,30.0,887.0,26610.0,2024-06-03
2024060301028905,NICA,48,48,300.0,416.9,125070.0,2024-06-03
2024060301028904,GVL,35,56,10.0,506.0,5060.0,2024-06-03
2024060304007919,CGH,6,57,115.0,846.1,97301.5,2024-06-03
2024060301028903,NYADI,7,52,10.0,294.6,2946.0,2024-06-03
2024060301028902,BHPL,35,34,20.0,582.0,11640.0,2024-06-03
2024060301028901,BHPL,35,7,30.0,580.3,17409.0,2024-06-03
2024060301028900,BHPL,35,41,30.0,580.0,17400.0,2024-06-03
2024060301028899,BHPL,35,41,210.0,580.0,121800.0,2024-06-03
2024060301028898,BHPL,35,35,10.0,580.0,5800.0,2024-06-03
2024060301028897,BHPL,35,41,200.0,579.0,115800.0,2024-06-03
2024060301028896,USHEC,11,32,60.0,413.1,24786.0,2024-06-03
2024060305004283,NRN,34,58,11.0,590.0,6490.0,2024-06-03
2024060305004282,NRN,34,16,89.0,590.0,52510.0,2024-06-03
2024060304007918,SICL,47,34,20.0,702.0,14040.0,2024-06-03
2024060304007917,SICL,38,34,77.0,702.0,54054.0,2024-06-03
2024060303017421,NFS,45,59,20.0,584.0,11680.0,2024-06-03
2024060303017420,GBLBS,25,35,65.0,769.9,50043.5,2024-06-03
2024060303017419,NFS,74,59,80.0,584.2,46736.0,2024-06-03
2024060305004281,STC,54,40,30.0,4700.0,141000.0,2024-06-03
2024060303017418,PROFL,22,49,1364.0,356.0,485584.0,2024-06-03
2024060304007916,SGIC,26,49,10.0,530.1,5301.0,2024-06-03
2024060304007915,BPCL,14,48,137.0,292.0,40004.0,2024-06-03
2024060305004280,NRN,51,16,11.0,590.0,6490.0,2024-06-03
2024060303017417,CFCL,45,50,439.0,405.0,177795.0,2024-06-03
2024060303017416,CFCL,14,50,480.0,405.0,194400.0,2024-06-03
2024060303017415,CFCL,35,50,400.0,406.0,162400.0,2024-06-03
2024060303017414,CFCL,57,50,300.0,406.0,121800.0,2024-06-03
2024060303017413,CFCL,45,50,35.0,406.0,14210.0,2024-06-03
2024060303017412,CFCL,33,50,20.0,406.0,8120.0,2024-06-03
2024060303017411,CFCL,26,50,100.0,407.0,40700.0,2024-06-03
2024060303017410,CFCL,38,50,200.0,408.0,81600.0,2024-06-03
2024060303017409,CFCL,38,50,176.0,408.0,71808.0,2024-06-03
2024060301028895,MEL,55,7,10.0,225.6,2256.0,2024-06-03
2024060304007914,API,58,17,10.0,168.0,1680.0,2024-06-03
2024060301028894,ADBL,28,7,50.0,262.0,13100.0,2024-06-03
2024060305004279,CHDC,50,34,60.0,876.2,52572.0,2024-06-03
2024060305004278,CHDC,1,34,150.0,876.3,131445.0,2024-06-03
2024060305004277,CHDC,42,34,320.0,876.5,280480.0,2024-06-03
2024060301028893,SPC,36,57,10.0,523.0,5230.0,2024-06-03
2024060301028892,RNLI,44,55,11.0,426.0,4686.0,2024-06-03
2024060303017408,MPFL,43,42,130.0,504.3,65559.0,2024-06-03
2024060303017407,MPFL,43,50,100.0,503.0,50300.0,2024-06-03
2024060303017406,MPFL,43,50,100.0,502.0,50200.0,2024-06-03
2024060303017405,MPFL,43,80,10.0,501.0,5010.0,2024-06-03
2024060303017404,MPFL,43,26,100.0,500.0,50000.0,2024-06-03
2024060303017403,MPFL,43,49,50.0,500.0,25000.0,2024-06-03
2024060303017402,MPFL,43,35,190.0,500.0,95000.0,2024-06-03
2024060303017401,MPFL,43,45,1070.0,500.0,535000.0,2024-06-03
2024060303017400,MPFL,43,16,100.0,500.0,50000.0,2024-06-03
2024060303017399,MPFL,43,45,99.0,500.0,49500.0,2024-06-03
2024060303017398,MPFL,43,21,20.0,500.0,10000.0,2024-06-03
2024060303017397,MPFL,43,32,553.0,500.0,276500.0,2024-06-03
2024060303017396,MPFL,43,58,50.0,500.0,25000.0,2024-06-03
2024060303017395,MPFL,43,32,428.0,500.0,214000.0,2024-06-03
2024060303017394,GBBL,45,48,170.0,362.2,61574.0,2024-06-03
2024060303017393,GBBL,45,42,30.0,362.1,10863.0,2024-06-03
2024060304007913,HPPL,25,39,10.0,257.0,2570.0,2024-06-03
2024060301028891,AHL,45,67,40.0,484.1,19364.0,2024-06-03
2024060301028890,AHL,51,67,60.0,485.0,29100.0,2024-06-03
2024060303017392,KSBBL,33,11,100.0,372.0,37200.0,2024-06-03
2024060305004276,NRN,77,49,10.0,589.0,5890.0,2024-06-03
2024060301028889,RNLI,48,34,100.0,426.5,42650.0,2024-06-03
2024060303017391,JFL,57,1,300.0,551.0,165300.0,2024-06-03
2024060305004275,CIT,1,50,37.0,2111.0,78107.0,2024-06-03
2024060301028888,SONA,22,7,10.0,444.0,4440.0,2024-06-03
2024060301028887,BHDC,65,21,20.0,579.3,11586.0,2024-06-03
2024060304007912,UMHL,21,45,10.0,236.7,2367.0,2024-06-03
2024060304007911,UPCL,35,53,10.0,191.0,1910.0,2024-06-03
2024060303017390,BFC,32,6,30.0,425.3,12759.0,2024-06-03
2024060305004274,HRL,53,6,20.0,571.2,11424.0,2024-06-03
2024060301028886,KDL,58,65,73.0,1200.0,87600.0,2024-06-03
2024060301028885,KDL,38,65,10.0,1200.0,12000.0,2024-06-03
2024060303017389,BFC,49,59,85.0,432.0,36720.0,2024-06-03
2024060303017388,BFC,49,50,25.0,432.0,10800.0,2024-06-03
2024060303017387,BFC,49,38,80.0,431.0,34480.0,2024-06-03
2024060303017386,BFC,49,38,10.0,430.0,4300.0,2024-06-03
2024060303017385,BFC,49,4,200.0,430.0,86000.0,2024-06-03
2024060303017384,BFC,49,58,100.0,430.0,43000.0,2024-06-03
2024060301028884,VLUCL,49,58,20.0,502.0,10040.0,2024-06-03
2024060301028883,BHDC,65,53,200.0,579.3,115860.0,2024-06-03
2024060301028882,SPL,57,22,11.0,696.0,7656.0,2024-06-03
2024060301028881,NWCL,61,50,50.0,837.1,41855.0,2024-06-03
2024060301028880,NWCL,21,50,200.0,837.9,167580.0,2024-06-03
2024060301028879,NWCL,57,50,100.0,837.9,83790.0,2024-06-03
2024060301028878,NWCL,50,50,100.0,838.0,83800.0,2024-06-03
2024060301028877,NWCL,4,50,20.0,838.0,16760.0,2024-06-03
2024060301028876,MCHL,65,39,50.0,404.0,20200.0,2024-06-03
2024060303017383,NFS,74,8,200.0,584.2,116840.0,2024-06-03
2024060303017382,MPFL,34,8,50.0,499.0,24950.0,2024-06-03
2024060301028875,MEHL,34,45,40.0,336.0,13440.0,2024-06-03
2024060303017381,SDLBSL,22,42,290.0,972.5,282025.0,2024-06-03
2024060303017380,SDLBSL,22,49,40.0,971.9,38876.0,2024-06-03
2024060303017379,SDLBSL,22,25,20.0,971.8,19436.0,2024-06-03
2024060303017378,SDLBSL,22,14,100.0,970.0,97000.0,2024-06-03
2024060304007910,SHEL,45,42,500.0,158.0,79000.0,2024-06-03
2024060301028874,NICA,65,49,10.0,417.0,4170.0,2024-06-03
2024060301028873,MHL,74,49,10.0,442.2,4422.0,2024-06-03
2024060301028872,BEDC,58,46,300.0,398.9,119670.0,2024-06-03
2024060303017377,GRDBL,4,6,300.0,434.0,130200.0,2024-06-03
2024060301028871,SARBTM,34,58,40.0,826.0,33040.0,2024-06-03
2024060301028870,SMHL,65,38,280.0,521.0,145880.0,2024-06-03
2024060301028869,KBL,38,25,150.0,142.2,21330.0,2024-06-03
2024060305004273,HRL,57,57,39.0,573.0,22347.0,2024-06-03
2024060305004272,HRL,57,49,54.0,573.0,30942.0,2024-06-03
2024060305004271,HRL,57,32,47.0,573.0,26931.0,2024-06-03
2024060303017376,KRBL,26,29,30.0,420.6,12618.0,2024-06-03
2024060301028868,AVYAN,17,11,60.0,890.0,53400.0,2024-06-03
2024060301028867,AVYAN,35,11,30.0,890.0,26700.0,2024-06-03
2024060301028866,AVYAN,18,11,10.0,893.0,8930.0,2024-06-03
2024060301028865,NRM,32,17,482.0,390.5,188221.0,2024-06-03
2024060303017375,PROFL,52,45,10.0,359.9,3599.0,2024-06-03
2024060305004270,BBC,17,45,10.0,3870.0,38700.0,2024-06-03
2024060301028864,ILI,6,45,28.0,433.0,12124.0,2024-06-03
2024060301028863,ILI,22,45,32.0,433.0,13856.0,2024-06-03
2024060301028862,ILI,40,45,10.0,433.1,4331.0,2024-06-03
2024060301028861,ILI,6,45,20.0,433.2,8664.0,2024-06-03
2024060301028860,KBL,8,25,400.0,142.0,56800.0,2024-06-03
2024060301028859,BEDC,25,81,20.0,400.0,8000.0,2024-06-03
2024060301028858,BEDC,25,57,10.0,400.0,4000.0,2024-06-03
2024060301028857,BEDC,25,56,70.0,400.0,28000.0,2024-06-03
2024060304007909,RURU,18,42,99.0,620.0,61380.0,2024-06-03
2024060303017374,PFL,41,5,50.0,650.0,32500.0,2024-06-03
2024060301028856,DOLTI,7,60,72.0,439.0,31608.0,2024-06-03
2024060301028855,DOLTI,7,6,50.0,439.0,21950.0,2024-06-03
2024060303017373,LBBL,22,57,45.0,380.0,17100.0,2024-06-03
2024060303017372,LBBL,33,57,12.0,380.1,4561.2,2024-06-03
2024060304007908,JOSHI,29,38,561.0,305.0,171105.0,2024-06-03
2024060303017371,RLFL,32,26,100.0,406.0,40600.0,2024-06-03
2024060304007907,NHPC,56,52,356.0,145.5,51798.0,2024-06-03
2024060303017370,NLICL,34,45,163.0,546.0,88998.0,2024-06-03
2024060301028854,NWCL,42,34,200.0,838.0,167600.0,2024-06-03
2024060303017369,MPFL,43,32,90.0,500.0,45000.0,2024-06-03
2024060303017368,MPFL,43,49,700.0,499.9,349930.0,2024-06-03
2024060303017367,MPFL,43,57,10.0,499.8,4998.0,2024-06-03
2024060303017366,MPFL,43,57,100.0,499.1,49910.0,2024-06-03
2024060303017365,MPFL,43,38,100.0,499.0,49900.0,2024-06-03
2024060303017364,MPFL,43,16,200.0,499.0,99800.0,2024-06-03
2024060301028853,MEHL,58,45,10.0,336.0,3360.0,2024-06-03
2024060301028852,MCHL,65,51,10.0,404.0,4040.0,2024-06-03
2024060301028851,MCHL,65,36,200.0,404.0,80800.0,2024-06-03
2024060301028850,MCHL,65,45,85.0,403.9,34331.5,2024-06-03
2024060301028849,TAMOR,62,59,120.0,390.0,46800.0,2024-06-03
2024060301028848,TAMOR,62,58,100.0,390.0,39000.0,2024-06-03
2024060301028847,AVYAN,18,45,50.0,893.0,44650.0,2024-06-03
2024060301028846,AVYAN,18,57,10.0,892.9,8929.0,2024-06-03
2024060301028845,AVYAN,18,34,20.0,892.0,17840.0,2024-06-03
2024060301028844,AVYAN,18,34,100.0,892.0,89200.0,2024-06-03
2024060303017363,CBBL,57,18,10.0,841.0,8410.0,2024-06-03
2024060301028843,PPL,41,38,200.0,453.0,90600.0,2024-06-03
2024060301028842,SONA,22,38,10.0,444.0,4440.0,2024-06-03
2024060301028841,SNLI,48,38,35.0,465.0,16275.0,2024-06-03
2024060301028840,SNLI,48,38,15.0,465.0,6975.0,2024-06-03
2024060301028839,SHIVM,58,5,270.0,494.0,133380.0,2024-06-03
2024060301028838,SHIVM,47,5,230.0,494.0,113620.0,2024-06-03
2024060301028837,BHPL,35,71,43.0,580.0,24940.0,2024-06-03
2024060301028836,BHPL,35,7,300.0,579.0,173700.0,2024-06-03
2024060301028835,BHPL,35,10,457.0,576.3,263369.1,2024-06-03
2024060304007906,MEN,16,38,10.0,577.0,5770.0,2024-06-03
2024060301028834,SHIVM,47,36,270.0,494.0,133380.0,2024-06-03
2024060301028833,SHIVM,1,36,600.0,494.0,296400.0,2024-06-03
2024060301028832,SHIVM,42,36,30.0,494.0,14820.0,2024-06-03
2024060301028831,SONA,22,34,10.0,444.0,4440.0,2024-06-03
2024060301028830,NRM,44,55,400.0,390.1,156040.0,2024-06-03
2024060301028829,ULBSL,22,17,10.0,1840.0,18400.0,2024-06-03
2024060301028828,RHGCL,74,36,10.0,350.0,3500.0,2024-06-03
2024060303017362,MNBBL,45,34,120.0,343.0,41160.0,2024-06-03
2024060301028827,SMHL,63,1,100.0,522.0,52200.0,2024-06-03
2024060303017361,HLBSL,33,77,30.0,1260.0,37800.0,2024-06-03
2024060303017360,HLBSL,4,77,100.0,1260.0,126000.0,2024-06-03
2024060303017359,HLBSL,51,77,150.0,1260.0,189000.0,2024-06-03
2024060303017358,HLBSL,34,77,390.0,1260.3,491517.0,2024-06-03
2024060303017357,HLBSL,10,77,150.0,1260.4,189060.0,2024-06-03
2024060303017356,KSBBL,3,11,100.0,372.0,37200.0,2024-06-03
2024060303017355,KRBL,49,26,150.0,421.0,63150.0,2024-06-03
2024060301028826,MEHL,16,13,30.0,335.0,10050.0,2024-06-03
2024060301028825,MEHL,16,13,100.0,335.0,33500.0,2024-06-03
2024060301028824,MEHL,17,13,300.0,335.1,100530.0,2024-06-03
2024060301028823,MEHL,6,13,400.0,335.1,134040.0,2024-06-03
2024060301028822,MEHL,36,13,154.0,335.5,51667.0,2024-06-03
2024060301028821,MEHL,50,13,100.0,336.0,33600.0,2024-06-03
2024060301028820,MEHL,57,13,20.0,336.0,6720.0,2024-06-03
2024060301028819,MEHL,3,13,83.0,336.0,27888.0,2024-06-03
2024060301028818,MEHL,62,13,40.0,336.0,13440.0,2024-06-03
2024060301028817,MEHL,48,13,20.0,336.1,6722.0,2024-06-03
2024060301028816,GVL,35,87,10.0,506.0,5060.0,2024-06-03
2024060304007905,NICL,8,19,129.0,830.0,107070.0,2024-06-03
2024060304007904,NICL,85,19,300.0,830.0,249000.0,2024-06-03
2024060301028815,SMJC,38,52,300.0,384.5,115350.0,2024-06-03
2024060301028814,SMJC,38,33,50.0,384.4,19220.0,2024-06-03
2024060303017354,MLBL,21,57,50.0,323.8,16190.0,2024-06-03
2024060305004269,NRIC,57,35,4.0,652.0,2608.0,2024-06-03
2024060303017353,MNBBL,39,34,148.0,343.0,50764.0,2024-06-03
2024060301028813,BHL,20,4,10.0,340.0,3400.0,2024-06-03
2024060301028812,BEDC,32,56,30.0,400.0,12000.0,2024-06-03
2024060301028811,MANDU,36,49,10.0,859.8,8598.0,2024-06-03
2024060301028810,MANDU,36,37,30.0,857.0,25710.0,2024-06-03
2024060301028809,MANDU,36,57,10.0,856.1,8561.0,2024-06-03
2024060303017352,SFCL,21,55,29.0,366.0,10614.0,2024-06-03
2024060303017351,NUBL,32,55,90.0,666.3,59967.0,2024-06-03
2024060303017350,NUBL,17,55,10.0,666.4,6664.0,2024-06-03
2024060303017349,NUBL,45,55,100.0,666.5,66650.0,2024-06-03
2024060301028808,MAKAR,26,81,80.0,402.0,32160.0,2024-06-03
2024060305004268,NIFRA,14,14,64.0,197.3,12627.2,2024-06-03
2024060303017348,KMCDB,35,25,10.0,1048.0,10480.0,2024-06-03
2024060301028807,GVL,35,44,270.0,506.0,136620.0,2024-06-03
2024060301028806,GVL,47,44,200.0,506.0,101200.0,2024-06-03
2024060301028805,GVL,45,44,90.0,506.0,45540.0,2024-06-03
2024060301028804,GVL,39,44,440.0,506.1,222684.0,2024-06-03
2024060303017347,GBLBS,33,35,10.0,769.9,7699.0,2024-06-03
2024060303017346,KRBL,48,26,100.0,421.0,42100.0,2024-06-03
2024060301028803,CZBIL,11,49,20.0,167.6,3352.0,2024-06-03
2024060301028802,RNLI,44,49,10.0,426.0,4260.0,2024-06-03
2024060304007903,RIDI,41,62,30.0,168.9,5067.0,2024-06-03
2024060304007902,TRH,8,38,50.0,750.0,37500.0,2024-06-03
2024060301028801,SPHL,72,50,100.0,495.8,49580.0,2024-06-03
2024060303017345,NADEP,20,88,150.0,797.0,119550.0,2024-06-03
2024060303017344,NADEP,20,19,50.0,796.9,39845.0,2024-06-03
2024060301028800,BHPL,35,10,43.0,576.3,24780.9,2024-06-03
2024060301028799,BHPL,35,21,500.0,576.1,288050.0,2024-06-03
2024060301028798,BHPL,35,49,60.0,576.0,34560.0,2024-06-03
2024060301028797,BHPL,35,6,20.0,575.0,11500.0,2024-06-03
2024060301028796,BHPL,35,13,100.0,573.0,57300.0,2024-06-03
2024060301028795,BHPL,35,34,10.0,573.0,5730.0,2024-06-03
2024060301028794,BHPL,35,61,67.0,572.2,38337.4,2024-06-03
2024060301028793,NRM,32,17,10.0,390.5,3905.0,2024-06-03
2024060301028792,DLBS,14,52,10.0,1225.0,12250.0,2024-06-03
2024060301028791,DLBS,14,77,10.0,1224.9,12249.0,2024-06-03
2024060304007901,BPCL,14,45,259.0,292.0,75628.0,2024-06-03
2024060304007900,BPCL,34,45,24.0,292.0,7008.0,2024-06-03
2024060304007899,BPCL,43,45,200.0,292.0,58400.0,2024-06-03
2024060304007898,BPCL,58,45,172.0,292.1,50241.2,2024-06-03
2024060304007897,BPCL,58,45,200.0,292.2,58440.0,2024-06-03
2024060301028790,NABIL,25,21,50.0,484.9,24245.0,2024-06-03
2024060301028789,SGHC,11,59,10.0,333.2,3332.0,2024-06-03
2024060304007896,JOSHI,59,38,80.0,305.0,24400.0,2024-06-03
2024060304007895,JOSHI,59,38,400.0,305.0,122000.0,2024-06-03
2024060305004267,ENL,26,13,70.0,900.0,63000.0,2024-06-03
2024060305004266,ENL,17,13,30.0,900.3,27009.0,2024-06-03
2024060305004265,ENL,55,13,50.0,900.4,45020.0,2024-06-03
2024060305004264,ENL,50,13,250.0,901.0,225250.0,2024-06-03
2024060305004263,ENL,45,13,50.0,901.0,45050.0,2024-06-03
2024060305004262,ENL,55,13,20.0,901.1,18022.0,2024-06-03
2024060305004261,ENL,17,13,100.0,901.2,90120.0,2024-06-03
2024060303017343,SWBBL,18,34,70.0,820.0,57400.0,2024-06-03
2024060303017342,SWBBL,18,58,56.0,820.0,45920.0,2024-06-03
2024060303017341,SWBBL,18,72,150.0,819.0,122850.0,2024-06-03
2024060303017340,SWBBL,18,1,24.0,818.9,19653.6,2024-06-03
2024060301028788,HDL,57,17,2.0,1295.0,2590.0,2024-06-03
2024060301028787,HDL,57,18,10.0,1295.0,12950.0,2024-06-03
2024060301028786,NYADI,58,52,10.0,294.6,2946.0,2024-06-03
2024060301028785,NRM,58,48,2.0,390.2,780.4,2024-06-03
2024060301028784,NRM,58,35,30.0,390.2,11706.0,2024-06-03
2024060301028783,BHPL,35,61,33.0,572.2,18882.6,2024-06-03
2024060301028782,BHPL,35,56,200.0,572.2,114440.0,2024-06-03
2024060301028781,BHPL,35,53,63.0,569.7,35891.1,2024-06-03
2024060301028780,BHPL,35,21,50.0,569.0,28450.0,2024-06-03
2024060301028779,BHPL,35,35,150.0,569.0,85350.0,2024-06-03
2024060301028778,BHPL,35,49,10.0,569.0,5690.0,2024-06-03
2024060301028777,BHPL,35,80,20.0,569.0,11380.0,2024-06-03
2024060301028776,BHPL,35,58,74.0,568.0,42032.0,2024-06-03
2024060301028775,HDL,57,28,38.0,1295.0,49210.0,2024-06-03
2024060301028774,MSHL,34,32,10.0,645.2,6452.0,2024-06-03
2024060301028773,MSHL,34,32,30.0,645.5,19365.0,2024-06-03
2024060301028772,MSHL,32,32,100.0,645.7,64570.0,2024-06-03
2024060301028771,MSHL,32,32,10.0,645.8,6458.0,2024-06-03
2024060301028770,CYCL,36,28,10.0,1474.0,14740.0,2024-06-03
2024060304007894,SGIC,17,58,100.0,530.5,53050.0,2024-06-03
2024060301028769,RAWA,58,33,50.0,518.0,25900.0,2024-06-03
2024060303017339,SDLBSL,13,49,360.0,971.9,349884.0,2024-06-03
2024060301028768,SHIVM,51,5,50.0,494.7,24735.0,2024-06-03
2024060305004260,CHDC,42,42,10.0,876.3,8763.0,2024-06-03
2024060305004259,CHDC,36,42,10.0,876.4,8764.0,2024-06-03
2024060305004258,CHDC,45,42,100.0,876.4,87640.0,2024-06-03
2024060301028767,MKHC,42,60,10.0,324.0,3240.0,2024-06-03
2024060301028766,MKHC,42,65,10.0,323.9,3239.0,2024-06-03
2024060301028765,SARBTM,34,58,20.0,826.0,16520.0,2024-06-03
2024060305004257,STC,54,34,31.0,4720.0,146320.0,2024-06-03
2024060305004256,STC,54,25,20.0,4720.0,94400.0,2024-06-03
2024060305004255,STC,54,25,19.0,4720.0,89680.0,2024-06-03
2024060305004254,STC,54,65,100.0,4720.0,472000.0,2024-06-03
2024060305004253,STC,54,33,10.0,4720.0,47200.0,2024-06-03
2024060305004252,STC,54,51,20.0,4719.0,94380.0,2024-06-03
2024060301028764,HATHY,38,29,50.0,887.0,44350.0,2024-06-03
2024060303017338,SFCL,21,32,40.0,366.0,14640.0,2024-06-03
2024060303017337,GUFL,21,36,10.0,668.9,6689.0,2024-06-03
2024060303017336,HLBSL,55,59,100.0,1261.0,126100.0,2024-06-03
2024060301028763,ULHC,55,14,10.0,415.0,4150.0,2024-06-03
2024060303017335,SAPDBL,32,62,164.0,325.5,53382.0,2024-06-03
2024060301028762,ULBSL,62,17,10.0,1840.0,18400.0,2024-06-03
2024060301028761,JBLB,46,56,100.0,1330.0,133000.0,2024-06-03
2024060301028760,JBLB,33,56,30.0,1330.0,39900.0,2024-06-03
2024060301028759,JBLB,49,56,20.0,1335.0,26700.0,2024-06-03
2024060301028758,JBLB,42,56,10.0,1335.0,13350.0,2024-06-03
2024060301028757,JBLB,49,56,10.0,1340.0,13400.0,2024-06-03
2024060301028756,JBLB,45,56,10.0,1342.6,13426.0,2024-06-03
2024060301028755,JBLB,19,56,20.0,1342.6,26852.0,2024-06-03
2024060301028754,JBLB,49,56,10.0,1345.0,13450.0,2024-06-03
2024060301028753,JBLB,36,56,100.0,1346.0,134600.0,2024-06-03
2024060301028752,JBLB,17,56,30.0,1346.0,40380.0,2024-06-03
2024060301028751,JBLB,58,56,10.0,1347.0,13470.0,2024-06-03
2024060303017334,EDBL,42,33,100.0,375.0,37500.0,2024-06-03
2024060303017333,PFL,41,38,50.0,650.0,32500.0,2024-06-03
2024060303017332,CBBL,66,57,11.0,842.0,9262.0,2024-06-03
2024060303017331,CBBL,66,48,100.0,842.0,84200.0,2024-06-03
2024060303017330,HLI,29,54,58.0,388.0,22504.0,2024-06-03
2024060304007893,LEC,64,77,200.0,181.0,36200.0,2024-06-03
2024060303017329,SJLIC,16,48,9.0,411.0,3699.0,2024-06-03
2024060301028750,SBL,34,17,500.0,247.5,123750.0,2024-06-03
2024060301028749,BNHC,71,34,10.0,630.2,6302.0,2024-06-03
2024060301028748,SRLI,38,14,35.0,440.0,15400.0,2024-06-03
2024060301028747,SRLI,49,14,300.0,440.0,132000.0,2024-06-03
2024060301028746,SRLI,36,14,15.0,440.0,6600.0,2024-06-03
2024060301028745,SRLI,49,14,10.0,440.1,4401.0,2024-06-03
2024060301028744,SRLI,57,14,20.0,440.1,8802.0,2024-06-03
2024060303017328,SLBBL,6,6,14.0,755.0,10570.0,2024-06-03
2024060301028743,JBLB,49,44,10.0,1350.0,13500.0,2024-06-03
2024060301028742,JBLB,56,44,25.0,1350.0,33750.0,2024-06-03
2024060303017327,JBBL,35,49,39.0,288.1,11235.9,2024-06-03
2024060303017326,JBBL,11,49,140.0,288.1,40334.0,2024-06-03
2024060303017325,JBBL,66,49,21.0,288.1,6050.1,2024-06-03
2024060303017324,JBBL,47,49,300.0,288.2,86460.0,2024-06-03
2024060304007892,RADHI,44,62,643.0,231.9,149111.7,2024-06-03
2024060305004251,NTC,41,17,10.0,839.9,8399.0,2024-06-03
2024060301028741,TPC,7,57,10.0,503.0,5030.0,2024-06-03
2024060305004250,HRL,58,32,18.0,573.0,10314.0,2024-06-03
2024060304007891,AHPC,57,48,100.0,155.9,15590.0,2024-06-03
2024060303017323,MNBBL,32,34,10.0,343.0,3430.0,2024-06-03
2024060301028740,CITY,34,17,200.0,643.3,128660.0,2024-06-03
2024060303017322,SIFC,55,41,10.0,428.8,4288.0,2024-06-03
2024060303017321,KLBSL,34,47,16.0,983.0,15728.0,2024-06-03
2024060303017320,KLBSL,34,43,12.0,982.9,11794.8,2024-06-03
2024060303017319,JSLBB,6,34,10.0,1360.0,13600.0,2024-06-03
2024060301028739,PHCL,59,6,56.0,307.0,17192.0,2024-06-03
2024060301028738,KBL,8,91,1585.0,142.0,225070.0,2024-06-03
2024060301028737,KBL,45,91,100.0,142.0,14200.0,2024-06-03
2024060301028736,KBL,53,91,1065.0,142.0,151230.0,2024-06-03
2024060301028735,SARBTM,34,19,87.0,826.0,71862.0,2024-06-03
2024060303017318,SIFC,45,49,750.0,425.4,319050.0,2024-06-03
2024060303017317,SIFC,26,49,250.0,426.0,106500.0,2024-06-03
2024060304007890,NHDL,49,58,30.0,492.9,14787.0,2024-06-03
2024060304007889,SGIC,62,58,295.0,530.5,156497.5,2024-06-03
2024060303017316,GILB,62,25,40.0,1311.0,52440.0,2024-06-03
2024060303017315,GILB,62,62,10.0,1311.0,13110.0,2024-06-03
2024060303017314,GILB,62,7,100.0,1310.0,131000.0,2024-06-03
2024060304007888,UMRH,59,35,631.0,370.1,233533.1,2024-06-03
2024060304007887,UMRH,53,35,100.0,370.1,37010.0,2024-06-03
2024060304007886,UMRH,25,35,200.0,370.2,74040.0,2024-06-03
2024060304007885,UMRH,34,35,199.0,370.3,73689.7,2024-06-03
2024060304007884,UMRH,35,35,480.0,372.0,178560.0,2024-06-03
2024060305004249,SAEF,49,45,300.0,9.95,2985.0,2024-06-03
2024060305004248,SAEF,25,45,7700.0,9.95,76615.0,2024-06-03
2024060301028734,NWCL,42,34,350.0,838.0,293300.0,2024-06-03
2024060301028733,NWCL,34,34,10.0,838.0,8380.0,2024-06-03
2024060301028732,NWCL,34,34,40.0,838.1,33524.0,2024-06-03
2024060301028731,MEHL,13,49,10.0,338.0,3380.0,2024-06-03
2024060301028730,MEHL,51,49,90.0,338.0,30420.0,2024-06-03
2024060301028729,MEHL,51,58,10.0,337.0,3370.0,2024-06-03
2024060303017313,NABBC,62,41,60.0,568.2,34092.0,2024-06-03
2024060303017312,NABBC,53,41,100.0,568.2,56820.0,2024-06-03
2024060303017311,KSBBL,53,11,10.0,372.0,3720.0,2024-06-03
2024060303017310,RLFL,53,26,200.0,406.0,81200.0,2024-06-03
2024060303017309,MNBBL,58,34,90.0,343.0,30870.0,2024-06-03
2024060301028728,TAMOR,72,22,10.0,390.0,3900.0,2024-06-03
2024060304007883,RADHI,28,26,500.0,232.0,116000.0,2024-06-03
2024060301028727,DORDI,34,94,130.0,433.0,56290.0,2024-06-03
2024060301028726,SNLI,17,29,70.0,466.0,32620.0,2024-06-03
2024060301028725,SNLI,17,4,10.0,466.0,4660.0,2024-06-03
2024060301028724,SNLI,17,58,10.0,466.0,4660.0,2024-06-03
2024060301028723,SNLI,17,16,10.0,466.0,4660.0,2024-06-03
2024060301028722,SBI,44,22,50.0,297.0,14850.0,2024-06-03
2024060304007882,HEI,26,4,10.0,597.8,5978.0,2024-06-03
2024060301028721,BHPL,35,58,26.0,568.0,14768.0,2024-06-03
2024060301028720,BHPL,35,58,50.0,568.0,28400.0,2024-06-03
2024060301028719,BHPL,35,58,14.0,568.0,7952.0,2024-06-03
2024060301028718,BHPL,35,58,110.0,564.0,62040.0,2024-06-03
2024060305004247,NIFRA,14,86,200.0,197.3,39460.0,2024-06-03
2024060301028717,TVCL,45,74,30.0,454.8,13644.0,2024-06-03
2024060301028716,TVCL,45,45,20.0,454.5,9090.0,2024-06-03
2024060303017308,GRDBL,77,22,76.0,438.4,33318.4,2024-06-03
2024060303017307,GRDBL,77,57,315.0,436.0,137340.0,2024-06-03
2024060301028715,BHL,48,6,10.0,338.0,3380.0,2024-06-03
2024060304007881,SPIL,4,49,17.0,770.0,13090.0,2024-06-03
2024060304007880,KKHC,34,42,90.0,220.0,19800.0,2024-06-03
2024060304007879,KKHC,34,35,910.0,218.9,199199.0,2024-06-03
2024060301028714,RAWA,42,34,10.0,520.0,5200.0,2024-06-03
2024060301028713,ILI,6,7,10.0,433.2,4332.0,2024-06-03
2024060303017306,SJLIC,57,54,20.0,415.0,8300.0,2024-06-03
2024060304007878,PMHPL,29,34,10.0,229.9,2299.0,2024-06-03
2024060304007877,SPDL,17,22,11.0,236.0,2596.0,2024-06-03
2024060305004246,SMATA,45,13,10.0,939.0,9390.0,2024-06-03
2024060301028712,SPC,57,45,400.0,516.1,206440.0,2024-06-03
2024060304007876,NHDL,25,46,23.0,490.0,11270.0,2024-06-03
2024060304007875,NHDL,32,46,17.0,490.0,8330.0,2024-06-03
2024060301028711,ULHC,18,4,735.0,413.1,303628.5,2024-06-03
2024060301028710,ULHC,88,4,205.0,413.5,84767.5,2024-06-03
2024060301028709,ULHC,40,4,100.0,413.7,41370.0,2024-06-03
2024060301028708,ULHC,64,4,20.0,413.7,8274.0,2024-06-03
2024060301028707,ULHC,58,4,140.0,414.0,57960.0,2024-06-03
2024060303017305,NICLBSL,34,55,10.0,664.9,6649.0,2024-06-03
2024060303017304,NICLBSL,34,58,10.0,664.8,6648.0,2024-06-03
2024060303017303,NICLBSL,34,35,30.0,664.0,19920.0,2024-06-03
2024060303017302,NICLBSL,34,55,100.0,660.0,66000.0,2024-06-03
2024060303017301,CFCL,38,5,210.0,408.0,85680.0,2024-06-03
2024060303017300,SHINE,42,42,800.0,388.6,310880.0,2024-06-03
2024060303017299,SHINE,63,42,200.0,389.0,77800.0,2024-06-03
2024060304007874,AKPL,41,39,600.0,164.0,98400.0,2024-06-03
2024060301028706,DORDI,34,38,250.0,433.0,108250.0,2024-06-03
2024060301028705,DORDI,34,58,20.0,433.0,8660.0,2024-06-03
2024060303017298,JFL,57,10,111.0,550.0,61050.0,2024-06-03
2024060303017297,JFL,45,10,100.0,550.0,55000.0,2024-06-03
2024060303017296,JFL,35,10,89.0,550.0,48950.0,2024-06-03
2024060303017295,JFL,75,10,200.0,551.0,110200.0,2024-06-03
2024060304007873,NLG,57,19,100.0,755.0,75500.0,2024-06-03
2024060304007872,NLG,57,41,11.0,755.0,8305.0,2024-06-03
2024060301028704,GBIME,43,22,29.0,183.7,5327.3,2024-06-03
2024060301028703,AVYAN,35,22,10.0,890.0,8900.0,2024-06-03
2024060303017294,PFL,41,88,100.0,650.0,65000.0,2024-06-03
2024060304007871,UMRH,35,4,20.0,372.0,7440.0,2024-06-03
2024060304007870,BPCL,45,45,25.0,293.0,7325.0,2024-06-03
2024060304007869,BPCL,22,45,10.0,293.0,2930.0,2024-06-03
2024060304007868,BPCL,16,45,30.0,293.0,8790.0,2024-06-03
2024060301028702,RHGCL,59,91,735.0,347.0,255045.0,2024-06-03
2024060303017293,KSBBL,44,11,20.0,372.0,7440.0,2024-06-03
2024060301028701,MEL,28,40,160.0,225.5,36080.0,2024-06-03
2024060301028700,MEL,45,40,490.0,225.6,110544.0,2024-06-03
2024060301028699,HATHY,38,48,20.0,887.0,17740.0,2024-06-03
2024060301028698,HATHY,49,48,10.0,888.0,8880.0,2024-06-03
2024060301028697,NESDO,49,52,10.0,1987.0,19870.0,2024-06-03
2024060301028696,NESDO,49,42,10.0,1975.0,19750.0,2024-06-03
2024060301028695,NESDO,49,58,160.0,1950.0,312000.0,2024-06-03
2024060301028694,NESDO,49,21,30.0,1949.0,58470.0,2024-06-03
2024060304007867,NGPL,58,38,100.0,307.0,30700.0,2024-06-03
2024060301028693,NWCL,34,58,10.0,838.1,8381.0,2024-06-03
2024060301028692,ULHC,58,38,60.0,414.0,24840.0,2024-06-03
2024060304007866,HDHPC,28,22,10.0,129.8,1298.0,2024-06-03
2024060301028691,BNHC,71,14,90.0,630.2,56718.0,2024-06-03
2024060301028690,BNHC,70,14,70.0,630.2,44114.0,2024-06-03
2024060304007865,NHPC,22,46,145.0,145.6,21112.0,2024-06-03
2024060304007864,NHPC,45,46,10.0,145.6,1456.0,2024-06-03
2024060304007863,NHPC,58,46,701.0,145.6,102065.6,2024-06-03
2024060304007862,NHPC,57,46,10.0,145.6,1456.0,2024-06-03
2024060304007861,NHPC,34,46,200.0,146.0,29200.0,2024-06-03
2024060304007860,NHPC,40,46,150.0,146.0,21900.0,2024-06-03
2024060301028689,IHL,42,4,100.0,405.0,40500.0,2024-06-03
2024060301028688,IHL,95,4,1000.0,405.0,405000.0,2024-06-03
2024060301028687,IHL,5,4,1000.0,405.1,405100.0,2024-06-03
2024060301028686,IHL,42,4,60.0,405.2,24312.0,2024-06-03
2024060301028685,IHL,42,4,100.0,405.3,40530.0,2024-06-03
2024060301028684,IHL,35,4,200.0,406.0,81200.0,2024-06-03
2024060301028683,IHL,42,4,100.0,406.0,40600.0,2024-06-03
2024060301028682,IHL,34,4,140.0,406.0,56840.0,2024-06-03
2024060304007859,SICL,38,51,419.0,702.0,294138.0,2024-06-03
2024060304007858,DHPL,42,42,50.0,190.0,9500.0,2024-06-03
2024060304007857,CGH,42,42,50.0,850.0,42500.0,2024-06-03
2024060301028681,RNLI,44,58,11.0,426.0,4686.0,2024-06-03
2024060304007856,JOSHI,33,58,476.0,304.0,144704.0,2024-06-03
2024060304007855,JOSHI,1,58,100.0,304.0,30400.0,2024-06-03
2024060304007854,JOSHI,58,58,10.0,304.0,3040.0,2024-06-03
2024060304007853,JOSHI,35,58,100.0,304.0,30400.0,2024-06-03
2024060304007852,JOSHI,29,58,100.0,304.0,30400.0,2024-06-03
2024060304007851,JOSHI,38,58,20.0,304.0,6080.0,2024-06-03
2024060304007850,JOSHI,17,58,20.0,304.1,6082.0,2024-06-03
2024060304007849,JOSHI,42,58,174.0,304.1,52913.4,2024-06-03
2024060301028680,RBCLPO,58,84,10.0,10740.0,107400.0,2024-06-03
2024060303017292,FMDBL,21,59,50.0,696.5,34825.0,2024-06-03
2024060303017291,SFCL,21,32,31.0,366.0,11346.0,2024-06-03
2024060303017290,DDBL,32,17,30.0,727.9,21837.0,2024-06-03
2024060303017289,CORBL,14,36,10.0,470.0,4700.0,2024-06-03
2024060303017288,MFIL,45,25,10.0,507.0,5070.0,2024-06-03
2024060303017287,ALBSL,77,45,50.0,948.0,47400.0,2024-06-03
2024060301028679,LSL,44,52,46.0,165.0,7590.0,2024-06-03
2024060301028678,LSL,44,45,30.0,164.9,4947.0,2024-06-03
2024060301028677,LSL,44,34,1000.0,164.8,164800.0,2024-06-03
2024060301028676,LSL,44,54,35.0,164.5,5757.5,2024-06-03
2024060301028675,LSL,44,58,107.0,164.1,17558.7,2024-06-03
2024060301028674,LSL,44,51,50.0,164.0,8200.0,2024-06-03
2024060301028673,LSL,44,28,300.0,164.0,49200.0,2024-06-03
2024060301028672,LSL,44,45,100.0,163.9,16390.0,2024-06-03
2024060301028671,LSL,44,34,332.0,163.9,54414.8,2024-06-03
2024060301028670,NYADI,44,49,10.0,290.3,2903.0,2024-06-03
2024060304007848,AKJCL,42,34,100.0,203.5,20350.0,2024-06-03
2024060303017286,NFS,74,49,10.0,584.2,5842.0,2024-06-03
2024060304007847,SHL,42,34,100.0,436.0,43600.0,2024-06-03
2024060304007846,SHL,58,34,100.0,436.0,43600.0,2024-06-03
2024060304007845,SHL,45,34,100.0,436.1,43610.0,2024-06-03
2024060304007844,SHL,52,34,500.0,436.2,218100.0,2024-06-03
2024060301028669,DORDI,34,34,10.0,433.0,4330.0,2024-06-03
2024060304007843,SHEL,48,42,300.0,158.5,47550.0,2024-06-03
2024060301028668,JBLB,7,58,100.0,1352.0,135200.0,2024-06-03
2024060304007842,RURU,38,66,65.0,619.0,40235.0,2024-06-03
2024060301028667,NICA,34,39,165.0,415.1,68491.5,2024-06-03
2024060301028666,NICA,19,39,100.0,415.2,41520.0,2024-06-03
2024060301028665,NICA,32,39,25.0,415.2,10380.0,2024-06-03
2024060301028664,NICA,14,39,210.0,416.9,87549.0,2024-06-03
2024060304007841,SGIC,26,38,285.0,530.1,151078.5,2024-06-03
2024060304007840,SGIC,36,38,100.0,530.1,53010.0,2024-06-03
2024060301028663,CLI,7,20,150.0,472.3,70845.0,2024-06-03
2024060301028662,MKLB,58,59,10.0,1125.0,11250.0,2024-06-03
2024060301028661,MHCL,49,57,200.0,387.0,77400.0,2024-06-03
2024060301028660,NICA,14,43,390.0,416.9,162591.0,2024-06-03
2024060301028659,NIMB,37,45,30.0,161.0,4830.0,2024-06-03
2024060301028658,BHDC,65,45,210.0,579.3,121653.0,2024-06-03
2024060301028657,BHDC,40,45,100.0,579.4,57940.0,2024-06-03
2024060303017285,EDBL,52,33,134.0,375.0,50250.0,2024-06-03
2024060301028656,VLUCL,34,34,10.0,500.0,5000.0,2024-06-03
2024060304007839,UPPER,29,5,40.0,162.1,6484.0,2024-06-03
2024060304007838,LEC,29,77,10.0,181.0,1810.0,2024-06-03
2024060301028655,ULHC,32,38,20.0,414.0,8280.0,2024-06-03
2024060301028654,RAWA,72,34,190.0,520.0,98800.0,2024-06-03
2024060301028653,RAWA,72,44,10.0,520.0,5200.0,2024-06-03
2024060301028652,JALPA,57,8,25.0,1448.0,36200.0,2024-06-03
2024060304007837,API,17,36,118.0,167.6,19776.8,2024-06-03
2024060303017284,RLFL,57,22,11.0,405.1,4456.1,2024-06-03
2024060301028651,RHGCL,59,74,60.0,347.0,20820.0,2024-06-03
2024060301028650,RHGCL,45,74,50.0,347.1,17355.0,2024-06-03
2024060301028649,RHGCL,45,74,300.0,347.1,104130.0,2024-06-03
2024060301028648,RHGCL,32,74,200.0,347.2,69440.0,2024-06-03
2024060301028647,RHGCL,52,74,250.0,347.9,86975.0,2024-06-03
2024060301028646,RHGCL,58,74,100.0,348.0,34800.0,2024-06-03
2024060301028645,RHGCL,38,74,40.0,348.0,13920.0,2024-06-03
2024060303017283,NFS,74,3,130.0,584.2,75946.0,2024-06-03
2024060303017282,NFS,45,3,20.0,588.0,11760.0,2024-06-03
2024060301028644,SMH,13,69,100.0,712.0,71200.0,2024-06-03
2024060301028643,MEL,19,56,10.0,225.7,2257.0,2024-06-03
2024060303017281,PROFL,22,42,539.0,356.0,191884.0,2024-06-03
2024060303017280,PROFL,81,42,500.0,356.0,178000.0,2024-06-03
2024060303017279,PROFL,45,42,111.0,356.1,39527.1,2024-06-03
2024060303017278,PROFL,49,42,50.0,356.1,17805.0,2024-06-03
2024060301028642,BHPL,42,58,10.0,564.0,5640.0,2024-06-03
2024060301028641,NMB,42,14,10.0,200.0,2000.0,2024-06-03
2024060301028640,VLUCL,34,38,10.0,499.0,4990.0,2024-06-03
2024060303017277,GBLBS,26,8,37.0,768.1,28419.7,2024-06-03
2024060303017276,GBLBS,17,8,100.0,769.0,76900.0,2024-06-03
2024060303017275,GBLBS,34,8,63.0,769.0,48447.0,2024-06-03
2024060301028639,RFPL,19,58,100.0,355.0,35500.0,2024-06-03
2024060301028638,MMKJL,58,38,710.0,439.1,311761.0,2024-06-03
2024060303017274,NABBC,52,58,200.0,569.0,113800.0,2024-06-03
2024060303017273,MERO,37,32,264.0,680.0,179520.0,2024-06-03
2024060303017272,MERO,50,32,100.0,686.0,68600.0,2024-06-03
2024060305004245,NRIC,37,58,120.0,664.0,79680.0,2024-06-03
2024060301028637,PPL,41,57,100.0,453.0,45300.0,2024-06-03
2024060303017271,NMLBBL,49,81,716.0,732.0,524112.0,2024-06-03
2024060303017270,NMLBBL,57,81,400.0,732.0,292800.0,2024-06-03
2024060303017269,NMLBBL,72,81,50.0,732.1,36605.0,2024-06-03
2024060303017268,NMLBBL,26,81,20.0,733.0,14660.0,2024-06-03
2024060303017267,NMLBBL,41,81,100.0,733.1,73310.0,2024-06-03
2024060303017266,NMLBBL,21,81,1000.0,734.0,734000.0,2024-06-03
2024060303017265,NMLBBL,47,81,200.0,734.1,146820.0,2024-06-03
2024060301028636,MAKAR,10,81,20.0,402.0,8040.0,2024-06-03
2024060301028635,RHGCL,38,25,10.0,348.0,3480.0,2024-06-03
2024060304007836,MEN,25,45,10.0,576.0,5760.0,2024-06-03
2024060301028634,MKCL,49,25,90.0,1030.0,92700.0,2024-06-03
2024060301028633,MKCL,49,4,10.0,1030.0,10300.0,2024-06-03
2024060301028632,MKCL,49,34,50.0,1030.0,51500.0,2024-06-03
2024060301028631,MKCL,49,59,100.0,1029.0,102900.0,2024-06-03
2024060301028630,MKCL,49,40,10.0,1028.9,10289.0,2024-06-03
2024060301028629,MKCL,49,58,10.0,1028.0,10280.0,2024-06-03
2024060301028628,MKCL,49,58,10.0,1027.0,10270.0,2024-06-03
2024060301028627,MKCL,49,35,10.0,1026.0,10260.0,2024-06-03
2024060301028626,MKCL,49,34,10.0,1025.0,10250.0,2024-06-03
2024060301028625,SPHL,16,50,50.0,495.9,24795.0,2024-06-03
2024060303017264,NUBL,58,42,30.0,667.0,20010.0,2024-06-03
2024060305004244,HRL,53,52,273.0,571.2,155937.6,2024-06-03
2024060305004243,HRL,18,52,10.0,571.2,5712.0,2024-06-03
2024060305004242,HRL,57,52,40.0,571.2,22848.0,2024-06-03
2024060305004241,HRL,48,52,10.0,571.2,5712.0,2024-06-03
2024060305004240,HRL,34,52,10.0,571.3,5713.0,2024-06-03
2024060305004239,HRL,49,52,34.0,572.0,19448.0,2024-06-03
2024060305004238,HRL,57,52,15.0,572.0,8580.0,2024-06-03
2024060305004237,HRL,44,52,10.0,572.0,5720.0,2024-06-03
2024060305004236,HRL,35,52,40.0,572.0,22880.0,2024-06-03
2024060303017263,SKBBL,32,52,12.0,820.0,9840.0,2024-06-03
2024060305004235,MMF1,38,44,600.0,7.45,4470.0,2024-06-03
2024060301028624,GVL,39,57,60.0,506.1,30366.0,2024-06-03
2024060301028623,GVL,39,57,40.0,506.1,20244.0,2024-06-03
2024060301028622,MANDU,16,35,19.0,848.1,16113.9,2024-06-03
2024060301028621,MANDU,4,35,100.0,850.0,85000.0,2024-06-03
2024060301028620,MANDU,45,35,100.0,850.0,85000.0,2024-06-03
2024060301028619,MANDU,57,35,50.0,850.0,42500.0,2024-06-03
2024060301028618,MANDU,49,35,10.0,851.0,8510.0,2024-06-03
2024060301028617,MANDU,49,35,10.0,855.0,8550.0,2024-06-03
2024060304007835,AHPC,84,50,200.0,156.0,31200.0,2024-06-03
2024060301028616,NMB,13,46,12.0,199.5,2394.0,2024-06-03
2024060301028615,ULHC,32,89,50.0,414.0,20700.0,2024-06-03
2024060301028614,MBL,41,11,1000.0,173.0,173000.0,2024-06-03
2024060304007834,UMHL,88,41,207.0,234.2,48479.4,2024-06-03
2024060303017262,CFCL,38,7,490.0,408.0,199920.0,2024-06-03
2024060301028613,MBL,44,11,782.0,173.0,135286.0,2024-06-03
2024060301028612,MKHL,58,11,80.0,457.1,36568.0,2024-06-03
2024060305004234,PSF,32,78,5200.0,9.19,47788.0,2024-06-03
2024060304007833,NHDL,32,21,23.0,490.0,11270.0,2024-06-03
2024060301028611,NMB,13,36,38.0,199.5,7581.0,2024-06-03
2024060303017261,SFCL,45,32,20.0,366.0,7320.0,2024-06-03
2024060301028610,JBLB,45,58,20.0,1352.0,27040.0,2024-06-03
2024060301028609,JBLB,45,45,50.0,1351.9,67595.0,2024-06-03
2024060301028608,NWCL,7,48,50.0,840.0,42000.0,2024-06-03
2024060301028607,NWCL,58,48,460.0,840.0,386400.0,2024-06-03
2024060304007832,API,64,48,1000.0,167.4,167400.0,2024-06-03
2024060303017260,USLB,66,48,10.0,1990.0,19900.0,2024-06-03
2024060303017259,PROFL,49,40,100.0,356.1,35610.0,2024-06-03
2024060303017258,BFC,49,32,48.0,430.0,20640.0,2024-06-03
2024060303017257,BFC,49,38,452.0,429.9,194314.8,2024-06-03
2024060301028606,ULHC,64,49,10.0,414.0,4140.0,2024-06-03
2024060301028605,SGHC,11,42,200.0,333.2,66640.0,2024-06-03
2024060301028604,SONA,41,7,10.0,442.0,4420.0,2024-06-03
2024060303017256,HLBSL,54,59,20.0,1261.0,25220.0,2024-06-03
2024060301028603,SMHL,49,29,100.0,520.0,52000.0,2024-06-03
2024060301028602,DOLTI,42,52,10.0,438.9,4389.0,2024-06-03
2024060304007831,CHL,58,55,10.0,324.9,3249.0,2024-06-03
2024060303017255,CBBL,57,6,10.0,841.0,8410.0,2024-06-03
2024060301028601,NMB,45,14,200.0,200.0,40000.0,2024-06-03
2024060301028600,RAWA,58,33,150.0,518.0,77700.0,2024-06-03
2024060301028599,JALPA,49,4,11.0,1437.0,15807.0,2024-06-03
2024060301028598,PPL,13,6,40.0,453.9,18156.0,2024-06-03
2024060301028597,PPL,13,58,10.0,451.0,4510.0,2024-06-03
2024060301028596,SGHC,11,50,100.0,333.2,33320.0,2024-06-03
2024060303017254,SDLBSL,42,28,200.0,971.0,194200.0,2024-06-03
2024060301028595,IHL,34,7,10.0,406.1,4061.0,2024-06-03
2024060301028594,MEL,19,52,10.0,225.7,2257.0,2024-06-03
2024060305004233,HIDCL,17,34,50.0,163.0,8150.0,2024-06-03
2024060305004232,NRN,77,43,2860.0,589.0,1684540.0,2024-06-03
2024060305004231,NRN,58,43,90.0,589.1,53019.0,2024-06-03
2024060305004230,NRN,14,43,50.0,589.2,29460.0,2024-06-03
2024060304007830,JOSHI,14,38,100.0,305.0,30500.0,2024-06-03
2024060304007829,JOSHI,14,38,50.0,305.0,15250.0,2024-06-03
2024060303017253,JBBL,34,14,150.0,289.5,43425.0,2024-06-03
2024060301028593,USHEC,45,77,90.0,414.0,37260.0,2024-06-03
2024060301028592,USHEC,45,77,100.0,415.0,41500.0,2024-06-03
2024060304007828,AKPL,48,44,50.0,163.1,8155.0,2024-06-03
2024060304007827,AKPL,1,44,300.0,163.1,48930.0,2024-06-03
2024060304007826,AKPL,44,44,200.0,163.1,32620.0,2024-06-03
2024060304007825,AKPL,41,44,50.0,163.1,8155.0,2024-06-03
2024060304007824,AKPL,58,44,400.0,163.2,65280.0,2024-06-03
2024060301028591,ILI,58,45,10.0,433.3,4333.0,2024-06-03
2024060301028590,AHL,17,49,100.0,486.1,48610.0,2024-06-03
2024060301028589,SPC,5,57,10.0,523.0,5230.0,2024-06-03
2024060301028588,HDL,39,19,20.0,1295.0,25900.0,2024-06-03
2024060301028587,DLBS,17,8,10.0,1212.6,12126.0,2024-06-03
2024060304007823,MEN,16,38,10.0,577.0,5770.0,2024-06-03
2024060304007822,MEN,16,38,10.0,576.5,5765.0,2024-06-03
2024060301028586,MEHL,62,3,50.0,336.0,16800.0,2024-06-03
2024060301028585,SONA,56,58,480.0,446.0,214080.0,2024-06-03
2024060301028584,SONA,56,35,11.0,445.4,4899.4,2024-06-03
2024060301028583,SONA,56,35,10.0,445.3,4453.0,2024-06-03
2024060301028582,SONA,56,35,10.0,445.2,4452.0,2024-06-03
2024060301028581,SONA,56,35,10.0,445.1,4451.0,2024-06-03
2024060301028580,SONA,56,58,10.0,445.0,4450.0,2024-06-03
2024060301028579,SONA,56,46,10.0,445.0,4450.0,2024-06-03
2024060301028578,SONA,56,48,10.0,445.0,4450.0,2024-06-03
2024060301028577,SONA,56,45,50.0,445.0,22250.0,2024-06-03
2024060301028576,SONA,56,58,139.0,445.0,61855.0,2024-06-03
2024060301028575,SONA,56,52,10.0,445.0,4450.0,2024-06-03
2024060301028574,SONA,56,46,10.0,445.0,4450.0,2024-06-03
2024060301028573,SONA,56,22,10.0,445.0,4450.0,2024-06-03
2024060301028572,SONA,56,49,10.0,445.0,4450.0,2024-06-03
2024060301028571,SONA,56,4,40.0,444.9,17796.0,2024-06-03
2024060301028570,SONA,56,35,100.0,444.9,44490.0,2024-06-03
2024060301028569,GVL,39,40,10.0,506.1,5061.0,2024-06-03
2024060301028568,GVL,39,40,90.0,506.3,45567.0,2024-06-03
2024060301028567,GVL,49,52,50.0,506.5,25325.0,2024-06-03
2024060301028566,PCBL,34,7,649.0,200.1,129864.9,2024-06-03
2024060301028565,RNLI,44,28,69.0,426.0,29394.0,2024-06-03
2024060304007821,RIDI,32,62,50.0,168.9,8445.0,2024-06-03
2024060304007820,AHPC,57,50,51.0,156.0,7956.0,2024-06-03
2024060304007819,AHPC,57,49,49.0,156.0,7644.0,2024-06-03
2024060301028564,NABIL,58,21,100.0,484.5,48450.0,2024-06-03
2024060301028563,SANIMA,58,38,21.0,252.2,5296.2,2024-06-03
2024060301028562,SANIMA,58,38,50.0,252.3,12615.0,2024-06-03
2024060301028561,SANIMA,34,38,70.0,252.3,17661.0,2024-06-03
2024060301028560,MAKAR,10,14,380.0,402.0,152760.0,2024-06-03
2024060303017252,NFS,45,74,10.0,586.1,5861.0,2024-06-03
2024060304007818,MEN,25,13,200.0,576.0,115200.0,2024-06-03
2024060301028559,TVCL,39,45,10.0,454.5,4545.0,2024-06-03
2024060301028558,TVCL,39,40,40.0,454.0,18160.0,2024-06-03
2024060304007817,UPCL,34,53,146.0,191.0,27886.0,2024-06-03
2024060303017251,GILB,39,52,50.0,1300.0,65000.0,2024-06-03
2024060301028557,LSL,44,34,658.0,163.9,107846.2,2024-06-03
2024060301028556,LSL,44,45,30.0,163.8,4914.0,2024-06-03
2024060301028555,LSL,44,58,77.0,163.7,12604.9,2024-06-03
2024060301028554,LSL,44,6,21.0,163.6,3435.6,2024-06-03
2024060301028553,LSL,44,47,1044.0,163.2,170380.8,2024-06-03
2024060301028552,LSL,44,14,200.0,163.0,32600.0,2024-06-03
2024060301028551,LSL,44,57,35.0,163.0,5705.0,2024-06-03
2024060301028550,LSL,44,55,500.0,163.0,81500.0,2024-06-03
2024060301028549,LSL,44,36,500.0,163.0,81500.0,2024-06-03
2024060301028548,LSL,44,22,130.0,163.0,21190.0,2024-06-03
2024060301028547,LSL,44,62,55.0,163.0,8965.0,2024-06-03
2024060301028546,LSL,44,55,1500.0,162.9,244350.0,2024-06-03
2024060301028545,LSL,44,16,250.0,161.5,40375.0,2024-06-03
2024060301028544,NRM,44,25,30.0,390.1,11703.0,2024-06-03
2024060301028543,RAWA,58,59,10.0,518.0,5180.0,2024-06-03
2024060303017250,RLFL,57,48,55.0,405.1,22280.5,2024-06-03
2024060304007816,SHEL,75,17,10.0,158.8,1588.0,2024-06-03
2024060301028542,NABIL,6,48,270.0,484.0,130680.0,2024-06-03
2024060301028541,NABIL,50,48,10.0,484.0,4840.0,2024-06-03
2024060303017249,NABBC,29,58,165.0,569.0,93885.0,2024-06-03
2024060303017248,NABBC,68,58,200.0,570.0,114000.0,2024-06-03
2024060303017247,NABBC,67,58,100.0,570.2,57020.0,2024-06-03
2024060303017246,NABBC,20,58,70.0,570.2,39914.0,2024-06-03
2024060303017245,PFL,41,51,72.0,650.0,46800.0,2024-06-03
2024060301028540,SARBTM,58,19,43.0,826.1,35522.3,2024-06-03
2024060301028539,SARBTM,39,19,50.0,826.1,41305.0,2024-06-03
2024060303017244,SHINE,63,34,300.0,389.0,116700.0,2024-06-03
2024060303017243,SFCL,32,32,86.0,366.0,31476.0,2024-06-03
2024060303017242,SFCL,32,22,14.0,366.0,5124.0,2024-06-03
2024060301028538,LSL,44,17,169.0,161.0,27209.0,2024-06-03
2024060303017241,MPFL,43,57,290.0,499.8,144942.0,2024-06-03
2024060303017240,MPFL,43,17,10.0,499.0,4990.0,2024-06-03
2024060303017239,MPFL,43,62,200.0,499.0,99800.0,2024-06-03
2024060303017238,FMDBL,35,59,290.0,696.5,201985.0,2024-06-03
2024060303017237,FMDBL,35,34,10.0,696.4,6964.0,2024-06-03
2024060304007815,IGI,8,38,398.0,525.1,208989.8,2024-06-03
2024060304007814,IGI,58,38,200.0,525.1,105020.0,2024-06-03
2024060304007813,IGI,40,38,20.0,525.1,10502.0,2024-06-03
2024060304007812,IGI,87,38,400.0,525.5,210200.0,2024-06-03
2024060304007811,IGI,37,38,382.0,526.0,200932.0,2024-06-03
2024060301028537,DLBS,45,52,110.0,1225.0,134750.0,2024-06-03
2024060304007810,RURU,42,58,100.0,618.4,61840.0,2024-06-03
2024060303017236,CFCL,38,58,124.0,408.0,50592.0,2024-06-03
2024060304007809,UPPER,41,51,200.0,162.4,32480.0,2024-06-03
2024060304007808,SGIC,28,58,30.0,530.5,15915.0,2024-06-03
2024060304007807,API,52,36,367.0,167.6,61509.2,2024-06-03
2024060304007806,API,52,33,133.0,167.5,22277.5,2024-06-03
2024060301028536,HBL,38,36,140.0,191.0,26740.0,2024-06-03
2024060301028535,CYCL,57,89,29.0,1478.0,42862.0,2024-06-03
2024060301028534,CYCL,57,39,10.0,1477.9,14779.0,2024-06-03
2024060301028533,CYCL,57,4,30.0,1475.0,44250.0,2024-06-03
2024060301028532,CITY,57,49,10.0,644.0,6440.0,2024-06-03
2024060301028531,PPL,44,26,50.0,449.0,22450.0,2024-06-03
2024060305004229,CHDC,35,58,100.0,878.9,87890.0,2024-06-03
2024060304007805,NHDL,32,67,108.0,490.0,52920.0,2024-06-03
2024060304007804,MEN,25,37,743.0,576.0,427968.0,2024-06-03
2024060304007803,MEN,55,37,30.0,576.0,17280.0,2024-06-03
2024060303017235,SMFBS,58,32,10.0,1394.0,13940.0,2024-06-03
2024060303017234,SMFBS,58,25,10.0,1390.0,13900.0,2024-06-03
2024060303017233,RSDC,49,45,50.0,692.0,34600.0,2024-06-03
2024060301028530,NYADI,41,42,100.0,290.4,29040.0,2024-06-03
2024060303017232,PROFL,42,45,10.0,359.9,3599.0,2024-06-03
2024060303017231,MNBBL,45,34,60.0,343.0,20580.0,2024-06-03
2024060303017230,MNBBL,58,34,12.0,343.1,4117.2,2024-06-03
2024060301028529,SHIVM,53,36,100.0,494.8,49480.0,2024-06-03
2024060301028528,SHIVM,53,45,100.0,494.0,49400.0,2024-06-03
2024060303017229,LICN,57,35,1.0,1345.6,1345.6,2024-06-03
2024060305004228,NIBSF2,4,43,3200.0,7.97,25504.0,2024-06-03
2024060301028527,PPL,44,60,20.0,449.0,8980.0,2024-06-03
2024060301028526,NRM,22,48,30.0,390.2,11706.0,2024-06-03
2024060301028525,MKHC,58,65,10.0,323.9,3239.0,2024-06-03
2024060301028524,MKHC,5,65,20.0,323.9,6478.0,2024-06-03
2024060301028523,NRM,44,65,10.0,390.1,3901.0,2024-06-03
2024060301028522,PHCL,59,38,10.0,307.0,3070.0,2024-06-03
2024060301028521,PHCL,59,58,834.0,307.0,256038.0,2024-06-03
2024060301028520,MAKAR,33,48,70.0,401.3,28091.0,2024-06-03
2024060303017228,NLICL,34,49,50.0,544.2,27210.0,2024-06-03
2024060303017227,NLICL,26,49,50.0,544.2,27210.0,2024-06-03
2024060303017226,NLICL,58,49,30.0,544.2,16326.0,2024-06-03
2024060303017225,NLICL,37,49,50.0,544.2,27210.0,2024-06-03
2024060305004227,NRN,49,49,29.0,590.0,17110.0,2024-06-03
2024060305004226,NRN,49,32,21.0,590.0,12390.0,2024-06-03
2024060301028519,ADBL,41,7,55.0,261.3,14371.5,2024-06-03
2024060301028518,MKCL,49,34,10.0,1021.0,10210.0,2024-06-03
2024060301028517,JBBD87,1,45,25.0,1039.5,25987.5,2024-06-03
2024060301028516,JBBD87,1,58,25.0,1037.0,25925.0,2024-06-03
2024060301028515,USHL,58,32,60.0,499.0,29940.0,2024-06-03
2024060301028514,USHL,21,32,100.0,499.0,49900.0,2024-06-03
2024060301028513,USHL,50,32,40.0,499.1,19964.0,2024-06-03
2024060303017224,SHINE,63,43,500.0,389.0,194500.0,2024-06-03
2024060303017223,NFS,74,25,50.0,584.2,29210.0,2024-06-03
2024060303017222,NFS,58,25,50.0,586.1,29305.0,2024-06-03
2024060303017221,ALBSL,57,59,100.0,959.0,95900.0,2024-06-03
2024060303017220,ALBSL,19,59,100.0,960.0,96000.0,2024-06-03
2024060304007802,PRIN,44,89,95.0,772.3,73368.5,2024-06-03
2024060304007801,PRIN,53,89,50.0,772.3,38615.0,2024-06-03
2024060304007800,PRIN,67,89,100.0,772.4,77240.0,2024-06-03
2024060304007799,PRIN,39,89,20.0,774.0,15480.0,2024-06-03
2024060304007798,PRIN,38,89,50.0,774.5,38725.0,2024-06-03
2024060304007797,PRIN,29,89,500.0,775.0,387500.0,2024-06-03
2024060304007796,PRIN,72,89,200.0,776.0,155200.0,2024-06-03
2024060304007795,PRIN,65,89,800.0,776.0,620800.0,2024-06-03
2024060304007794,PRIN,38,89,135.0,776.0,104760.0,2024-06-03
2024060304007793,HDHPC,28,62,427.0,129.8,55424.6,2024-06-03
2024060304007792,HDHPC,57,62,200.0,129.8,25960.0,2024-06-03
2024060304007791,HDHPC,58,62,30.0,129.9,3897.0,2024-06-03
2024060304007790,HDHPC,42,62,100.0,129.9,12990.0,2024-06-03
2024060304007789,HDHPC,4,62,100.0,129.9,12990.0,2024-06-03
2024060304007788,HDHPC,6,62,264.0,129.9,34293.6,2024-06-03
2024060304007787,HDHPC,43,62,132.0,130.0,17160.0,2024-06-03
2024060304007786,HDHPC,58,62,1000.0,130.0,130000.0,2024-06-03
2024060304007785,HDHPC,57,62,300.0,130.0,39000.0,2024-06-03
2024060304007784,HDHPC,42,62,100.0,130.0,13000.0,2024-06-03
2024060304007783,HDHPC,55,62,480.0,130.1,62448.0,2024-06-03
2024060304007782,HDHPC,53,62,10.0,130.2,1302.0,2024-06-03
2024060301028512,GCIL,11,58,10.0,483.1,4831.0,2024-06-03
2024060303017219,SJLIC,58,14,17.0,415.8,7068.6,2024-06-03
2024060304007781,GHL,16,57,100.0,145.6,14560.0,2024-06-03
2024060304007780,API,64,22,268.0,167.4,44863.2,2024-06-03
2024060304007779,UMRH,4,4,30.0,372.0,11160.0,2024-06-03
2024060301028511,CLI,7,7,10.0,472.3,4723.0,2024-06-03
2024060303017218,HLI,29,58,10.0,388.0,3880.0,2024-06-03
2024060303017217,SINDU,85,29,100.0,375.2,37520.0,2024-06-03
2024060303017216,SINDU,48,29,100.0,375.4,37540.0,2024-06-03
2024060303017215,SINDU,49,29,100.0,375.6,37560.0,2024-06-03
2024060301028510,SANIMA,19,55,500.0,252.5,126250.0,2024-06-03
2024060301028509,MKHL,58,52,50.0,457.1,22855.0,2024-06-03
2024060304007778,AKJCL,43,22,10.0,204.8,2048.0,2024-06-03
2024060304007777,AKJCL,43,41,10.0,204.7,2047.0,2024-06-03
2024060301028508,ULHC,88,44,290.0,416.0,120640.0,2024-06-03
2024060301028507,ULHC,88,53,10.0,415.5,4155.0,2024-06-03
2024060301028506,BEDC,57,81,200.0,399.0,79800.0,2024-06-03
2024060301028505,MBJC,58,14,10.0,302.3,3023.0,2024-06-03
2024060303017214,PROFL,17,14,50.0,356.2,17810.0,2024-06-03
2024060303017213,MLBBL,6,35,160.0,1278.0,204480.0,2024-06-03
2024060301028504,SMJC,25,38,10.0,383.7,3837.0,2024-06-03
2024060303017212,RSDC,44,45,120.0,692.0,83040.0,2024-06-03
2024060303017211,RSDC,42,45,30.0,692.1,20763.0,2024-06-03
2024060301028503,SONA,56,58,10.0,444.5,4445.0,2024-06-03
2024060301028502,SONA,56,57,150.0,444.3,66645.0,2024-06-03
2024060301028501,SONA,56,41,200.0,444.0,88800.0,2024-06-03
2024060301028500,SONA,56,17,10.0,444.0,4440.0,2024-06-03
2024060301028499,SONA,56,49,10.0,444.0,4440.0,2024-06-03
2024060301028498,SONA,56,44,10.0,444.0,4440.0,2024-06-03
2024060301028497,SONA,56,38,25.0,444.0,11100.0,2024-06-03
2024060301028496,SONA,56,52,10.0,444.0,4440.0,2024-06-03
2024060301028495,SONA,56,7,350.0,444.0,155400.0,2024-06-03
2024060301028494,SONA,56,49,10.0,443.5,4435.0,2024-06-03
2024060301028493,SONA,56,41,100.0,443.0,44300.0,2024-06-03
2024060301028492,SONA,56,57,76.0,443.0,33668.0,2024-06-03
2024060301028491,SONA,56,49,30.0,442.0,13260.0,2024-06-03
2024060304007776,UNHPL,47,19,70.0,227.9,15953.0,2024-06-03
2024060303017210,SKBBL,41,54,10.0,819.9,8199.0,2024-06-03
2024060301028490,SPL,41,25,10.0,695.0,6950.0,2024-06-03
2024060301028489,SPL,41,36,40.0,695.0,27800.0,2024-06-03
2024060301028488,NWCL,58,18,120.0,840.0,100800.0,2024-06-03
2024060303017209,NMLBBL,19,38,100.0,738.9,73890.0,2024-06-03
2024060303017208,DDBL,34,17,10.0,727.9,7279.0,2024-06-03
2024060301028487,USHEC,45,6,10.0,414.0,4140.0,2024-06-03
2024060304007775,NHPC,6,36,23.0,146.9,3378.7,2024-06-03
2024060303017207,SIFC,46,41,10.0,428.8,4288.0,2024-06-03
2024060301028486,TAMOR,59,35,10.0,389.0,3890.0,2024-06-03
2024060301028485,TAMOR,59,35,10.0,389.0,3890.0,2024-06-03
2024060303017206,MLBSL,5,34,10.0,1884.0,18840.0,2024-06-03
2024060304007774,AKPL,52,39,27.0,164.0,4428.0,2024-06-03
2024060303017205,MLBBL,69,35,10.0,1278.0,12780.0,2024-06-03
2024060305004225,HRL,35,7,10.0,572.0,5720.0,2024-06-03
2024060303017204,HLBSL,34,1,10.0,1260.3,12603.0,2024-06-03
2024060305004224,CIT,1,26,13.0,2111.0,27443.0,2024-06-03
2024060305004223,CIT,58,26,10.0,2111.0,21110.0,2024-06-03
2024060301028484,USHEC,58,25,10.0,413.0,4130.0,2024-06-03
2024060301028483,SBL,6,17,10.0,247.5,2475.0,2024-06-03
2024060304007773,RADHI,44,62,1000.0,231.9,231900.0,2024-06-03
2024060301028482,SONA,62,34,21.0,442.0,9282.0,2024-06-03
2024060303017203,GILB,62,62,16.0,1313.0,21008.0,2024-06-03
2024060303017202,GILB,62,84,20.0,1311.0,26220.0,2024-06-03
2024060303017201,GILB,62,45,17.0,1311.0,22287.0,2024-06-03
2024060303017200,GILB,62,45,50.0,1311.0,65550.0,2024-06-03
2024060303017199,GILB,62,6,47.0,1311.0,61617.0,2024-06-03
2024060303017198,GILB,62,1,50.0,1310.0,65500.0,2024-06-03
2024060301028481,NICA,54,43,110.0,416.9,45859.0,2024-06-03
2024060301028480,NICA,54,50,290.0,416.8,120872.0,2024-06-03
2024060301028479,SMHL,49,41,50.0,520.0,26000.0,2024-06-03
2024060303017197,MFIL,33,7,26.0,505.0,13130.0,2024-06-03
2024060303017196,MFIL,62,7,64.0,505.0,32320.0,2024-06-03
2024060303017195,MFIL,45,7,60.0,506.7,30402.0,2024-06-03
2024060304007772,KPCL,82,43,100.0,444.0,44400.0,2024-06-03
2024060303017194,HLI,29,41,89.0,387.9,34523.1,2024-06-03
2024060303017193,HLI,29,59,10.0,387.5,3875.0,2024-06-03
2024060303017192,GBBL,58,21,40.0,362.0,14480.0,2024-06-03
2024060303017191,EDBL,52,16,300.0,375.0,112500.0,2024-06-03
2024060303017190,FMDBL,45,6,119.0,695.0,82705.0,2024-06-03
2024060303017189,FMDBL,57,6,81.0,695.1,56303.1,2024-06-03
2024060303017188,SDLBSL,38,49,100.0,971.9,97190.0,2024-06-03
2024060301028478,RNLI,49,34,88.0,426.5,37532.0,2024-06-03
2024060301028477,RNLI,49,11,11.0,426.3,4689.3,2024-06-03
2024060301028476,GVL,39,58,10.0,506.3,5063.0,2024-06-03
2024060301028475,MBL,44,1,678.0,173.0,117294.0,2024-06-03
2024060301028474,MBL,41,1,322.0,173.1,55738.2,2024-06-03
2024060301028473,USHL,50,58,10.0,499.1,4991.0,2024-06-03
2024060301028472,NBL,34,7,25.0,212.6,5315.0,2024-06-03
2024060301028471,MEHL,62,85,10.0,336.0,3360.0,2024-06-03
2024060301028470,MEHL,34,85,30.0,336.0,10080.0,2024-06-03
2024060301028469,MEHL,21,85,200.0,336.0,67200.0,2024-06-03
2024060301028468,MEHL,42,85,10.0,336.2,3362.0,2024-06-03
2024060301028467,MEHL,35,85,10.0,336.5,3365.0,2024-06-03
2024060301028466,MEHL,19,85,10.0,337.0,3370.0,2024-06-03
2024060301028465,MEHL,37,85,30.0,337.0,10110.0,2024-06-03
2024060301028464,MKLB,41,33,10.0,1115.1,11151.0,2024-06-03
2024060303017187,JBBL,48,38,1000.0,289.0,289000.0,2024-06-03
2024060303017186,MLBSL,55,49,25.0,1875.0,46875.0,2024-06-03
2024060305004222,NRN,42,57,120.0,590.0,70800.0,2024-06-03
2024060301028463,RNLI,44,53,10.0,426.0,4260.0,2024-06-03
2024060301028462,RFPL,19,16,354.0,355.0,125670.0,2024-06-03
2024060301028461,RFPL,16,16,100.0,355.0,35500.0,2024-06-03
2024060301028460,RFPL,45,16,50.0,355.0,17750.0,2024-06-03
2024060301028459,RFPL,48,16,50.0,355.0,17750.0,2024-06-03
2024060301028458,RFPL,57,16,30.0,355.0,10650.0,2024-06-03
2024060301028457,RFPL,58,16,377.0,355.0,133835.0,2024-06-03
2024060301028456,RFPL,10,16,50.0,355.1,17755.0,2024-06-03
2024060301028455,DORDI,34,32,300.0,433.0,129900.0,2024-06-03
2024060303017185,HLI,36,26,1450.0,387.4,561730.0,2024-06-03
2024060303017184,HLI,35,26,50.0,387.5,19375.0,2024-06-03
2024060303017183,MNBBL,45,48,40.0,343.0,13720.0,2024-06-03
2024060303017182,SADBL,56,50,2200.0,315.0,693000.0,2024-06-03
2024060303017181,MPFL,42,84,105.0,492.0,51660.0,2024-06-03
2024060303017180,MPFL,7,84,100.0,494.0,49400.0,2024-06-03
2024060303017179,MPFL,42,84,300.0,495.0,148500.0,2024-06-03
2024060303017178,MPFL,71,84,100.0,495.0,49500.0,2024-06-03
2024060303017177,MPFL,1,84,125.0,497.0,62125.0,2024-06-03
2024060303017176,MPFL,19,84,500.0,497.3,248650.0,2024-06-03
2024060303017175,MPFL,41,84,300.0,498.0,149400.0,2024-06-03
2024060303017174,MPFL,45,84,470.0,498.0,234060.0,2024-06-03
2024060305004221,NRN,44,57,50.0,590.0,29500.0,2024-06-03
2024060301028454,MLBS,13,52,190.0,1350.0,256500.0,2024-06-03
2024060301028453,MLBS,13,81,10.0,1350.0,13500.0,2024-06-03
2024060303017173,MPFL,7,62,50.0,499.0,24950.0,2024-06-03
2024060303017172,MPFL,43,62,50.0,499.1,24955.0,2024-06-03
2024060301028452,MBJC,58,14,10.0,302.3,3023.0,2024-06-03
2024060305004220,CHDC,6,58,100.0,878.9,87890.0,2024-06-03
2024060303017171,RLFL,42,62,200.0,405.0,81000.0,2024-06-03
2024060301028451,SARBTM,39,87,50.0,826.1,41305.0,2024-06-03
2024060301028450,HDL,7,35,10.0,1296.0,12960.0,2024-06-03
2024060303017170,MFIL,58,25,19.0,507.0,9633.0,2024-06-03
2024060303017169,MFIL,58,58,31.0,507.0,15717.0,2024-06-03
2024060301028449,NABIL,35,48,35.0,484.8,16968.0,2024-06-03
2024060301028448,NABIL,35,38,15.0,484.5,7267.5,2024-06-03
2024060301028447,NABIL,50,38,40.0,484.0,19360.0,2024-06-03
2024060301028446,NABIL,57,38,15.0,484.0,7260.0,2024-06-03
2024060301028445,NABIL,32,38,10.0,484.0,4840.0,2024-06-03
2024060301028444,NABIL,58,38,50.0,484.0,24200.0,2024-06-03
2024060301028443,NABIL,49,38,30.0,484.0,14520.0,2024-06-03
2024060301028442,NABIL,59,38,20.0,484.0,9680.0,2024-06-03
2024060301028441,NABIL,34,38,235.0,484.0,113740.0,2024-06-03
2024060303017168,BFC,49,58,20.0,429.0,8580.0,2024-06-03
2024060303017167,BFC,49,28,30.0,428.0,12840.0,2024-06-03
2024060301028440,CKHL,10,22,10.0,559.9,5599.0,2024-06-03
2024060301028439,SARBTM,62,35,20.0,825.3,16506.0,2024-06-03
2024060303017166,FMDBL,57,48,119.0,695.1,82716.9,2024-06-03
2024060304007771,AKPL,51,48,122.0,164.1,20020.2,2024-06-03
2024060301028438,MEL,1,7,10.0,226.0,2260.0,2024-06-03
2024060301028437,PPL,38,52,10.0,448.4,4484.0,2024-06-03
2024060305004219,PSF,32,52,5000.0,9.19,45950.0,2024-06-03
2024060303017165,SMFBS,58,32,19.0,1389.0,26391.0,2024-06-03
2024060301028436,ADBL,41,26,17.0,261.3,4442.1,2024-06-03
2024060301028435,ADBL,8,26,15.0,261.3,3919.5,2024-06-03
2024060301028434,ADBL,45,26,90.0,261.3,23517.0,2024-06-03
2024060304007770,SHEL,48,58,20.0,158.5,3170.0,2024-06-03
2024060303017164,PROFL,56,45,100.0,359.9,35990.0,2024-06-03
2024060303017163,PROFL,56,56,100.0,359.8,35980.0,2024-06-03
2024060303017162,PROFL,56,16,200.0,359.5,71900.0,2024-06-03
2024060303017161,PROFL,56,20,100.0,359.0,35900.0,2024-06-03
2024060301028433,MHCL,34,34,120.0,390.0,46800.0,2024-06-03
2024060304007769,MEN,55,89,100.0,576.0,57600.0,2024-06-03
2024060305004218,NRN,45,94,15.0,589.9,8848.5,2024-06-03
2024060301028432,MEL,64,5,180.0,228.0,41040.0,2024-06-03
2024060301028431,MEL,64,6,90.0,228.0,20520.0,2024-06-03
2024060301028430,MEL,64,38,200.0,228.0,45600.0,2024-06-03
2024060301028429,MEL,64,16,450.0,228.0,102600.0,2024-06-03
2024060301028428,MEL,64,22,10.0,228.0,2280.0,2024-06-03
2024060301028427,MEL,64,58,10.0,228.0,2280.0,2024-06-03
2024060301028426,MEL,64,17,60.0,227.9,13674.0,2024-06-03
2024060304007768,SHPC,53,58,10.0,328.9,3289.0,2024-06-03
2024060301028425,SHIVM,10,34,94.0,494.0,46436.0,2024-06-03
2024060301028424,SHIVM,10,36,900.0,493.9,444510.0,2024-06-03
2024060305004217,NRN,58,94,30.0,589.9,17697.0,2024-06-03
2024060303017160,PFL,43,52,10.0,651.7,6517.0,2024-06-03
2024060303017159,MNBBL,32,48,10.0,343.0,3430.0,2024-06-03
2024060303017158,SFCL,48,22,86.0,366.0,31476.0,2024-06-03
2024060301028423,MKCL,57,56,10.0,1025.0,10250.0,2024-06-03
2024060304007767,MEN,55,35,380.0,576.0,218880.0,2024-06-03
2024060301028422,SHIVM,3,36,100.0,493.9,49390.0,2024-06-03
2024060303017157,HLI,56,22,10.0,388.0,3880.0,2024-06-03
2024060301028421,GCIL,11,7,11.0,483.1,5314.1,2024-06-03
