transaction,symbol,buyer,seller,quantity,rate,amount,date
2024041001030270,SPC,36,38,10.0,544.0,5440.0,2024-04-10
2024041005005447,NRIC,58,45,30.0,775.1,23253.0,2024-04-10
2024041005005446,NRIC,58,19,100.0,775.0,77500.0,2024-04-10
2024041005005445,NRIC,58,58,150.0,775.0,116250.0,2024-04-10
2024041005005444,NRIC,58,49,26.0,775.0,20150.0,2024-04-10
2024041005005443,NRIC,58,11,74.0,775.0,57350.0,2024-04-10
2024041005005442,NRIC,58,11,10.0,775.0,7750.0,2024-04-10
2024041005005441,NRIC,58,32,10.0,775.0,7750.0,2024-04-10
2024041005005440,NRIC,58,1,225.0,775.0,174375.0,2024-04-10
2024041005005439,NRIC,58,7,200.0,775.0,155000.0,2024-04-10
2024041005005438,NRIC,58,32,20.0,775.0,15500.0,2024-04-10
2024041005005437,NRIC,58,8,20.0,775.0,15500.0,2024-04-10
2024041005005436,NRIC,58,45,200.0,775.0,155000.0,2024-04-10
2024041005005435,NRIC,58,29,100.0,775.0,77500.0,2024-04-10
2024041005005434,NRIC,58,26,100.0,775.0,77500.0,2024-04-10
2024041005005433,NRIC,58,45,500.0,775.0,387500.0,2024-04-10
2024041005005432,NRIC,58,55,100.0,774.8,77480.0,2024-04-10
2024041005005431,NRIC,58,33,1500.0,774.0,1161000.0,2024-04-10
2024041005005430,NRIC,58,28,20.0,774.0,15480.0,2024-04-10
2024041005005429,NRIC,58,34,51.0,774.0,39474.0,2024-04-10
2024041005005428,NRIC,58,58,30.0,773.1,23193.0,2024-04-10
2024041005005427,NRIC,58,26,15.0,773.0,11595.0,2024-04-10
2024041005005426,NRIC,58,16,10.0,773.0,7730.0,2024-04-10
2024041005005425,NRIC,58,57,51.0,773.0,39423.0,2024-04-10
2024041005005424,NRIC,58,45,122.0,773.0,94306.0,2024-04-10
2024041005005423,NRIC,58,36,303.0,773.0,234219.0,2024-04-10
2024041003015410,GUFL,57,47,50.0,816.0,40800.0,2024-04-10
2024041005005422,NRIC,58,64,500.0,773.0,386500.0,2024-04-10
2024041003015409,GUFL,58,47,20.0,816.1,16322.0,2024-04-10
2024041003015408,GUFL,18,47,100.0,818.0,81800.0,2024-04-10
2024041005005421,NRIC,58,21,51.0,772.1,39377.1,2024-04-10
2024041005005420,NRIC,58,49,27.0,772.0,20844.0,2024-04-10
2024041005005419,NRIC,58,34,452.0,772.0,348944.0,2024-04-10
2024041005005418,NRIC,58,25,10.0,772.0,7720.0,2024-04-10
2024041003015407,GUFL,58,47,30.0,818.0,24540.0,2024-04-10
2024041005005417,NRIC,58,7,200.0,772.0,154400.0,2024-04-10
2024041005005416,NRIC,58,25,11.0,772.0,8492.0,2024-04-10
2024041005005415,NRIC,58,61,100.0,772.0,77200.0,2024-04-10
2024041005005414,NRIC,58,65,50.0,771.3,38565.0,2024-04-10
2024041005005413,NRIC,58,46,10.0,771.2,7712.0,2024-04-10
2024041005005412,NRIC,58,41,64.0,771.0,49344.0,2024-04-10
2024041005005411,NRIC,58,43,15.0,771.0,11565.0,2024-04-10
2024041005005410,NRIC,58,17,20.0,770.3,15406.0,2024-04-10
2024041005005409,NRIC,58,55,24.0,770.1,18482.4,2024-04-10
2024041005005408,NRIC,58,34,300.0,770.0,231000.0,2024-04-10
2024041005005407,NRIC,58,42,136.0,770.0,104720.0,2024-04-10
2024041005005406,NRIC,58,28,500.0,770.0,385000.0,2024-04-10
2024041005005405,NRIC,58,41,51.0,770.0,39270.0,2024-04-10
2024041005005404,NRIC,58,35,30.0,770.0,23100.0,2024-04-10
2024041005005403,NRIC,58,45,70.0,770.0,53900.0,2024-04-10
2024041005005402,NRIC,58,74,500.0,770.0,385000.0,2024-04-10
2024041005005401,NRIC,58,46,40.0,770.0,30800.0,2024-04-10
2024041005005400,NRIC,58,10,100.0,770.0,77000.0,2024-04-10
2024041005005399,NRIC,58,25,20.0,770.0,15400.0,2024-04-10
2024041005005398,NRIC,58,59,100.0,770.0,77000.0,2024-04-10
2024041005005397,NRIC,58,48,100.0,769.9,76990.0,2024-04-10
2024041005005396,NRIC,58,6,300.0,769.0,230700.0,2024-04-10
2024041005005395,NRIC,58,61,300.0,769.0,230700.0,2024-04-10
2024041005005394,NRIC,58,35,38.0,769.0,29222.0,2024-04-10
2024041005005393,NRIC,58,51,251.0,768.0,192768.0,2024-04-10
2024041005005392,NRIC,58,8,150.0,768.0,115200.0,2024-04-10
2024041005005391,NRIC,58,50,110.0,768.0,84480.0,2024-04-10
2024041005005390,NRIC,58,28,100.0,768.0,76800.0,2024-04-10
2024041005005389,NRIC,58,29,24.0,768.0,18432.0,2024-04-10
2024041005005388,NRIC,58,48,100.0,768.0,76800.0,2024-04-10
2024041005005387,NRIC,58,21,100.0,768.0,76800.0,2024-04-10
2024041005005386,NRIC,58,43,15.0,768.0,11520.0,2024-04-10
2024041005005385,NRIC,58,95,64.0,768.0,49152.0,2024-04-10
2024041005005384,NRIC,58,32,10.0,768.0,7680.0,2024-04-10
2024041005005383,NRIC,58,49,20.0,768.0,15360.0,2024-04-10
2024041005005382,NRIC,58,71,50.0,767.9,38395.0,2024-04-10
2024041005005381,NRIC,58,56,500.0,767.0,383500.0,2024-04-10
2024041005005380,NRIC,58,59,100.0,766.0,76600.0,2024-04-10
2024041005005379,NRIC,58,66,504.0,766.0,386064.0,2024-04-10
2024041005005378,NRIC,58,59,10.0,765.0,7650.0,2024-04-10
2024041005005377,NRIC,58,59,100.0,765.0,76500.0,2024-04-10
2024041005005376,NRIC,58,28,10.0,765.0,7650.0,2024-04-10
2024041005005375,NRIC,58,6,10.0,765.0,7650.0,2024-04-10
2024041005005374,NRIC,58,53,38.0,765.0,29070.0,2024-04-10
2024041005005373,NRIC,58,47,20.0,765.0,15300.0,2024-04-10
2024041005005372,NRIC,58,10,100.0,765.0,76500.0,2024-04-10
2024041005005371,NRIC,58,4,10.0,765.0,7650.0,2024-04-10
2024041005005370,NRIC,58,26,100.0,765.0,76500.0,2024-04-10
2024041005005369,NRIC,58,52,64.0,765.0,48960.0,2024-04-10
2024041005005368,NRIC,58,46,12.0,765.0,9180.0,2024-04-10
2024041005005367,NRIC,58,49,12.0,765.0,9180.0,2024-04-10
2024041005005366,NRIC,58,49,20.0,765.0,15300.0,2024-04-10
2024041005005365,NRIC,58,43,35.0,764.8,26768.0,2024-04-10
2024041005005364,NRIC,58,43,15.0,764.8,11472.0,2024-04-10
2024041005005363,NRIC,58,38,26.0,762.9,19835.4,2024-04-10
2024041005005362,NRIC,58,19,50.0,762.9,38145.0,2024-04-10
2024041005005361,NRIC,58,35,480.0,762.5,366000.0,2024-04-10
2024041005005360,NRIC,58,43,15.0,762.4,11436.0,2024-04-10
2024041005005359,NRIC,58,22,51.0,762.0,38862.0,2024-04-10
2024041005005358,NRIC,58,57,200.0,762.0,152400.0,2024-04-10
2024041005005357,NRIC,58,46,20.0,762.0,15240.0,2024-04-10
2024041005005356,NRIC,58,43,20.0,761.9,15238.0,2024-04-10
2024041005005355,NRIC,58,45,10.0,761.9,7619.0,2024-04-10
2024041005005354,NRIC,58,45,500.0,761.0,380500.0,2024-04-10
2024041005005353,NRIC,58,34,21.0,760.0,15960.0,2024-04-10
2024041005005352,NRIC,58,56,500.0,760.0,380000.0,2024-04-10
2024041005005351,NRIC,58,48,100.0,760.0,76000.0,2024-04-10
2024041005005350,NRIC,58,35,200.0,760.0,152000.0,2024-04-10
2024041005005349,NRIC,58,29,1000.0,760.0,760000.0,2024-04-10
2024041005005348,NRIC,58,41,51.0,760.0,38760.0,2024-04-10
2024041005005347,NRIC,58,35,1131.0,760.0,859560.0,2024-04-10
2024041005005346,NRIC,58,33,1000.0,759.0,759000.0,2024-04-10
2024041005005345,NRIC,58,43,60.0,758.8,45528.0,2024-04-10
2024041005005344,NRIC,58,43,200.0,758.7,151740.0,2024-04-10
2024041005005343,NRIC,58,10,525.0,757.9,397897.5,2024-04-10
2024041005005342,NRIC,58,22,100.0,756.9,75690.0,2024-04-10
2024041001030269,PPL,7,36,10.0,626.0,6260.0,2024-04-10
2024041004010293,TRH,58,57,50.0,760.0,38000.0,2024-04-10
2024041003015406,GBLBS,7,42,20.0,626.0,12520.0,2024-04-10
2024041004010292,TRH,58,49,11.0,759.9,8358.9,2024-04-10
2024041001030268,NRM,6,37,20.0,376.0,7520.0,2024-04-10
2024041005005341,CIT,41,6,14.0,2105.0,29470.0,2024-04-10
2024041005005340,CIT,41,6,50.0,2105.0,105250.0,2024-04-10
2024041005005339,CIT,49,6,10.0,2105.0,21050.0,2024-04-10
2024041005005338,CIT,32,6,26.0,2105.0,54730.0,2024-04-10
2024041001030267,DOLTI,88,8,20.0,486.5,9730.0,2024-04-10
2024041001030266,UNL,34,3,10.0,40450.0,404500.0,2024-04-10
2024041001030265,UNL,34,3,10.0,40400.0,404000.0,2024-04-10
2024041001030264,DOLTI,53,34,260.0,473.0,122980.0,2024-04-10
2024041001030263,DOLTI,33,34,100.0,474.0,47400.0,2024-04-10
2024041001030262,DOLTI,14,34,40.0,474.0,18960.0,2024-04-10
2024041001030261,BHPL,34,58,10.0,490.0,4900.0,2024-04-10
2024041001030260,BHPL,34,11,20.0,489.9,9798.0,2024-04-10
2024041001030259,MCHL,49,42,10.0,370.0,3700.0,2024-04-10
2024041003015405,CORBL,58,69,10.0,431.7,4317.0,2024-04-10
2024041003015404,CBBL,16,7,10.0,834.9,8349.0,2024-04-10
2024041004010291,MEN,16,57,10.0,515.0,5150.0,2024-04-10
2024041003015403,GUFL,26,59,200.0,829.0,165800.0,2024-04-10
2024041004010290,CGH,8,38,65.0,808.0,52520.0,2024-04-10
2024041001030258,KBL,38,42,10.0,137.7,1377.0,2024-04-10
2024041003015402,SWMF,59,34,62.0,759.0,47058.0,2024-04-10
2024041003015401,SWMF,59,25,65.0,745.0,48425.0,2024-04-10
2024041001030257,DOLTI,25,8,10.0,486.5,4865.0,2024-04-10
2024041003015400,LBBL,57,54,25.0,379.0,9475.0,2024-04-10
2024041003015399,VLBS,28,38,10.0,728.5,7285.0,2024-04-10
2024041001030256,PPL,35,33,12.0,626.0,7512.0,2024-04-10
2024041001030255,DOLTI,28,8,10.0,486.5,4865.0,2024-04-10
2024041001030254,DOLTI,28,59,300.0,486.5,145950.0,2024-04-10
2024041001030253,DOLTI,28,57,10.0,486.0,4860.0,2024-04-10
2024041001030252,DOLTI,28,19,10.0,485.5,4855.0,2024-04-10
2024041001030251,DOLTI,28,5,100.0,485.5,48550.0,2024-04-10
2024041001030250,DOLTI,28,42,200.0,485.0,97000.0,2024-04-10
2024041001030249,DOLTI,28,28,380.0,485.0,184300.0,2024-04-10
2024041001030248,DOLTI,28,6,990.0,483.0,478170.0,2024-04-10
2024041003015398,GUFL,35,59,10.0,829.0,8290.0,2024-04-10
2024041001030247,DOLTI,71,6,10.0,483.0,4830.0,2024-04-10
2024041003015397,PROFL,71,70,10.0,323.5,3235.0,2024-04-10
2024041001030246,SONA,63,51,10.0,456.8,4568.0,2024-04-10
2024041001030245,MANDU,65,62,18.0,770.0,13860.0,2024-04-10
2024041001030244,MANDU,65,80,100.0,770.0,77000.0,2024-04-10
2024041001030243,MANDU,65,25,50.0,770.0,38500.0,2024-04-10
2024041001030242,MANDU,65,43,300.0,770.0,231000.0,2024-04-10
2024041001030241,MANDU,65,47,100.0,770.0,77000.0,2024-04-10
2024041001030240,MANDU,65,43,10.0,770.0,7700.0,2024-04-10
2024041001030239,MANDU,65,55,10.0,770.0,7700.0,2024-04-10
2024041001030238,MANDU,65,42,150.0,769.0,115350.0,2024-04-10
2024041001030237,MANDU,65,62,262.0,769.0,201478.0,2024-04-10
2024041001030236,NIMB,17,42,10.0,156.2,1562.0,2024-04-10
2024041001030235,MEHL,1,48,10.0,317.5,3175.0,2024-04-10
2024041001030234,CYCL,62,49,20.0,1724.8,34496.0,2024-04-10
2024041003015396,GILB,62,50,10.0,970.0,9700.0,2024-04-10
2024041005005337,NRIC,49,62,10.0,754.2,7542.0,2024-04-10
2024041003015395,GUFL,62,59,300.0,829.0,248700.0,2024-04-10
2024041001030233,PPL,8,33,480.0,626.0,300480.0,2024-04-10
2024041001030232,PPL,8,48,10.0,625.0,6250.0,2024-04-10
2024041001030231,PPL,8,83,10.0,625.0,6250.0,2024-04-10
2024041001030230,MHL,48,11,20.0,419.0,8380.0,2024-04-10
2024041003015394,EDBL,42,45,47.0,364.9,17150.3,2024-04-10
2024041003015393,EDBL,42,7,53.0,363.0,19239.0,2024-04-10
2024041004010289,UPCL,33,42,500.0,203.0,101500.0,2024-04-10
2024041001030229,BEDC,45,77,20.0,371.0,7420.0,2024-04-10
2024041001030228,BEDC,45,34,90.0,368.0,33120.0,2024-04-10
2024041001030227,BEDC,45,49,40.0,366.0,14640.0,2024-04-10
2024041001030226,ILI,52,45,100.0,550.4,55040.0,2024-04-10
2024041003015392,SJLIC,34,43,440.0,493.0,216920.0,2024-04-10
2024041003015391,SJLIC,62,43,500.0,493.1,246550.0,2024-04-10
2024041003015390,SJLIC,13,43,60.0,493.1,29586.0,2024-04-10
2024041003015389,GBBL,89,6,100.0,370.0,37000.0,2024-04-10
2024041001030225,SNLI,13,61,180.0,597.1,107478.0,2024-04-10
2024041001030224,SNLI,39,61,20.0,598.0,11960.0,2024-04-10
2024041004010288,NGPL,49,4,268.0,316.0,84688.0,2024-04-10
2024041004010287,NGPL,53,4,32.0,316.7,10134.4,2024-04-10
2024041004010286,JOSHI,36,57,62.0,333.0,20646.0,2024-04-10
2024041004010285,JOSHI,36,68,200.0,333.0,66600.0,2024-04-10
2024041001030223,PPL,62,58,10.0,624.5,6245.0,2024-04-10
2024041003015388,GBBL,44,6,117.0,370.0,43290.0,2024-04-10
2024041003015387,LBBL,22,54,10.0,379.0,3790.0,2024-04-10
2024041001030222,SGHC,77,64,160.0,314.4,50304.0,2024-04-10
2024041001030221,PPL,62,44,10.0,624.5,6245.0,2024-04-10
2024041001030220,EBL,39,14,10.0,505.0,5050.0,2024-04-10
2024041001030219,CYCL,39,49,111.0,1724.8,191452.8,2024-04-10
2024041001030218,CYCL,39,19,10.0,1723.8,17238.0,2024-04-10
2024041001030217,CYCL,39,33,100.0,1722.0,172200.0,2024-04-10
2024041001030216,CYCL,39,36,10.0,1721.0,17210.0,2024-04-10
2024041001030215,CYCL,39,52,13.0,1720.0,22360.0,2024-04-10
2024041001030214,CYCL,39,11,10.0,1720.0,17200.0,2024-04-10
2024041001030213,CYCL,39,21,20.0,1720.0,34400.0,2024-04-10
2024041001030212,CYCL,39,58,26.0,1720.0,44720.0,2024-04-10
2024041001030211,CYCL,39,38,50.0,1720.0,86000.0,2024-04-10
2024041001030210,CYCL,39,1,10.0,1720.0,17200.0,2024-04-10
2024041001030209,CYCL,39,21,13.0,1720.0,22360.0,2024-04-10
2024041001030208,CYCL,39,47,10.0,1720.0,17200.0,2024-04-10
2024041001030207,CYCL,39,21,13.0,1720.0,22360.0,2024-04-10
2024041001030206,CYCL,39,44,13.0,1720.0,22360.0,2024-04-10
2024041001030205,CYCL,39,6,10.0,1720.0,17200.0,2024-04-10
2024041001030204,CYCL,39,17,10.0,1720.0,17200.0,2024-04-10
2024041001030203,CYCL,39,7,500.0,1718.0,859000.0,2024-04-10
2024041001030202,CYCL,39,58,11.0,1717.0,18887.0,2024-04-10
2024041001030201,CYCL,39,26,10.0,1716.0,17160.0,2024-04-10
2024041001030200,CYCL,39,22,50.0,1714.0,85700.0,2024-04-10
2024041001030199,SHLB,34,25,40.0,1148.0,45920.0,2024-04-10
2024041001030198,SAMAJ,34,16,90.0,1971.0,177390.0,2024-04-10
2024041001030197,SAMAJ,34,38,10.0,1970.0,19700.0,2024-04-10
2024041001030196,SAMAJ,34,41,100.0,1969.6,196960.0,2024-04-10
2024041001030195,PPL,62,69,50.0,624.5,31225.0,2024-04-10
2024041001030194,RHGCL,69,21,160.0,324.0,51840.0,2024-04-10
2024041001030193,RHGCL,69,32,280.0,323.0,90440.0,2024-04-10
2024041001030192,RHGCL,69,26,10.0,322.0,3220.0,2024-04-10
2024041001030191,RHGCL,69,58,10.0,322.0,3220.0,2024-04-10
2024041001030190,RHGCL,69,62,20.0,321.5,6430.0,2024-04-10
2024041001030189,RHGCL,69,53,10.0,321.3,3213.0,2024-04-10
2024041001030188,RHGCL,69,91,300.0,321.0,96300.0,2024-04-10
2024041001030187,RHGCL,69,58,150.0,320.0,48000.0,2024-04-10
2024041001030186,RHGCL,69,38,80.0,320.0,25600.0,2024-04-10
2024041003015386,SMFBS,18,57,10.0,1214.8,12148.0,2024-04-10
2024041001030185,MAKAR,18,45,10.0,398.0,3980.0,2024-04-10
2024041001030184,MAKAR,18,22,50.0,398.0,19900.0,2024-04-10
2024041001030183,MAKAR,18,8,10.0,397.0,3970.0,2024-04-10
2024041001030182,MAKAR,18,7,10.0,397.0,3970.0,2024-04-10
2024041001030181,MAKAR,18,35,10.0,396.9,3969.0,2024-04-10
2024041001030180,MAKAR,18,13,270.0,396.9,107163.0,2024-04-10
2024041001030179,NWCL,45,16,25.0,750.0,18750.0,2024-04-10
2024041001030178,NWCL,55,16,20.0,750.0,15000.0,2024-04-10
2024041001030177,NWCL,58,16,10.0,750.0,7500.0,2024-04-10
2024041001030176,NWCL,4,16,100.0,750.0,75000.0,2024-04-10
2024041001030175,NWCL,42,16,50.0,750.0,37500.0,2024-04-10
2024041001030174,NWCL,48,16,200.0,750.3,150060.0,2024-04-10
2024041001030173,NWCL,61,16,40.0,751.0,30040.0,2024-04-10
2024041003015385,ICFC,38,32,25.0,515.0,12875.0,2024-04-10
2024041001030172,PPL,50,6,100.0,625.0,62500.0,2024-04-10
2024041001030171,PPL,25,6,100.0,625.0,62500.0,2024-04-10
2024041004010284,SPDL,26,57,22.0,235.0,5170.0,2024-04-10
2024041004010283,SPDL,48,57,178.0,235.0,41830.0,2024-04-10
2024041001030170,GBIME,28,40,14.0,182.0,2548.0,2024-04-10
2024041001030169,GBIME,28,21,70.0,181.0,12670.0,2024-04-10
2024041001030168,GBIME,28,16,90.0,181.0,16290.0,2024-04-10
2024041001030167,GBIME,28,59,33.0,181.0,5973.0,2024-04-10
2024041001030166,GBIME,28,7,21.0,181.0,3801.0,2024-04-10
2024041001030165,GBIME,28,42,50.0,181.0,9050.0,2024-04-10
2024041001030164,GBIME,28,5,56.0,180.9,10130.4,2024-04-10
2024041001030163,GBIME,28,55,166.0,180.2,29913.2,2024-04-10
2024041003015384,MLBBL,35,16,10.0,1000.0,10000.0,2024-04-10
2024041001030162,RHGCL,71,38,30.0,320.0,9600.0,2024-04-10
2024041003015383,ALICL,1,51,60.0,560.3,33618.0,2024-04-10
2024041003015382,ALICL,21,51,210.0,561.9,117999.0,2024-04-10
2024041003015381,PFL,46,4,10.0,507.0,5070.0,2024-04-10
2024041001030161,HDL,38,53,22.0,1488.0,32736.0,2024-04-10
2024041001030160,HDL,38,53,45.0,1488.0,66960.0,2024-04-10
2024041001030159,HDL,25,53,21.0,1488.0,31248.0,2024-04-10
2024041004010282,HURJA,1,43,30.0,292.9,8787.0,2024-04-10
2024041003015380,GLBSL,62,49,100.0,2340.0,234000.0,2024-04-10
2024041003015379,GLBSL,62,45,12.0,2302.0,27624.0,2024-04-10
2024041003015378,GLBSL,62,58,13.0,2300.0,29900.0,2024-04-10
2024041003015377,GLBSL,62,38,110.0,2250.0,247500.0,2024-04-10
2024041003015376,SINDU,21,55,100.0,356.0,35600.0,2024-04-10
2024041003015375,SINDU,42,55,250.0,356.0,89000.0,2024-04-10
2024041003015374,SINDU,42,55,10.0,356.0,3560.0,2024-04-10
2024041003015373,SINDU,58,55,350.0,356.1,124635.0,2024-04-10
2024041003015372,SINDU,44,55,500.0,357.0,178500.0,2024-04-10
2024041003015371,SINDU,57,55,10.0,357.0,3570.0,2024-04-10
2024041001030158,SGHC,77,62,576.0,314.4,181094.4,2024-04-10
2024041001030157,KBL,48,42,25.0,137.7,3442.5,2024-04-10
2024041001030156,KBL,48,37,35.0,137.6,4816.0,2024-04-10
2024041003015370,PFL,41,48,1500.0,506.9,760350.0,2024-04-10
2024041003015369,PFL,41,48,20.0,506.9,10138.0,2024-04-10
2024041004010281,NGPL,53,91,14.0,316.7,4433.8,2024-04-10
2024041003015368,SMB,52,45,10.0,1347.0,13470.0,2024-04-10
2024041001030155,DOLTI,29,28,620.0,485.0,300700.0,2024-04-10
2024041001030154,DOLTI,29,1,10.0,485.0,4850.0,2024-04-10
2024041001030153,DOLTI,29,35,100.0,485.0,48500.0,2024-04-10
2024041001030152,DOLTI,29,6,10.0,485.0,4850.0,2024-04-10
2024041001030151,DOLTI,29,33,40.0,484.5,19380.0,2024-04-10
2024041001030150,DOLTI,29,71,200.0,484.5,96900.0,2024-04-10
2024041001030149,DOLTI,29,74,10.0,484.5,4845.0,2024-04-10
2024041001030148,DOLTI,29,34,10.0,484.5,4845.0,2024-04-10
2024041001030147,DOLTI,29,21,100.0,484.0,48400.0,2024-04-10
2024041001030146,DOLTI,29,7,50.0,484.0,24200.0,2024-04-10
2024041001030145,DOLTI,29,58,10.0,484.0,4840.0,2024-04-10
2024041001030144,DOLTI,29,66,300.0,483.5,145050.0,2024-04-10
2024041001030143,DOLTI,29,58,10.0,483.4,4834.0,2024-04-10
2024041001030142,DOLTI,29,52,10.0,483.4,4834.0,2024-04-10
2024041001030141,DOLTI,29,58,10.0,483.1,4831.0,2024-04-10
2024041001030140,DOLTI,29,28,900.0,483.0,434700.0,2024-04-10
2024041001030139,DOLTI,29,19,200.0,483.0,96600.0,2024-04-10
2024041001030138,DOLTI,29,43,200.0,483.0,96600.0,2024-04-10
2024041001030137,DOLTI,29,13,10.0,483.0,4830.0,2024-04-10
2024041001030136,DOLTI,29,14,10.0,483.0,4830.0,2024-04-10
2024041001030135,DOLTI,29,49,1000.0,482.0,482000.0,2024-04-10
2024041001030134,DOLTI,29,55,100.0,482.0,48200.0,2024-04-10
2024041001030133,DOLTI,29,38,50.0,482.0,24100.0,2024-04-10
2024041001030132,DOLTI,29,43,200.0,482.0,96400.0,2024-04-10
2024041001030131,DOLTI,29,58,10.0,482.0,4820.0,2024-04-10
2024041001030130,DOLTI,29,32,10.0,482.0,4820.0,2024-04-10
2024041001030129,DOLTI,29,10,100.0,480.8,48080.0,2024-04-10
2024041001030128,DOLTI,29,49,940.0,480.0,451200.0,2024-04-10
2024041001030127,DOLTI,29,49,1000.0,480.0,480000.0,2024-04-10
2024041001030126,DOLTI,29,38,500.0,480.0,240000.0,2024-04-10
2024041001030125,DOLTI,29,29,100.0,479.0,47900.0,2024-04-10
2024041001030124,DOLTI,29,71,100.0,476.0,47600.0,2024-04-10
2024041001030123,DOLTI,29,46,80.0,476.0,38080.0,2024-04-10
2024041001030122,MAKAR,32,13,20.0,396.9,7938.0,2024-04-10
2024041003015367,GUFL,3,59,1772.0,829.0,1468988.0,2024-04-10
2024041003015366,GUFL,3,37,50.0,829.0,41450.0,2024-04-10
2024041003015365,GUFL,3,6,178.0,829.0,147562.0,2024-04-10
2024041001030121,SBI,5,50,30.0,284.5,8535.0,2024-04-10
2024041003015364,KSBBL,36,32,50.0,357.0,17850.0,2024-04-10
2024041005005336,HRL,42,19,20.0,610.2,12204.0,2024-04-10
2024041005005335,HRL,55,19,80.0,610.6,48848.0,2024-04-10
2024041001030120,MKHC,19,35,271.0,347.0,94037.0,2024-04-10
2024041001030119,MKHC,19,38,10.0,347.0,3470.0,2024-04-10
2024041001030118,MKHC,19,32,30.0,347.0,10410.0,2024-04-10
2024041001030117,MKHC,19,7,72.0,347.0,24984.0,2024-04-10
2024041001030116,MKHC,19,58,100.0,346.0,34600.0,2024-04-10
2024041001030115,MKHC,19,41,220.0,346.0,76120.0,2024-04-10
2024041001030114,MKHC,19,42,100.0,345.0,34500.0,2024-04-10
2024041001030113,MKHC,19,58,30.0,345.0,10350.0,2024-04-10
2024041001030112,MKHC,19,58,167.0,345.0,57615.0,2024-04-10
2024041003015363,SJLIC,13,6,140.0,493.1,69034.0,2024-04-10
2024041003015362,SJLIC,32,6,10.0,493.1,4931.0,2024-04-10
2024041003015361,SJLIC,58,6,50.0,493.5,24675.0,2024-04-10
2024041001030111,SMJC,19,58,50.0,384.0,19200.0,2024-04-10
2024041005005334,HRL,55,58,20.0,610.6,12212.0,2024-04-10
2024041003015360,SJLIC,58,54,50.0,493.5,24675.0,2024-04-10
2024041004010280,NGPL,64,91,32.0,316.7,10134.4,2024-04-10
2024041004010279,NGPL,64,26,18.0,316.6,5698.8,2024-04-10
2024041003015359,KSBBL,44,39,190.0,355.1,67469.0,2024-04-10
2024041003015358,KSBBL,6,39,80.0,355.1,28408.0,2024-04-10
2024041003015357,KSBBL,44,39,230.0,355.1,81673.0,2024-04-10
2024041003015356,PFL,39,4,30.0,507.0,15210.0,2024-04-10
2024041001030110,SMJC,19,34,410.0,384.0,157440.0,2024-04-10
2024041003015355,PFL,41,33,268.0,506.9,135849.2,2024-04-10
2024041001030109,VLUCL,87,29,110.0,507.0,55770.0,2024-04-10
2024041001030108,VLUCL,87,57,30.0,507.0,15210.0,2024-04-10
2024041001030107,VLUCL,87,1,60.0,507.0,30420.0,2024-04-10
2024041004010278,HDHPC,50,45,200.0,135.0,27000.0,2024-04-10
2024041004010277,KKHC,16,35,100.0,249.0,24900.0,2024-04-10
2024041001030106,TVCL,36,16,73.0,505.0,36865.0,2024-04-10
2024041001030105,TVCL,42,16,150.0,506.0,75900.0,2024-04-10
2024041001030104,LSL,28,35,100.0,152.2,15220.0,2024-04-10
2024041003015354,SMFBS,54,25,10.0,1142.1,11421.0,2024-04-10
2024041001030103,DOLTI,25,46,10.0,476.0,4760.0,2024-04-10
2024041003015353,SFCL,17,29,100.0,323.8,32380.0,2024-04-10
2024041001030102,PCBL,56,34,10.0,190.0,1900.0,2024-04-10
2024041001030101,USHL,42,35,117.0,514.0,60138.0,2024-04-10
2024041001030100,USHL,42,53,100.0,514.0,51400.0,2024-04-10
2024041001030099,USHL,42,55,10.0,510.0,5100.0,2024-04-10
2024041001030098,USHL,42,42,10.0,510.0,5100.0,2024-04-10
2024041001030097,USHL,42,57,10.0,508.0,5080.0,2024-04-10
2024041001030096,USHL,42,32,100.0,508.0,50800.0,2024-04-10
2024041001030095,USHL,42,32,100.0,508.0,50800.0,2024-04-10
2024041001030094,USHL,42,43,30.0,505.0,15150.0,2024-04-10
2024041001030093,USHL,42,34,123.0,505.0,62115.0,2024-04-10
2024041001030092,MLBS,33,45,10.0,1184.0,11840.0,2024-04-10
2024041001030091,SRLI,45,57,10.0,449.0,4490.0,2024-04-10
2024041003015352,ALICL,58,14,50.0,562.0,28100.0,2024-04-10
2024041003015351,ALICL,88,14,500.0,562.0,281000.0,2024-04-10
2024041003015350,ALICL,36,14,170.0,562.0,95540.0,2024-04-10
2024041001030090,MAKAR,53,13,10.0,396.9,3969.0,2024-04-10
2024041001030089,MAKAR,53,38,10.0,395.0,3950.0,2024-04-10
2024041001030088,PPL,20,6,45.0,625.0,28125.0,2024-04-10
2024041001030087,PPL,20,51,10.0,625.0,6250.0,2024-04-10
2024041001030086,PPL,20,32,10.0,625.0,6250.0,2024-04-10
2024041001030085,PPL,20,58,10.0,625.0,6250.0,2024-04-10
2024041001030084,PPL,20,57,10.0,625.0,6250.0,2024-04-10
2024041001030083,PPL,20,19,10.0,625.0,6250.0,2024-04-10
2024041001030082,PPL,20,21,20.0,625.0,12500.0,2024-04-10
2024041001030081,PPL,20,40,10.0,625.0,6250.0,2024-04-10
2024041001030080,PPL,20,43,10.0,625.0,6250.0,2024-04-10
2024041001030079,PPL,20,58,10.0,625.0,6250.0,2024-04-10
2024041001030078,PPL,20,13,10.0,625.0,6250.0,2024-04-10
2024041001030077,PPL,20,57,10.0,625.0,6250.0,2024-04-10
2024041001030076,PPL,20,16,10.0,625.0,6250.0,2024-04-10
2024041001030075,PPL,20,13,10.0,625.0,6250.0,2024-04-10
2024041001030074,PPL,20,6,10.0,625.0,6250.0,2024-04-10
2024041001030073,PPL,20,6,10.0,625.0,6250.0,2024-04-10
2024041001030072,PPL,20,56,10.0,625.0,6250.0,2024-04-10
2024041001030071,PPL,20,57,10.0,625.0,6250.0,2024-04-10
2024041001030070,PPL,20,6,10.0,625.0,6250.0,2024-04-10
2024041001030069,PPL,20,44,215.0,625.0,134375.0,2024-04-10
2024041001030068,PPL,20,19,10.0,625.0,6250.0,2024-04-10
2024041001030067,PPL,20,22,10.0,625.0,6250.0,2024-04-10
2024041001030066,PPL,20,49,10.0,625.0,6250.0,2024-04-10
2024041001030065,PPL,20,49,10.0,625.0,6250.0,2024-04-10
2024041001030064,PPL,20,59,10.0,625.0,6250.0,2024-04-10
2024041004010276,SGIC,32,14,52.0,539.7,28064.4,2024-04-10
2024041004010275,SGIC,32,3,48.0,538.0,25824.0,2024-04-10
2024041001030063,BNHC,32,45,10.0,480.0,4800.0,2024-04-10
2024041004010274,HPPL,4,56,10.0,273.0,2730.0,2024-04-10
2024041001030062,TSHL,77,7,15.0,540.4,8106.0,2024-04-10
2024041001030061,ANLB,57,7,10.0,1931.0,19310.0,2024-04-10
2024041001030060,UNLB,88,3,10.0,1630.0,16300.0,2024-04-10
2024041003015349,GUFL,59,6,100.0,829.0,82900.0,2024-04-10
2024041003015348,GUFL,41,6,722.0,829.0,598538.0,2024-04-10
2024041001030059,SARBTM,11,47,8.0,846.0,6768.0,2024-04-10
2024041001030058,SONA,22,33,10.0,456.9,4569.0,2024-04-10
2024041003015347,ALICL,44,40,25.0,569.6,14240.0,2024-04-10
2024041003015346,ALICL,44,49,10.0,568.0,5680.0,2024-04-10
2024041003015345,ALICL,44,59,60.0,565.0,33900.0,2024-04-10
2024041003015344,ALICL,44,7,55.0,562.5,30937.5,2024-04-10
2024041001030057,MANDU,34,62,218.0,769.0,167642.0,2024-04-10
2024041001030056,MANDU,34,28,100.0,769.0,76900.0,2024-04-10
2024041001030055,MANDU,34,59,200.0,769.0,153800.0,2024-04-10
2024041001030054,MANDU,34,34,10.0,769.0,7690.0,2024-04-10
2024041001030053,MANDU,34,49,500.0,768.0,384000.0,2024-04-10
2024041001030052,MANDU,34,64,232.0,768.0,178176.0,2024-04-10
2024041001030051,MANDU,34,47,100.0,767.9,76790.0,2024-04-10
2024041001030050,MANDU,34,34,10.0,767.0,7670.0,2024-04-10
2024041001030049,MANDU,34,6,100.0,767.0,76700.0,2024-04-10
2024041001030048,MANDU,34,41,10.0,767.0,7670.0,2024-04-10
2024041001030047,MANDU,34,49,10.0,767.0,7670.0,2024-04-10
2024041001030046,MANDU,34,41,10.0,766.0,7660.0,2024-04-10
2024041001030045,BEDC,45,34,100.0,365.1,36510.0,2024-04-10
2024041003015343,NADEP,34,34,10.0,690.0,6900.0,2024-04-10
2024041001030044,MLBS,33,41,160.0,1184.0,189440.0,2024-04-10
2024041004010273,BARUN,57,41,40.0,239.0,9560.0,2024-04-10
2024041001030043,NWCL,61,26,10.0,751.0,7510.0,2024-04-10
2024041004010272,JOSHI,75,68,100.0,333.0,33300.0,2024-04-10
2024041004010271,JOSHI,8,68,100.0,333.0,33300.0,2024-04-10
2024041001030042,SBL,50,57,146.0,224.0,32704.0,2024-04-10
2024041001030041,SBL,50,66,424.0,223.5,94764.0,2024-04-10
2024041001030040,SBL,50,42,150.0,223.0,33450.0,2024-04-10
2024041001030039,SBL,50,50,200.0,222.9,44580.0,2024-04-10
2024041001030038,SBL,50,34,400.0,222.9,89160.0,2024-04-10
2024041001030037,SBL,50,49,180.0,221.0,39780.0,2024-04-10
2024041003015342,MPFL,66,50,441.0,372.4,164228.4,2024-04-10
2024041003015341,MPFL,39,50,34.0,372.5,12665.0,2024-04-10
2024041004010270,RURU,28,13,10.0,635.0,6350.0,2024-04-10
2024041001030036,SMJC,19,57,1050.0,384.0,403200.0,2024-04-10
2024041001030035,SANIMA,35,49,100.0,237.9,23790.0,2024-04-10
2024041003015340,GLBSL,38,35,14.0,2257.0,31598.0,2024-04-10
2024041003015339,GLBSL,38,49,10.0,1999.2,19992.0,2024-04-10
2024041003015338,GLBSL,38,45,10.0,1999.2,19992.0,2024-04-10
2024041003015337,GLBSL,38,45,50.0,1999.2,99960.0,2024-04-10
2024041003015336,GLBSL,38,49,81.0,1999.2,161935.2,2024-04-10
2024041003015335,GLBSL,38,21,10.0,1999.2,19992.0,2024-04-10
2024041003015334,GLBSL,38,54,26.0,1999.2,51979.2,2024-04-10
2024041003015333,GLBSL,38,17,30.0,1999.2,59976.0,2024-04-10
2024041003015332,GLBSL,38,47,13.0,1999.0,25987.0,2024-04-10
2024041003015331,GLBSL,38,58,13.0,1999.0,25987.0,2024-04-10
2024041003015330,GLBSL,38,38,66.0,1999.0,131934.0,2024-04-10
2024041003015329,GLBSL,38,41,72.0,1999.0,143928.0,2024-04-10
2024041003015328,GLBSL,38,35,99.0,1999.0,197901.0,2024-04-10
2024041004010269,HURJA,32,65,348.0,291.0,101268.0,2024-04-10
2024041001030034,MBL,32,38,330.0,175.1,57783.0,2024-04-10
2024041005005333,NIFRA,17,38,44.0,210.0,9240.0,2024-04-10
2024041005005332,NIFRA,17,43,64.0,210.0,13440.0,2024-04-10
2024041005005331,NIFRA,17,17,43.0,210.0,9030.0,2024-04-10
2024041005005330,NIFRA,17,42,1500.0,210.0,315000.0,2024-04-10
2024041005005329,NIFRA,17,52,54.0,210.0,11340.0,2024-04-10
2024041005005328,NIFRA,17,45,200.0,210.0,42000.0,2024-04-10
2024041005005327,NIFRA,17,58,21.0,210.0,4410.0,2024-04-10
2024041005005326,NIFRA,17,21,64.0,210.0,13440.0,2024-04-10
2024041005005325,NIFRA,17,58,54.0,210.0,11340.0,2024-04-10
2024041005005324,NIFRA,17,28,54.0,210.0,11340.0,2024-04-10
2024041005005323,NIFRA,17,56,54.0,210.0,11340.0,2024-04-10
2024041005005322,NIFRA,17,48,54.0,210.0,11340.0,2024-04-10
2024041005005321,NIFRA,17,4,54.0,210.0,11340.0,2024-04-10
2024041005005320,NIFRA,17,34,54.0,210.0,11340.0,2024-04-10
2024041005005319,NIFRA,17,52,1200.0,210.0,252000.0,2024-04-10
2024041005005318,NIFRA,17,49,80.0,209.8,16784.0,2024-04-10
2024041005005317,NIFRA,17,50,215.0,209.3,44999.5,2024-04-10
2024041005005316,NIFRA,17,49,64.0,209.2,13388.8,2024-04-10
2024041005005315,NIFRA,17,6,30.0,209.2,6276.0,2024-04-10
2024041005005314,NIFRA,17,34,52.0,209.0,10868.0,2024-04-10
2024041005005313,NIFRA,17,13,30.0,209.0,6270.0,2024-04-10
2024041005005312,NIFRA,17,54,50.0,209.0,10450.0,2024-04-10
2024041005005311,NIFRA,17,21,175.0,209.0,36575.0,2024-04-10
2024041005005310,NIFRA,17,48,50.0,208.9,10445.0,2024-04-10
2024041005005309,NIFRA,17,43,740.0,208.0,153920.0,2024-04-10
2024041001030033,RNLI,62,34,28.0,434.6,12168.8,2024-04-10
2024041001030032,RNLI,62,58,11.0,434.3,4777.3,2024-04-10
2024041001030031,RNLI,62,19,10.0,434.0,4340.0,2024-04-10
2024041001030030,RNLI,62,38,500.0,434.0,217000.0,2024-04-10
2024041001030029,RNLI,62,58,11.0,433.0,4763.0,2024-04-10
2024041001030028,RNLI,62,58,11.0,433.0,4763.0,2024-04-10
2024041001030027,RNLI,62,6,11.0,432.8,4760.8,2024-04-10
2024041001030026,RNLI,62,48,11.0,432.0,4752.0,2024-04-10
2024041001030025,RNLI,62,49,107.0,431.0,46117.0,2024-04-10
2024041003015327,KRBL,62,39,10.0,410.0,4100.0,2024-04-10
2024041003015326,GUFL,41,48,55.0,829.0,45595.0,2024-04-10
2024041001030024,BHL,72,88,141.0,350.0,49350.0,2024-04-10
2024041001030023,BHL,72,44,59.0,349.7,20632.3,2024-04-10
2024041001030022,PCBL,56,45,150.0,189.8,28470.0,2024-04-10
2024041001030021,NRM,42,37,20.0,376.0,7520.0,2024-04-10
2024041001030020,NRM,26,37,60.0,376.0,22560.0,2024-04-10
2024041001030019,CLI,13,45,70.0,451.5,31605.0,2024-04-10
2024041004010268,GLH,48,14,190.0,212.0,40280.0,2024-04-10
2024041004010267,GLH,49,14,10.0,212.0,2120.0,2024-04-10
2024041004010266,GLH,25,14,200.0,212.1,42420.0,2024-04-10
2024041001030018,SRLI,44,42,16.0,446.0,7136.0,2024-04-10
2024041004010265,GLH,52,14,100.0,212.5,21250.0,2024-04-10
2024041004010264,GLH,48,14,100.0,212.6,21260.0,2024-04-10
2024041003015325,NFS,41,53,500.0,448.9,224450.0,2024-04-10
2024041005005308,SMATA,44,29,203.0,721.8,146525.4,2024-04-10
2024041005005307,SMATA,17,29,97.0,721.9,70024.3,2024-04-10
2024041001030017,UHEWA,32,44,20.0,385.0,7700.0,2024-04-10
2024041001030016,HATHY,32,19,370.0,863.0,319310.0,2024-04-10
2024041004010263,AHPC,6,28,100.0,174.0,17400.0,2024-04-10
2024041001030015,SRLI,25,34,15.0,446.0,6690.0,2024-04-10
2024041001030014,SRLI,56,34,200.0,446.0,89200.0,2024-04-10
2024041001030013,SRLI,28,34,50.0,446.0,22300.0,2024-04-10
2024041001030012,SRLI,38,34,29.0,446.0,12934.0,2024-04-10
2024041003015324,SMB,34,41,10.0,1350.0,13500.0,2024-04-10
2024041001030011,NESDO,34,55,10.0,1730.0,17300.0,2024-04-10
2024041003015323,GLBSL,74,35,51.0,1999.0,101949.0,2024-04-10
2024041003015322,GLBSL,74,13,100.0,1999.0,199900.0,2024-04-10
2024041003015321,GLBSL,74,22,50.0,1999.0,99950.0,2024-04-10
2024041003015320,GLBSL,74,41,60.0,1999.0,119940.0,2024-04-10
2024041003015319,GLBSL,74,3,20.0,1999.0,39980.0,2024-04-10
2024041003015318,GLBSL,74,38,50.0,1999.0,99950.0,2024-04-10
2024041003015317,GLBSL,74,41,70.0,1998.9,139923.0,2024-04-10
2024041003015316,GLBSL,74,43,70.0,1997.0,139790.0,2024-04-10
2024041003015315,GLBSL,74,58,10.0,1960.0,19600.0,2024-04-10
2024041003015314,GLBSL,74,38,100.0,1960.0,196000.0,2024-04-10
2024041003015313,GLBSL,74,43,19.0,1959.9,37238.1,2024-04-10
2024041005005306,SFEF,47,52,100.0,7.9,790.0,2024-04-10
2024041001030010,SPC,8,59,50.0,540.1,27005.0,2024-04-10
2024041001030009,SPC,14,59,100.0,540.2,54020.0,2024-04-10
2024041001030008,MEL,36,57,381.0,229.1,87287.1,2024-04-10
2024041001030007,MEL,39,57,579.0,229.1,132648.9,2024-04-10
2024041004010262,RHPL,35,1,300.0,276.0,82800.0,2024-04-10
2024041004010261,SSHL,17,39,10.0,165.0,1650.0,2024-04-10
2024041001030006,TVCL,42,35,50.0,506.0,25300.0,2024-04-10
2024041001030005,TVCL,42,48,40.0,506.0,20240.0,2024-04-10
2024041001030004,TVCL,42,64,10.0,506.0,5060.0,2024-04-10
2024041001030003,TVCL,42,33,50.0,506.0,25300.0,2024-04-10
2024041001030002,TVCL,42,16,10.0,506.0,5060.0,2024-04-10
2024041003015312,GUFL,41,45,1000.0,829.0,829000.0,2024-04-10
2024041003015311,GUFL,45,59,10.0,829.9,8299.0,2024-04-10
2024041001030001,NRM,45,59,10.0,376.9,3769.0,2024-04-10
2024041003015310,GUFL,41,45,50.0,829.0,41450.0,2024-04-10
2024041001030000,SNLI,13,21,10.0,597.1,5971.0,2024-04-10
2024041001029999,SRLI,38,19,21.0,446.0,9366.0,2024-04-10
2024041001029998,SRLI,57,19,10.0,446.0,4460.0,2024-04-10
2024041001029997,SRLI,44,19,69.0,446.0,30774.0,2024-04-10
2024041001029996,MANDU,65,19,500.0,765.0,382500.0,2024-04-10
2024041005005305,NRIC,49,6,1970.0,754.2,1485774.0,2024-04-10
2024041001029995,USHEC,58,58,130.0,374.8,48724.0,2024-04-10
2024041004010260,NLG,13,29,50.0,767.0,38350.0,2024-04-10
2024041001029994,RFPL,57,64,34.0,381.9,12984.6,2024-04-10
2024041001029993,RFPL,71,64,500.0,382.0,191000.0,2024-04-10
2024041001029992,RFPL,8,64,1000.0,383.0,383000.0,2024-04-10
2024041001029991,RFPL,72,64,1000.0,383.2,383200.0,2024-04-10
2024041001029990,RFPL,91,64,1000.0,383.3,383300.0,2024-04-10
2024041001029989,RFPL,7,64,30.0,384.0,11520.0,2024-04-10
2024041001029988,RFPL,8,64,990.0,384.0,380160.0,2024-04-10
2024041001029987,RFPL,26,64,651.0,384.1,250049.1,2024-04-10
2024041001029986,AHL,44,26,100.0,451.0,45100.0,2024-04-10
2024041003015309,EDBL,16,34,400.0,358.0,143200.0,2024-04-10
2024041003015308,EDBL,36,34,100.0,358.0,35800.0,2024-04-10
2024041005005304,NRIC,49,33,800.0,754.2,603360.0,2024-04-10
2024041005005303,NRIC,65,33,100.0,754.3,75430.0,2024-04-10
2024041005005302,NRIC,10,33,100.0,754.3,75430.0,2024-04-10
2024041003015307,CFCL,26,49,10.0,377.0,3770.0,2024-04-10
2024041004010259,UPPER,41,6,65.0,171.6,11154.0,2024-04-10
2024041001029985,MMKJL,52,21,10.0,410.0,4100.0,2024-04-10
2024041003015306,ACLBSL,50,42,13.0,763.0,9919.0,2024-04-10
2024041003015305,SWBBL,50,29,10.0,775.0,7750.0,2024-04-10
2024041003015304,RLFL,43,42,100.0,369.1,36910.0,2024-04-10
2024041003015303,RLFL,39,42,100.0,369.8,36980.0,2024-04-10
2024041003015302,RLFL,82,42,100.0,370.0,37000.0,2024-04-10
2024041005005301,HRL,45,44,230.0,611.0,140530.0,2024-04-10
2024041005005300,HRL,45,55,10.0,611.0,6110.0,2024-04-10
2024041005005299,HRL,45,75,10.0,611.0,6110.0,2024-04-10
2024041005005298,HRL,45,4,10.0,611.0,6110.0,2024-04-10
2024041005005297,HRL,45,58,240.0,611.0,146640.0,2024-04-10
2024041001029984,BEDC,45,45,200.0,365.1,73020.0,2024-04-10
2024041001029983,IHL,43,6,10.0,412.0,4120.0,2024-04-10
2024041001029982,BHL,45,44,50.0,349.7,17485.0,2024-04-10
2024041001029981,BHL,45,29,50.0,348.0,17400.0,2024-04-10
2024041001029980,BHL,45,88,100.0,347.9,34790.0,2024-04-10
2024041001029979,MHCL,58,32,18.0,424.0,7632.0,2024-04-10
2024041001029978,MHCL,34,32,182.0,424.3,77222.6,2024-04-10
2024041001029977,MHCL,58,32,10.0,424.4,4244.0,2024-04-10
2024041001029976,MKHC,5,58,10.0,345.0,3450.0,2024-04-10
2024041003015301,NFS,41,7,1000.0,448.9,448900.0,2024-04-10
2024041004010258,GHL,4,58,500.0,153.1,76550.0,2024-04-10
2024041001029975,MKJC,58,6,10.0,460.0,4600.0,2024-04-10
2024041001029974,SBL,22,49,20.0,221.0,4420.0,2024-04-10
2024041003015300,NFS,41,71,500.0,448.9,224450.0,2024-04-10
2024041001029973,MCHL,57,42,20.0,370.0,7400.0,2024-04-10
2024041003015299,PROFL,4,57,100.0,323.0,32300.0,2024-04-10
2024041003015298,KLBSL,62,50,10.0,887.0,8870.0,2024-04-10
2024041003015297,GILB,62,50,50.0,970.0,48500.0,2024-04-10
2024041003015296,MLBSL,41,42,20.0,1739.0,34780.0,2024-04-10
2024041003015295,PFL,41,13,50.0,506.9,25345.0,2024-04-10
2024041003015294,PFL,41,17,10.0,506.9,5069.0,2024-04-10
2024041003015293,PFL,41,50,20.0,506.5,10130.0,2024-04-10
2024041003015292,PFL,41,42,17.0,506.5,8610.5,2024-04-10
2024041003015291,PFL,41,58,20.0,506.0,10120.0,2024-04-10
2024041003015290,PFL,41,50,50.0,506.0,25300.0,2024-04-10
2024041003015289,PFL,41,57,100.0,506.0,50600.0,2024-04-10
2024041003015288,PFL,41,14,85.0,506.0,43010.0,2024-04-10
2024041003015287,PFL,41,57,10.0,506.0,5060.0,2024-04-10
2024041003015286,PFL,41,16,100.0,505.3,50530.0,2024-04-10
2024041003015285,PFL,41,36,250.0,505.0,126250.0,2024-04-10
2024041003015284,PFL,41,42,30.0,505.0,15150.0,2024-04-10
2024041003015283,PFL,41,34,20.0,505.0,10100.0,2024-04-10
2024041003015282,PFL,41,19,90.0,505.0,45450.0,2024-04-10
2024041003015281,PFL,41,1,100.0,505.0,50500.0,2024-04-10
2024041003015280,PFL,41,34,50.0,505.0,25250.0,2024-04-10
2024041003015279,PFL,41,57,80.0,505.0,40400.0,2024-04-10
2024041003015278,PFL,41,58,10.0,505.0,5050.0,2024-04-10
2024041003015277,PFL,41,7,500.0,504.9,252450.0,2024-04-10
2024041003015276,PFL,41,41,400.0,504.8,201920.0,2024-04-10
2024041003015275,PFL,41,14,50.0,504.0,25200.0,2024-04-10
2024041003015274,PFL,41,42,200.0,504.0,100800.0,2024-04-10
2024041003015273,GMFIL,56,7,20.0,370.0,7400.0,2024-04-10
2024041004010257,HPPL,56,56,10.0,273.0,2730.0,2024-04-10
2024041001029972,PPL,56,38,10.0,625.0,6250.0,2024-04-10
2024041001029971,PPL,56,58,10.0,625.0,6250.0,2024-04-10
2024041001029970,PPL,56,54,10.0,625.0,6250.0,2024-04-10
2024041001029969,PPL,56,7,10.0,625.0,6250.0,2024-04-10
2024041001029968,PPL,56,35,10.0,625.0,6250.0,2024-04-10
2024041001029967,PPL,56,3,10.0,625.0,6250.0,2024-04-10
2024041001029966,PPL,56,8,50.0,624.9,31245.0,2024-04-10
2024041001029965,PPL,56,62,120.0,624.9,74988.0,2024-04-10
2024041001029964,PPL,56,22,10.0,624.7,6247.0,2024-04-10
2024041001029963,PPL,56,62,100.0,624.7,62470.0,2024-04-10
2024041001029962,PPL,56,62,100.0,624.7,62470.0,2024-04-10
2024041001029961,PPL,56,58,10.0,624.6,6246.0,2024-04-10
2024041001029960,PPL,56,43,50.0,624.6,31230.0,2024-04-10
2024041003015272,HLI,66,58,150.0,395.5,59325.0,2024-04-10
2024041001029959,SPL,58,45,50.0,658.0,32900.0,2024-04-10
2024041001029958,KBL,84,32,76.0,136.8,10396.8,2024-04-10
2024041001029957,KBL,84,32,474.0,136.8,64843.2,2024-04-10
2024041004010256,RURU,83,21,31.0,625.0,19375.0,2024-04-10
2024041001029956,HBL,58,47,801.0,184.0,147384.0,2024-04-10
2024041005005296,HRL,62,88,58.0,610.0,35380.0,2024-04-10
2024041005005295,HRL,38,88,50.0,610.0,30500.0,2024-04-10
2024041005005294,HRL,19,88,392.0,610.0,239120.0,2024-04-10
2024041004010255,HPPL,6,56,10.0,273.0,2730.0,2024-04-10
2024041003015271,JFL,52,45,20.0,462.0,9240.0,2024-04-10
2024041001029955,SANIMA,59,49,100.0,237.9,23790.0,2024-04-10
2024041004010254,SPDL,48,54,300.0,235.0,70500.0,2024-04-10
2024041003015270,GUFL,41,57,15.0,829.0,12435.0,2024-04-10
2024041001029954,MBJC,55,58,80.0,308.7,24696.0,2024-04-10
2024041001029953,MBJC,55,58,10.0,308.5,3085.0,2024-04-10
2024041001029952,MBJC,55,58,10.0,308.0,3080.0,2024-04-10
2024041001029951,MBJC,55,13,10.0,308.0,3080.0,2024-04-10
2024041005005293,HRL,41,49,20.0,610.1,12202.0,2024-04-10
2024041001029950,SBL,8,66,288.0,220.4,63475.2,2024-04-10
2024041001029949,ULHC,14,51,750.0,341.0,255750.0,2024-04-10
2024041001029948,ULHC,14,45,150.0,340.9,51135.0,2024-04-10
2024041001029947,RFPL,26,14,14.0,384.1,5377.4,2024-04-10
2024041001029946,MCHL,43,42,415.0,370.0,153550.0,2024-04-10
2024041001029945,MCHL,43,45,85.0,370.0,31450.0,2024-04-10
2024041003015269,MLBSL,5,42,10.0,1739.0,17390.0,2024-04-10
2024041003015268,LBBL,13,54,10.0,379.0,3790.0,2024-04-10
2024041005005292,NRN,29,22,10.0,516.5,5165.0,2024-04-10
2024041003015267,GUFL,41,58,80.0,829.0,66320.0,2024-04-10
2024041003015266,GUFL,34,59,31.0,829.9,25726.9,2024-04-10
2024041003015265,GUFL,34,45,10.0,829.8,8298.0,2024-04-10
2024041001029944,PPL,62,34,500.0,624.5,312250.0,2024-04-10
2024041004010253,API,16,33,200.0,176.0,35200.0,2024-04-10
2024041004010252,NHDL,50,57,10.0,418.0,4180.0,2024-04-10
2024041001029943,KDL,47,54,10.0,791.0,7910.0,2024-04-10
2024041001029942,SARBTM,1,35,282.0,847.0,238854.0,2024-04-10
2024041001029941,SARBTM,32,35,20.0,847.1,16942.0,2024-04-10
2024041001029940,SARBTM,32,35,10.0,847.5,8475.0,2024-04-10
2024041001029939,SARBTM,57,35,688.0,848.0,583424.0,2024-04-10
2024041003015264,HLI,56,25,41.0,393.0,16113.0,2024-04-10
2024041003015263,HLI,34,25,10.0,393.0,3930.0,2024-04-10
2024041001029938,NBL,21,57,100.0,212.5,21250.0,2024-04-10
2024041001029937,NBL,7,57,200.0,212.5,42500.0,2024-04-10
2024041001029936,CKHL,14,62,30.0,541.1,16233.0,2024-04-10
2024041001029935,CKHL,47,62,20.0,541.2,10824.0,2024-04-10
2024041001029934,MKHC,72,58,823.0,345.0,283935.0,2024-04-10
2024041001029933,MKHC,72,4,50.0,345.0,17250.0,2024-04-10
2024041001029932,MKHC,72,44,127.0,345.0,43815.0,2024-04-10
2024041003015262,LBBL,48,54,10.0,379.0,3790.0,2024-04-10
2024041004010251,RURU,28,41,10.0,626.0,6260.0,2024-04-10
2024041003015261,EDBL,42,7,50.0,363.0,18150.0,2024-04-10
2024041003015260,EDBL,42,17,50.0,360.4,18020.0,2024-04-10
2024041001029931,PPL,62,32,400.0,624.5,249800.0,2024-04-10
2024041004010250,SHPC,47,14,100.0,340.0,34000.0,2024-04-10
2024041001029930,HHL,42,88,14.0,387.0,5418.0,2024-04-10
2024041001029929,HHL,32,88,20.0,387.1,7742.0,2024-04-10
2024041001029928,HHL,11,88,200.0,388.0,77600.0,2024-04-10
2024041001029927,SONA,63,49,10.0,456.8,4568.0,2024-04-10
2024041001029926,SONA,63,35,340.0,456.8,155312.0,2024-04-10
2024041003015259,NLIC,82,13,15.0,597.0,8955.0,2024-04-10
2024041003015258,NLIC,82,34,68.0,597.0,40596.0,2024-04-10
2024041003015257,NLIC,82,45,33.0,597.0,19701.0,2024-04-10
2024041003015256,NLIC,82,40,146.0,597.0,87162.0,2024-04-10
2024041003015255,NLIC,82,48,20.0,596.0,11920.0,2024-04-10
2024041003015254,NLIC,82,7,275.0,596.0,163900.0,2024-04-10
2024041001029925,NWCL,34,35,30.0,755.0,22650.0,2024-04-10
2024041001029924,GCIL,58,34,75.0,495.3,37147.5,2024-04-10
2024041001029923,SIKLES,77,34,420.0,509.0,213780.0,2024-04-10
2024041001029922,SIKLES,77,34,80.0,509.0,40720.0,2024-04-10
2024041004010249,GHL,4,25,600.0,153.1,91860.0,2024-04-10
2024041003015253,GMFIL,50,57,100.0,366.0,36600.0,2024-04-10
2024041004010248,NHDL,13,57,100.0,418.0,41800.0,2024-04-10
2024041001029921,NWCL,46,35,30.0,755.0,22650.0,2024-04-10
2024041001029920,NWCL,46,22,20.0,755.0,15100.0,2024-04-10
2024041003015252,USLB,62,7,20.0,1849.9,36998.0,2024-04-10
2024041003015251,USLB,62,67,79.0,1849.9,146142.1,2024-04-10
2024041003015250,ICFC,48,32,33.0,515.0,16995.0,2024-04-10
2024041003015249,ICFC,48,41,137.0,515.0,70555.0,2024-04-10
2024041005005291,NRIC,10,14,400.0,754.3,301720.0,2024-04-10
2024041001029919,SHIVM,50,45,52.0,512.0,26624.0,2024-04-10
2024041003015248,JSLBB,53,38,30.0,1127.9,33837.0,2024-04-10
2024041001029918,MKJC,29,6,10.0,460.0,4600.0,2024-04-10
2024041001029917,GCIL,58,32,11.0,495.3,5448.3,2024-04-10
2024041004010247,SGIC,32,3,50.0,538.0,26900.0,2024-04-10
2024041001029916,MANDU,65,39,10.0,765.0,7650.0,2024-04-10
2024041004010246,AKPL,39,52,200.0,174.0,34800.0,2024-04-10
2024041004010245,AKPL,39,8,440.0,174.0,76560.0,2024-04-10
2024041004010244,AKPL,39,6,237.0,174.0,41238.0,2024-04-10
2024041004010243,AKPL,39,17,645.0,174.0,112230.0,2024-04-10
2024041004010242,AKPL,39,50,80.0,173.9,13912.0,2024-04-10
2024041004010241,AKPL,39,1,70.0,173.3,12131.0,2024-04-10
2024041001029915,DOLTI,14,58,50.0,474.0,23700.0,2024-04-10
2024041001029914,BGWT,45,49,10.0,605.0,6050.0,2024-04-10
2024041004010240,NLG,34,52,10.0,774.0,7740.0,2024-04-10
2024041004010239,NLG,34,52,100.0,770.0,77000.0,2024-04-10
2024041001029913,MKHC,52,44,100.0,345.0,34500.0,2024-04-10
2024041001029912,KBL,84,50,500.0,136.8,68400.0,2024-04-10
2024041003015247,ACLBSL,34,28,10.0,762.0,7620.0,2024-04-10
2024041004010238,NGPL,25,26,82.0,316.6,25961.2,2024-04-10
2024041004010237,IGI,16,8,25.0,537.1,13427.5,2024-04-10
2024041004010236,IGI,28,8,19.0,539.0,10241.0,2024-04-10
2024041004010235,NGPL,49,62,500.0,316.0,158000.0,2024-04-10
2024041003015246,GILB,62,58,37.0,960.0,35520.0,2024-04-10
2024041003015245,GILB,62,58,13.0,954.0,12402.0,2024-04-10
2024041004010234,PRIN,56,53,20.0,795.0,15900.0,2024-04-10
2024041003015244,MERO,43,36,10.0,617.0,6170.0,2024-04-10
2024041001029911,MEL,39,42,10.0,229.1,2291.0,2024-04-10
2024041005005290,HRL,45,58,150.0,611.0,91650.0,2024-04-10
2024041005005289,HRL,45,51,10.0,610.3,6103.0,2024-04-10
2024041001029910,SMJC,19,29,500.0,384.0,192000.0,2024-04-10
2024041005005288,HRL,19,36,108.0,610.0,65880.0,2024-04-10
2024041005005287,HRL,32,36,50.0,610.0,30500.0,2024-04-10
2024041005005286,HRL,38,36,90.0,610.0,54900.0,2024-04-10
2024041005005285,HRL,17,36,500.0,610.1,305050.0,2024-04-10
2024041005005284,HRL,17,36,200.0,610.1,122020.0,2024-04-10
2024041005005283,HRL,57,36,52.0,610.1,31725.2,2024-04-10
2024041004010233,KKHC,6,35,284.0,249.0,70716.0,2024-04-10
2024041004010232,KKHC,6,36,216.0,249.0,53784.0,2024-04-10
2024041001029909,IHL,28,6,90.0,412.0,37080.0,2024-04-10
2024041001029908,RFPL,11,56,13.0,385.0,5005.0,2024-04-10
2024041001029907,GBIME,44,32,80.0,180.0,14400.0,2024-04-10
2024041004010231,SHEL,58,35,477.0,171.0,81567.0,2024-04-10
2024041004010230,SHEL,58,16,10.0,171.0,1710.0,2024-04-10
2024041004010229,SHEL,58,7,13.0,171.0,2223.0,2024-04-10
2024041003015243,GILB,32,58,37.0,954.2,35305.4,2024-04-10
2024041003015242,GILB,43,58,50.0,954.3,47715.0,2024-04-10
2024041001029906,NWCL,49,22,100.0,755.0,75500.0,2024-04-10
2024041003015241,KSBBL,34,34,1000.0,355.2,355200.0,2024-04-10
2024041004010228,RIDI,14,68,103.0,180.2,18560.6,2024-04-10
2024041004010227,RIDI,29,68,500.0,180.2,90100.0,2024-04-10
2024041004010226,RIDI,29,68,297.0,180.2,53519.4,2024-04-10
2024041001029905,SHIVM,50,36,300.0,511.9,153570.0,2024-04-10
2024041001029904,SHIVM,50,25,500.0,511.9,255950.0,2024-04-10
2024041001029903,SHIVM,50,42,78.0,511.9,39928.2,2024-04-10
2024041001029902,SHIVM,50,7,310.0,511.0,158410.0,2024-04-10
2024041001029901,SHIVM,50,53,145.0,510.5,74022.5,2024-04-10
2024041001029900,AVYAN,6,71,100.0,660.0,66000.0,2024-04-10
2024041001029899,AVYAN,7,71,20.0,660.1,13202.0,2024-04-10
2024041001029898,SARBTM,57,35,40.0,848.0,33920.0,2024-04-10
2024041001029897,SARBTM,8,35,10.0,848.1,8481.0,2024-04-10
2024041001029896,MEL,39,51,200.0,229.1,45820.0,2024-04-10
2024041001029895,SONA,35,35,50.0,456.8,22840.0,2024-04-10
2024041001029894,UHEWA,57,38,140.0,386.5,54110.0,2024-04-10
2024041001029893,UHEWA,57,38,360.0,385.0,138600.0,2024-04-10
2024041003015240,GUFL,41,57,45.0,829.0,37305.0,2024-04-10
2024041004010225,RIDI,40,58,300.0,181.0,54300.0,2024-04-10
2024041001029892,CYCL,62,77,44.0,1717.0,75548.0,2024-04-10
2024041001029891,CYCL,62,39,36.0,1716.0,61776.0,2024-04-10
2024041001029890,CYCL,62,37,20.0,1715.0,34300.0,2024-04-10
2024041004010224,UNHPL,45,41,500.0,232.1,116050.0,2024-04-10
2024041004010223,UNHPL,25,41,50.0,232.3,11615.0,2024-04-10
2024041004010222,MHNL,72,41,50.0,233.0,11650.0,2024-04-10
2024041001029889,MKHL,56,42,10.0,459.0,4590.0,2024-04-10
2024041001029888,MBJC,47,58,10.0,308.0,3080.0,2024-04-10
2024041001029887,MBJC,47,5,10.0,307.0,3070.0,2024-04-10
2024041001029886,MBJC,47,45,10.0,307.0,3070.0,2024-04-10
2024041001029885,MBJC,47,58,20.0,307.0,6140.0,2024-04-10
2024041001029884,MBJC,47,42,10.0,307.0,3070.0,2024-04-10
2024041001029883,MBJC,47,36,10.0,307.0,3070.0,2024-04-10
2024041001029882,MBJC,47,34,10.0,306.0,3060.0,2024-04-10
2024041003015239,GUFL,41,7,15.0,829.0,12435.0,2024-04-10
2024041003015238,BFC,7,85,50.0,354.0,17700.0,2024-04-10
2024041003015237,SJLIC,58,54,50.0,493.5,24675.0,2024-04-10
2024041004010221,HPPL,58,56,10.0,273.0,2730.0,2024-04-10
2024041001029881,NWCL,58,22,50.0,755.0,37750.0,2024-04-10
2024041001029880,PCBL,58,35,16.0,189.9,3038.4,2024-04-10
2024041003015236,GUFL,41,38,100.0,829.0,82900.0,2024-04-10
2024041001029879,HHL,38,45,10.0,390.0,3900.0,2024-04-10
2024041001029878,SHIVM,57,53,50.0,510.5,25525.0,2024-04-10
2024041003015235,NFS,41,17,250.0,448.9,112225.0,2024-04-10
2024041001029877,DOLTI,14,55,10.0,474.0,4740.0,2024-04-10
2024041001029876,EBL,44,14,70.0,502.0,35140.0,2024-04-10
2024041004010220,API,76,33,100.0,176.0,17600.0,2024-04-10
2024041003015234,MPFL,29,42,120.0,375.0,45000.0,2024-04-10
2024041003015233,MPFL,29,33,100.0,375.0,37500.0,2024-04-10
2024041003015232,MPFL,29,58,22.0,374.9,8247.8,2024-04-10
2024041003015231,MPFL,29,56,150.0,374.0,56100.0,2024-04-10
2024041003015230,MPFL,29,38,108.0,373.1,40294.8,2024-04-10
2024041001029875,DOLTI,14,29,100.0,474.0,47400.0,2024-04-10
2024041003015229,SIFC,13,4,300.0,381.0,114300.0,2024-04-10
2024041003015228,SIFC,58,4,50.0,381.0,19050.0,2024-04-10
2024041004010219,UPCL,55,42,40.0,202.0,8080.0,2024-04-10
2024041004010218,UPCL,29,42,20.0,202.0,4040.0,2024-04-10
2024041004010217,UPCL,38,42,100.0,202.0,20200.0,2024-04-10
2024041004010216,UPCL,54,42,500.0,202.0,101000.0,2024-04-10
2024041004010215,UPCL,29,42,500.0,202.0,101000.0,2024-04-10
2024041004010214,UPCL,49,42,150.0,202.1,30315.0,2024-04-10
2024041004010213,UPCL,59,42,500.0,202.1,101050.0,2024-04-10
2024041004010212,UPCL,58,42,52.0,202.5,10530.0,2024-04-10
2024041004010211,UPCL,53,42,292.0,202.5,59130.0,2024-04-10
2024041004010210,UPCL,41,42,475.0,202.6,96235.0,2024-04-10
2024041004010209,UPCL,34,42,871.0,203.0,176813.0,2024-04-10
2024041001029874,GVL,7,57,45.0,433.0,19485.0,2024-04-10
2024041001029873,GVL,7,45,10.0,430.0,4300.0,2024-04-10
2024041001029872,GVL,7,72,45.0,428.0,19260.0,2024-04-10
2024041004010208,IGI,35,6,242.0,540.0,130680.0,2024-04-10
2024041004010207,RIDI,29,34,112.0,180.2,20182.4,2024-04-10
2024041004010206,IGI,35,52,55.0,540.0,29700.0,2024-04-10
2024041003015227,GUFL,41,16,4000.0,829.0,3316000.0,2024-04-10
2024041001029871,MKHC,34,35,60.0,342.5,20550.0,2024-04-10
2024041004010205,RHPL,25,19,15.0,277.0,4155.0,2024-04-10
2024041004010204,RHPL,25,42,50.0,277.0,13850.0,2024-04-10
2024041004010203,RHPL,25,57,35.0,275.8,9653.0,2024-04-10
2024041003015226,SMFBS,54,25,10.0,1142.1,11421.0,2024-04-10
2024041003015225,DDBL,38,38,57.0,703.0,40071.0,2024-04-10
2024041003015224,SAPDBL,57,35,10.0,305.0,3050.0,2024-04-10
2024041001029870,SNLI,13,41,150.0,597.1,89565.0,2024-04-10
2024041004010202,SHPC,16,14,16.0,340.0,5440.0,2024-04-10
2024041001029869,MANDU,65,43,990.0,765.0,757350.0,2024-04-10
2024041001029868,MANDU,21,43,10.0,766.0,7660.0,2024-04-10
2024041001029867,MKHC,56,44,10.0,345.0,3450.0,2024-04-10
2024041001029866,JBLB,39,45,50.0,1319.0,65950.0,2024-04-10
2024041004010201,HPPL,4,56,10.0,273.0,2730.0,2024-04-10
2024041003015223,GBBL,44,6,500.0,370.0,185000.0,2024-04-10
2024041001029865,SNLI,13,53,10.0,598.0,5980.0,2024-04-10
2024041001029864,SNLI,13,21,10.0,598.0,5980.0,2024-04-10
2024041004010200,HDHPC,57,22,165.0,134.9,22258.5,2024-04-10
2024041001029863,SARBTM,34,88,50.0,849.9,42495.0,2024-04-10
2024041005005282,NICSF,46,52,250.0,9.02,2255.0,2024-04-10
2024041001029862,SMHL,65,50,500.0,442.0,221000.0,2024-04-10
2024041001029861,NBL,58,35,200.0,213.0,42600.0,2024-04-10
2024041004010199,IGI,35,41,100.0,540.0,54000.0,2024-04-10
2024041004010198,IGI,35,57,113.0,540.0,61020.0,2024-04-10
2024041003015222,PMLI,42,57,10.0,512.4,5124.0,2024-04-10
2024041001029860,MKHL,56,36,55.0,460.0,25300.0,2024-04-10
2024041001029859,PPL,62,45,10.0,624.5,6245.0,2024-04-10
2024041001029858,MHL,45,53,10.0,420.0,4200.0,2024-04-10
2024041004010197,JOSHI,8,45,200.0,333.0,66600.0,2024-04-10
2024041003015221,KMCDB,28,88,110.0,762.0,83820.0,2024-04-10
2024041004010196,AKPL,25,42,240.0,173.0,41520.0,2024-04-10
2024041004010195,AKPL,49,42,100.0,173.1,17310.0,2024-04-10
2024041004010194,AKPL,34,42,200.0,173.1,34620.0,2024-04-10
2024041004010193,AKPL,70,42,250.0,173.1,43275.0,2024-04-10
2024041004010192,AKPL,34,42,150.0,173.1,25965.0,2024-04-10
2024041004010191,AKPL,43,42,60.0,173.1,10386.0,2024-04-10
2024041001029857,NYADI,36,47,60.0,303.0,18180.0,2024-04-10
2024041001029856,NYADI,52,47,50.0,303.2,15160.0,2024-04-10
2024041001029855,NYADI,25,47,80.0,303.2,24256.0,2024-04-10
2024041001029854,NYADI,7,47,50.0,303.3,15165.0,2024-04-10
2024041001029853,NYADI,21,47,60.0,303.5,18210.0,2024-04-10
2024041001029852,SGHC,77,42,800.0,314.4,251520.0,2024-04-10
2024041001029851,SGHC,17,42,100.0,315.0,31500.0,2024-04-10
2024041001029850,SGHC,38,42,100.0,315.0,31500.0,2024-04-10
2024041003015220,ALICL,36,13,100.0,562.0,56200.0,2024-04-10
2024041003015219,SIFC,41,77,200.0,381.3,76260.0,2024-04-10
2024041003015218,SIFC,5,77,230.0,381.5,87745.0,2024-04-10
2024041003015217,SIFC,26,77,10.0,381.6,3816.0,2024-04-10
2024041003015216,SIFC,44,77,19.0,381.6,7250.4,2024-04-10
2024041003015215,SIFC,16,77,475.0,382.0,181450.0,2024-04-10
2024041003015214,GBLBS,34,49,60.0,622.0,37320.0,2024-04-10
2024041003015213,GBLBS,45,49,30.0,622.0,18660.0,2024-04-10
2024041001029849,UNL,34,7,10.0,40200.0,402000.0,2024-04-10
2024041001029848,UNL,34,56,10.0,40100.0,401000.0,2024-04-10
2024041001029847,UNL,34,6,10.0,40000.0,400000.0,2024-04-10
2024041001029846,UNL,34,50,10.0,40000.0,400000.0,2024-04-10
2024041001029845,UNL,34,34,10.0,39999.0,399990.0,2024-04-10
2024041001029844,UNL,34,42,10.0,39999.0,399990.0,2024-04-10
2024041001029843,UNL,34,38,10.0,39998.0,399980.0,2024-04-10
2024041001029842,UNL,34,38,10.0,39998.0,399980.0,2024-04-10
2024041003015212,NLIC,59,7,75.0,596.0,44700.0,2024-04-10
2024041003015211,NLIC,59,59,25.0,595.9,14897.5,2024-04-10
2024041001029841,SMH,16,58,10.0,680.0,6800.0,2024-04-10
2024041005005281,NIFRA,50,43,10.0,208.0,2080.0,2024-04-10
2024041001029840,NBL,58,35,200.0,212.6,42520.0,2024-04-10
2024041001029839,NBL,35,35,100.0,212.6,21260.0,2024-04-10
2024041001029838,MKHL,56,58,10.0,459.0,4590.0,2024-04-10
2024041003015210,PROFL,17,70,100.0,323.5,32350.0,2024-04-10
2024041003015209,GUFL,41,58,153.0,829.0,126837.0,2024-04-10
2024041001029837,PPL,62,58,10.0,624.5,6245.0,2024-04-10
2024041001029836,MKHL,58,36,110.0,460.0,50600.0,2024-04-10
2024041001029835,NYADI,41,65,10.0,303.6,3036.0,2024-04-10
2024041003015208,CFCL,4,57,10.0,376.3,3763.0,2024-04-10
2024041003015207,CFCL,4,45,78.0,376.0,29328.0,2024-04-10
2024041003015206,MLBSL,53,29,80.0,1730.0,138400.0,2024-04-10
2024041004010190,HURJA,32,49,69.0,291.0,20079.0,2024-04-10
2024041004010189,HURJA,32,34,133.0,291.0,38703.0,2024-04-10
2024041004010188,UMHL,34,32,426.0,233.1,99300.6,2024-04-10
2024041001029834,GBIME,42,32,20.0,180.0,3600.0,2024-04-10
2024041003015205,PFL,43,21,11.0,500.1,5501.1,2024-04-10
2024041003015204,PFL,53,21,89.0,503.0,44767.0,2024-04-10
2024041005005280,HIDCL,11,7,84.0,167.4,14061.6,2024-04-10
2024041003015203,JFL,41,6,100.0,461.0,46100.0,2024-04-10
2024041001029833,EBL,44,14,149.0,505.0,75245.0,2024-04-10
2024041001029832,EBL,44,14,500.0,505.0,252500.0,2024-04-10
2024041001029831,EBL,44,25,100.0,504.9,50490.0,2024-04-10
2024041001029830,EBL,44,57,60.0,504.8,30288.0,2024-04-10
2024041001029829,EBL,44,17,100.0,504.6,50460.0,2024-04-10
2024041001029828,EBL,44,32,179.0,504.5,90305.5,2024-04-10
2024041001029827,EBL,44,13,10.0,504.0,5040.0,2024-04-10
2024041001029826,EBL,44,51,400.0,504.0,201600.0,2024-04-10
2024041001029825,EBL,44,45,190.0,503.1,95589.0,2024-04-10
2024041001029824,EBL,44,28,50.0,503.0,25150.0,2024-04-10
2024041001029823,EBL,44,29,144.0,503.0,72432.0,2024-04-10
2024041001029822,EBL,44,19,50.0,502.9,25145.0,2024-04-10
2024041001029821,EBL,44,38,68.0,502.8,34190.4,2024-04-10
2024041003015202,GMFIL,44,5,50.0,367.0,18350.0,2024-04-10
2024041001029820,SPC,58,34,14.0,540.2,7562.8,2024-04-10
2024041001029819,MMKJL,58,59,10.0,408.2,4082.0,2024-04-10
2024041005005279,MMF1,22,25,150.0,7.16,1074.0,2024-04-10
2024041001029818,VLUCL,57,1,90.0,507.0,45630.0,2024-04-10
2024041001029817,VLUCL,57,42,10.0,507.0,5070.0,2024-04-10
2024041001029816,VLUCL,57,49,10.0,507.0,5070.0,2024-04-10
2024041004010187,API,58,33,10.0,176.0,1760.0,2024-04-10
2024041003015201,ACLBSL,34,58,49.0,762.0,37338.0,2024-04-10
2024041003015200,ACLBSL,50,58,60.0,762.1,45726.0,2024-04-10
2024041003015199,ACLBSL,50,58,60.0,762.1,45726.0,2024-04-10
2024041001029815,AHL,58,45,100.0,450.0,45000.0,2024-04-10
2024041001029814,AHL,58,6,10.0,450.0,4500.0,2024-04-10
2024041001029813,AHL,58,26,10.0,450.0,4500.0,2024-04-10
2024041004010186,CHL,56,39,13.0,303.8,3949.4,2024-04-10
2024041003015198,SINDU,58,5,15.0,357.0,5355.0,2024-04-10
2024041003015197,SINDU,13,5,200.0,357.0,71400.0,2024-04-10
2024041003015196,SINDU,34,5,100.0,357.0,35700.0,2024-04-10
2024041003015195,SINDU,41,5,39.0,357.6,13946.4,2024-04-10
2024041003015194,SINDU,46,5,50.0,358.0,17900.0,2024-04-10
2024041003015193,SINDU,41,5,140.0,358.0,50120.0,2024-04-10
2024041003015192,SINDU,14,5,100.0,358.0,35800.0,2024-04-10
2024041004010185,TRH,53,49,100.0,759.9,75990.0,2024-04-10
2024041004010184,GLH,4,58,100.0,212.6,21260.0,2024-04-10
2024041004010183,JOSHI,8,7,200.0,333.0,66600.0,2024-04-10
2024041004010182,JOSHI,25,7,50.0,333.0,16650.0,2024-04-10
2024041003015191,SWBBL,44,71,174.0,775.1,134867.4,2024-04-10
2024041003015190,SWBBL,44,42,16.0,775.0,12400.0,2024-04-10
2024041003015189,SWBBL,44,50,206.0,770.0,158620.0,2024-04-10
2024041003015188,SWBBL,44,42,104.0,770.0,80080.0,2024-04-10
2024041001029812,BHL,38,44,150.0,346.6,51990.0,2024-04-10
2024041001029811,DLBS,51,26,50.0,1223.0,61150.0,2024-04-10
2024041001029810,GCIL,40,51,100.0,495.1,49510.0,2024-04-10
2024041004010181,SICL,41,38,50.0,690.6,34530.0,2024-04-10
2024041004010180,SICL,41,38,100.0,690.6,69060.0,2024-04-10
2024041004010179,SICL,29,38,30.0,690.7,20721.0,2024-04-10
2024041001029809,MEL,39,1,10.0,229.1,2291.0,2024-04-10
2024041003015187,RSDC,81,1,20.0,603.1,12062.0,2024-04-10
2024041001029808,BNHC,72,35,500.0,475.0,237500.0,2024-04-10
2024041001029807,SONA,60,35,100.0,456.8,45680.0,2024-04-10
2024041001029806,CYCL,62,39,17.0,1716.0,29172.0,2024-04-10
2024041001029805,CYCL,62,54,10.0,1716.0,17160.0,2024-04-10
2024041001029804,CYCL,62,34,10.0,1715.0,17150.0,2024-04-10
2024041001029803,CYCL,62,26,10.0,1715.0,17150.0,2024-04-10
2024041001029802,CYCL,62,44,10.0,1715.0,17150.0,2024-04-10
2024041001029801,CYCL,62,49,13.0,1714.9,22293.7,2024-04-10
2024041001029800,CYCL,62,41,30.0,1714.0,51420.0,2024-04-10
2024041005005278,SMATA,17,56,153.0,721.9,110450.7,2024-04-10
2024041005005277,SMATA,34,56,30.0,722.0,21660.0,2024-04-10
2024041005005276,SMATA,58,56,17.0,722.0,12274.0,2024-04-10
2024041003015186,GFCL,58,36,100.0,474.0,47400.0,2024-04-10
2024041003015185,ICFC,70,45,400.0,514.1,205640.0,2024-04-10
2024041004010178,RHPL,45,57,115.0,275.8,31717.0,2024-04-10
2024041004010177,HEI,57,45,10.0,591.0,5910.0,2024-04-10
2024041004010176,HEI,45,45,50.0,591.1,29555.0,2024-04-10
2024041004010175,HEI,45,45,10.0,591.1,5911.0,2024-04-10
2024041001029799,HHL,33,45,100.0,390.1,39010.0,2024-04-10
2024041001029798,MKCL,42,29,10.0,928.0,9280.0,2024-04-10
2024041003015184,GUFL,41,6,100.0,829.0,82900.0,2024-04-10
2024041001029797,SHIVM,81,7,190.0,511.0,97090.0,2024-04-10
2024041001029796,SHIVM,81,32,10.0,511.0,5110.0,2024-04-10
2024041001029795,MAKAR,53,13,150.0,391.0,58650.0,2024-04-10
2024041003015183,GUFL,41,35,400.0,829.0,331600.0,2024-04-10
2024041003015182,LLBS,33,1,45.0,880.0,39600.0,2024-04-10
2024041003015181,GUFL,41,8,400.0,829.0,331600.0,2024-04-10
2024041001029794,NICA,39,41,30.0,395.0,11850.0,2024-04-10
2024041001029793,NICA,34,41,100.0,395.0,39500.0,2024-04-10
2024041001029792,NICA,60,41,20.0,395.0,7900.0,2024-04-10
2024041001029791,NICA,45,41,113.0,395.0,44635.0,2024-04-10
2024041001029790,NICA,45,41,20.0,395.8,7916.0,2024-04-10
2024041004010174,PRIN,56,58,25.0,791.0,19775.0,2024-04-10
2024041004010173,PRIN,56,11,100.0,790.0,79000.0,2024-04-10
2024041004010172,PRIN,56,26,100.0,788.0,78800.0,2024-04-10
2024041004010171,PRIN,56,53,200.0,787.8,157560.0,2024-04-10
2024041001029789,DOLTI,21,46,10.0,476.0,4760.0,2024-04-10
2024041004010170,SGIC,32,3,52.0,538.0,27976.0,2024-04-10
2024041004010169,SGIC,32,33,130.0,538.0,69940.0,2024-04-10
2024041004010168,SGIC,32,26,10.0,536.0,5360.0,2024-04-10
2024041004010167,SGIC,32,34,20.0,536.0,10720.0,2024-04-10
2024041004010166,SGIC,32,36,100.0,535.9,53590.0,2024-04-10
2024041004010165,SGIC,32,29,100.0,535.0,53500.0,2024-04-10
2024041004010164,SGIC,32,57,101.0,534.0,53934.0,2024-04-10
2024041004010163,SGIC,32,39,107.0,532.0,56924.0,2024-04-10
2024041001029788,NRM,44,59,500.0,376.9,188450.0,2024-04-10
2024041004010162,SGIC,41,39,100.0,532.0,53200.0,2024-04-10
2024041004010161,SGIC,32,39,20.0,532.0,10640.0,2024-04-10
2024041004010160,SGIC,44,39,260.0,532.4,138424.0,2024-04-10
2024041003015180,GUFL,41,49,10.0,829.0,8290.0,2024-04-10
2024041001029787,SPHL,49,21,10.0,473.9,4739.0,2024-04-10
2024041001029786,SHIVM,42,50,34.0,510.1,17343.4,2024-04-10
2024041001029785,SHIVM,67,50,20.0,510.1,10202.0,2024-04-10
2024041001029784,SHIVM,32,50,146.0,510.1,74474.6,2024-04-10
2024041001029783,CYCL,62,50,36.0,1710.1,61563.6,2024-04-10
2024041005005275,HRL,51,38,10.0,610.2,6102.0,2024-04-10
2024041001029782,NIMBPO,17,55,10.0,137.0,1370.0,2024-04-10
2024041004010159,NHPC,45,48,200.0,151.5,30300.0,2024-04-10
2024041001029781,MKHC,5,44,10.0,345.0,3450.0,2024-04-10
2024041001029780,NMB,17,4,40.0,177.1,7084.0,2024-04-10
2024041003015179,JFL,47,45,100.0,462.0,46200.0,2024-04-10
2024041001029779,KBSH,21,46,41.0,1033.0,42353.0,2024-04-10
2024041001029778,MANDU,65,7,500.0,765.0,382500.0,2024-04-10
2024041003015178,NFS,18,7,100.0,449.0,44900.0,2024-04-10
2024041001029777,DOLTI,59,6,10.0,476.0,4760.0,2024-04-10
2024041001029776,TAMOR,59,33,30.0,384.3,11529.0,2024-04-10
2024041001029775,TAMOR,59,49,10.0,384.0,3840.0,2024-04-10
2024041001029774,TAMOR,59,49,10.0,384.0,3840.0,2024-04-10
2024041001029773,TAMOR,59,55,10.0,384.0,3840.0,2024-04-10
2024041001029772,TAMOR,59,75,10.0,384.0,3840.0,2024-04-10
2024041001029771,TAMOR,59,5,50.0,384.0,19200.0,2024-04-10
2024041001029770,TAMOR,59,10,10.0,384.0,3840.0,2024-04-10
2024041001029769,TAMOR,59,49,10.0,384.0,3840.0,2024-04-10
2024041001029768,TAMOR,59,49,10.0,384.0,3840.0,2024-04-10
2024041001029767,TAMOR,59,58,10.0,384.0,3840.0,2024-04-10
2024041001029766,TAMOR,59,6,10.0,384.0,3840.0,2024-04-10
2024041001029765,TAMOR,59,87,100.0,383.0,38300.0,2024-04-10
2024041001029764,TAMOR,59,87,200.0,383.0,76600.0,2024-04-10
2024041001029763,TAMOR,59,44,10.0,383.0,3830.0,2024-04-10
2024041001029762,TAMOR,59,35,10.0,383.0,3830.0,2024-04-10
2024041001029761,TAMOR,59,59,10.0,383.0,3830.0,2024-04-10
2024041001029760,IHL,28,34,10.0,412.0,4120.0,2024-04-10
2024041004010158,MHNL,72,54,200.0,233.0,46600.0,2024-04-10
2024041001029759,GBIME,65,38,292.0,180.0,52560.0,2024-04-10
2024041001029758,GBIME,65,58,37.0,180.0,6660.0,2024-04-10
2024041001029757,GBIME,65,48,154.0,180.0,27720.0,2024-04-10
2024041001029756,GBIME,65,17,717.0,180.0,129060.0,2024-04-10
2024041001029755,SONA,58,35,10.0,456.8,4568.0,2024-04-10
2024041001029754,PPL,62,57,300.0,624.5,187350.0,2024-04-10
2024041004010157,LEC,57,50,170.0,192.9,32793.0,2024-04-10
2024041004010156,LEC,57,45,100.0,192.8,19280.0,2024-04-10
2024041004010155,LEC,57,29,440.0,192.8,84832.0,2024-04-10
2024041004010154,LEC,57,39,290.0,192.0,55680.0,2024-04-10
2024041004010153,AKPL,58,1,30.0,173.3,5199.0,2024-04-10
2024041004010152,SGIC,55,57,25.0,534.0,13350.0,2024-04-10
2024041004010151,SGIC,55,34,10.0,534.0,5340.0,2024-04-10
2024041001029753,MBL,45,48,20.0,175.0,3500.0,2024-04-10
2024041001029752,NIMB,11,43,515.0,155.3,79979.5,2024-04-10
2024041001029751,NIMB,42,43,135.0,155.4,20979.0,2024-04-10
2024041001029750,NIMB,58,43,100.0,155.4,15540.0,2024-04-10
2024041001029749,NIMB,57,43,50.0,155.4,7770.0,2024-04-10
2024041001029748,GCIL,25,25,100.0,496.0,49600.0,2024-04-10
2024041004010150,SHPC,16,4,184.0,340.0,62560.0,2024-04-10
2024041004010149,SHPC,45,4,50.0,340.0,17000.0,2024-04-10
2024041004010148,SHPC,40,4,266.0,340.0,90440.0,2024-04-10
2024041001029747,SARBTM,57,7,10.0,848.0,8480.0,2024-04-10
2024041001029746,CBLD88,6,13,25.0,1039.0,25975.0,2024-04-10
2024041003015177,ALBSL,6,35,22.0,735.0,16170.0,2024-04-10
2024041003015176,ALBSL,6,17,10.0,735.0,7350.0,2024-04-10
2024041003015175,ALBSL,6,51,72.0,735.0,52920.0,2024-04-10
2024041003015174,ALBSL,6,49,18.0,735.0,13230.0,2024-04-10
2024041003015173,ALBSL,6,7,159.0,734.9,116849.1,2024-04-10
2024041001029745,MANDU,65,58,10.0,765.0,7650.0,2024-04-10
2024041004010147,UPPER,35,58,45.0,171.5,7717.5,2024-04-10
2024041001029744,NYADI,21,59,440.0,303.5,133540.0,2024-04-10
2024041001029743,NYADI,41,59,10.0,303.5,3035.0,2024-04-10
2024041001029742,NYADI,19,59,50.0,303.5,15175.0,2024-04-10
2024041003015172,LBBL,49,95,990.0,372.5,368775.0,2024-04-10
2024041003015171,SJLIC,34,38,53.0,493.0,26129.0,2024-04-10
2024041003015170,SJLIC,42,38,25.0,493.0,12325.0,2024-04-10
2024041003015169,SJLIC,26,38,20.0,493.0,9860.0,2024-04-10
2024041001029741,HATHY,32,57,80.0,863.0,69040.0,2024-04-10
2024041003015168,SHINE,38,57,51.0,369.0,18819.0,2024-04-10
2024041004010146,SPDL,17,47,12.0,236.5,2838.0,2024-04-10
2024041001029740,VLUCL,1,49,90.0,507.0,45630.0,2024-04-10
2024041001029739,VLUCL,1,68,10.0,507.0,5070.0,2024-04-10
2024041001029738,H8020,4,29,2000.0,9.08,18160.0,2024-04-10
2024041001029737,CLI,13,75,102.0,451.5,46053.0,2024-04-10
2024041001029736,CLI,57,75,200.0,451.5,90300.0,2024-04-10
2024041001029735,CLI,67,75,50.0,451.5,22575.0,2024-04-10
2024041001029734,CLI,18,75,80.0,451.5,36120.0,2024-04-10
2024041001029733,CLI,8,75,500.0,451.6,225800.0,2024-04-10
2024041001029732,CLI,34,75,18.0,451.6,8128.8,2024-04-10
2024041001029731,CLI,36,75,50.0,452.0,22600.0,2024-04-10
2024041004010145,MEN,49,71,50.0,514.0,25700.0,2024-04-10
2024041001029730,SARBTM,57,58,50.0,848.0,42400.0,2024-04-10
2024041003015167,DDBL,58,38,25.0,703.0,17575.0,2024-04-10
2024041001029729,MANDU,65,54,50.0,765.0,38250.0,2024-04-10
2024041001029728,NYADI,25,65,50.0,303.6,15180.0,2024-04-10
2024041001029727,NYADI,43,65,380.0,303.6,115368.0,2024-04-10
2024041001029726,HHL,21,38,200.0,391.1,78220.0,2024-04-10
2024041001029725,SARBTM,57,58,50.0,847.5,42375.0,2024-04-10
2024041004010144,API,76,33,100.0,176.0,17600.0,2024-04-10
2024041003015166,SINDU,21,45,10.0,359.9,3599.0,2024-04-10
2024041001029724,MKHL,56,42,150.0,459.0,68850.0,2024-04-10
2024041005005274,HRL,57,45,30.0,610.1,18303.0,2024-04-10
2024041005005273,HRL,22,45,20.0,610.3,12206.0,2024-04-10
2024041001029723,RNLI,18,45,11.0,429.0,4719.0,2024-04-10
2024041001029722,NWCL,32,22,100.0,755.0,75500.0,2024-04-10
2024041001029721,LSL,22,62,10.0,153.0,1530.0,2024-04-10
2024041001029720,NMB,49,49,50.0,177.9,8895.0,2024-04-10
2024041001029719,BEDC,35,49,160.0,366.0,58560.0,2024-04-10
2024041001029718,SPC,58,52,165.0,540.2,89133.0,2024-04-10
2024041001029717,SPC,33,52,35.0,540.2,18907.0,2024-04-10
2024041004010143,AKPL,58,50,20.0,173.9,3478.0,2024-04-10
2024041001029716,RFPL,26,38,335.0,384.1,128673.5,2024-04-10
2024041001029715,RFPL,65,38,40.0,385.0,15400.0,2024-04-10
2024041001029714,RFPL,35,38,100.0,385.1,38510.0,2024-04-10
2024041003015165,NFS,41,40,50.0,448.9,22445.0,2024-04-10
2024041001029713,SANIMA,1,49,112.0,237.9,26644.8,2024-04-10
2024041003015164,MERO,66,36,250.0,617.0,154250.0,2024-04-10
2024041003015163,GUFL,41,41,470.0,829.0,389630.0,2024-04-10
2024041005005272,NIFRA,17,43,612.0,208.0,127296.0,2024-04-10
2024041001029712,SONA,25,33,100.0,456.9,45690.0,2024-04-10
2024041001029711,NRM,21,45,30.0,375.1,11253.0,2024-04-10
2024041001029710,NRM,54,45,20.0,375.2,7504.0,2024-04-10
2024041001029709,HATHY,32,33,50.0,862.0,43100.0,2024-04-10
2024041004010142,KKHC,45,13,350.0,248.1,86835.0,2024-04-10
2024041004010141,JOSHI,26,58,85.0,333.5,28347.5,2024-04-10
2024041004010140,JOSHI,26,81,65.0,333.4,21671.0,2024-04-10
2024041001029708,BEDC,35,34,10.0,366.0,3660.0,2024-04-10
2024041001029707,BEDC,32,34,90.0,366.0,32940.0,2024-04-10
2024041001029706,PPL,62,34,500.0,624.5,312250.0,2024-04-10
2024041004010139,RBCL,16,50,10.0,13243.0,132430.0,2024-04-10
2024041003015162,KSBBL,58,32,25.0,357.0,8925.0,2024-04-10
2024041001029705,SNLI,35,21,10.0,598.0,5980.0,2024-04-10
2024041001029704,MLBS,33,46,10.0,1170.0,11700.0,2024-04-10
2024041003015161,SFCL,57,51,600.0,322.0,193200.0,2024-04-10
2024041003015160,GUFL,41,57,100.0,829.0,82900.0,2024-04-10
2024041004010138,HDHPC,57,39,285.0,134.9,38446.5,2024-04-10
2024041001029703,MANDU,65,94,10.0,765.0,7650.0,2024-04-10
2024041003015159,DDBL,17,38,18.0,703.0,12654.0,2024-04-10
2024041003015158,CFCL,17,45,100.0,376.0,37600.0,2024-04-10
2024041003015157,NMBMF,25,41,100.0,587.0,58700.0,2024-04-10
2024041001029702,PPL,62,56,10.0,624.5,6245.0,2024-04-10
2024041004010137,UMHL,21,50,86.0,236.0,20296.0,2024-04-10
2024041004010136,UMHL,21,41,100.0,235.6,23560.0,2024-04-10
2024041004010135,UMHL,21,29,14.0,233.2,3264.8,2024-04-10
2024041001029701,MEHL,65,42,180.0,316.0,56880.0,2024-04-10
2024041004010134,NLG,45,52,100.0,770.0,77000.0,2024-04-10
2024041005005271,NRIC,45,6,30.0,757.0,22710.0,2024-04-10
2024041001029700,SRLI,44,29,20.0,446.0,8920.0,2024-04-10
2024041001029699,MEL,39,49,201.0,229.1,46049.1,2024-04-10
2024041001029698,MEL,22,49,30.0,229.2,6876.0,2024-04-10
2024041001029697,MEL,22,49,10.0,229.2,2292.0,2024-04-10
2024041004010133,UPCL,34,41,17.0,203.0,3451.0,2024-04-10
2024041004010132,UPCL,34,45,112.0,203.0,22736.0,2024-04-10
2024041001029696,SBL,8,52,200.0,220.4,44080.0,2024-04-10
2024041003015156,GUFL,41,34,2000.0,829.0,1658000.0,2024-04-10
2024041001029695,SIKLES,35,34,20.0,509.0,10180.0,2024-04-10
2024041001029694,SIKLES,35,57,10.0,508.9,5089.0,2024-04-10
2024041001029693,SIKLES,35,55,10.0,508.0,5080.0,2024-04-10
2024041001029692,SIKLES,35,57,50.0,508.0,25400.0,2024-04-10
2024041001029691,SIKLES,35,28,10.0,507.0,5070.0,2024-04-10
2024041004010131,UAIL,51,41,10.0,540.0,5400.0,2024-04-10
2024041004010130,IGI,49,57,20.0,540.0,10800.0,2024-04-10
2024041004010129,UPCL,41,38,25.0,202.6,5065.0,2024-04-10
2024041004010128,UPCL,6,38,25.0,202.8,5070.0,2024-04-10
2024041004010127,UPCL,41,38,100.0,202.8,20280.0,2024-04-10
2024041003015155,GFCL,53,48,10.0,477.8,4778.0,2024-04-10
2024041003015154,PFL,53,45,250.0,502.0,125500.0,2024-04-10
2024041003015153,PFL,53,45,161.0,501.0,80661.0,2024-04-10
2024041001029690,UHEWA,32,38,100.0,385.0,38500.0,2024-04-10
2024041004010126,MEN,6,71,50.0,514.0,25700.0,2024-04-10
2024041001029689,GCIL,40,88,238.0,495.1,117833.8,2024-04-10
2024041001029688,GCIL,45,88,100.0,495.1,49510.0,2024-04-10
2024041001029687,GCIL,19,88,500.0,495.1,247550.0,2024-04-10
2024041001029686,GCIL,19,88,23.0,495.1,11387.3,2024-04-10
2024041001029685,GCIL,38,88,50.0,495.2,24760.0,2024-04-10
2024041001029684,GCIL,17,88,10.0,495.2,4952.0,2024-04-10
2024041001029683,GCIL,14,88,79.0,495.2,39120.8,2024-04-10
2024041004010125,UMHL,70,29,100.0,233.2,23320.0,2024-04-10
2024041003015152,PFL,43,49,100.0,500.1,50010.0,2024-04-10
2024041003015151,NLIC,82,49,114.0,595.0,67830.0,2024-04-10
2024041001029682,SAMAJ,34,41,10.0,1969.0,19690.0,2024-04-10
2024041001029681,MEHL,65,58,10.0,316.0,3160.0,2024-04-10
2024041001029680,MEHL,65,47,250.0,316.0,79000.0,2024-04-10
2024041001029679,SARBTM,45,58,50.0,848.0,42400.0,2024-04-10
2024041001029678,CLI,58,21,10.0,453.0,4530.0,2024-04-10
2024041001029677,CLI,58,55,10.0,452.9,4529.0,2024-04-10
2024041001029676,CLI,58,26,10.0,452.5,4525.0,2024-04-10
2024041001029675,PHCL,57,58,10.0,312.0,3120.0,2024-04-10
2024041003015150,PFL,43,38,400.0,500.1,200040.0,2024-04-10
2024041003015149,NICLBSL,38,42,10.0,607.9,6079.0,2024-04-10
2024041001029674,UHEWA,57,38,10.0,385.0,3850.0,2024-04-10
2024041004010124,AKJCL,14,29,50.0,215.0,10750.0,2024-04-10
2024041001029673,ILI,63,41,132.0,550.3,72639.6,2024-04-10
2024041001029672,ILI,91,41,500.0,550.5,275250.0,2024-04-10
2024041001029671,ILI,58,41,30.0,551.0,16530.0,2024-04-10
2024041001029670,ILI,17,41,100.0,551.0,55100.0,2024-04-10
2024041001029669,ILI,18,41,148.0,551.0,81548.0,2024-04-10
2024041001029668,ILI,1,41,90.0,551.1,49599.0,2024-04-10
2024041004010123,HURJA,25,34,67.0,291.0,19497.0,2024-04-10
2024041004010122,HURJA,25,57,100.0,291.0,29100.0,2024-04-10
2024041004010121,HURJA,25,48,137.0,291.0,39867.0,2024-04-10
2024041001029667,IHL,53,42,40.0,411.0,16440.0,2024-04-10
2024041001029666,PRVU,42,29,100.0,142.0,14200.0,2024-04-10
2024041003015148,PFL,43,45,20.0,500.1,10002.0,2024-04-10
2024041004010120,SPDL,48,45,300.0,235.0,70500.0,2024-04-10
2024041001029665,SARBTM,45,35,160.0,848.0,135680.0,2024-04-10
2024041001029664,SARBTM,45,14,50.0,848.0,42400.0,2024-04-10
2024041003015147,SFCL,88,74,900.0,323.0,290700.0,2024-04-10
2024041004010119,SHPC,40,22,34.0,340.0,11560.0,2024-04-10
2024041004010118,SHPC,16,22,11.0,340.0,3740.0,2024-04-10
2024041004010117,CHCL,22,29,260.0,454.0,118040.0,2024-04-10
2024041004010116,CHCL,22,41,30.0,454.0,13620.0,2024-04-10
2024041004010115,CHCL,22,32,100.0,454.0,45400.0,2024-04-10
2024041001029663,RAWA,18,36,10.0,499.0,4990.0,2024-04-10
2024041001029662,RAWA,18,42,10.0,498.0,4980.0,2024-04-10
2024041001029661,RAWA,18,39,100.0,494.9,49490.0,2024-04-10
2024041001029660,RAWA,18,22,100.0,494.0,49400.0,2024-04-10
2024041001029659,AHL,52,26,10.0,450.0,4500.0,2024-04-10
2024041001029658,NRM,21,52,45.0,375.1,16879.5,2024-04-10
2024041001029657,NRM,42,52,15.0,376.1,5641.5,2024-04-10
2024041004010114,API,69,33,15.0,176.0,2640.0,2024-04-10
2024041004010113,API,76,33,100.0,176.0,17600.0,2024-04-10
2024041004010112,API,37,33,559.0,176.0,98384.0,2024-04-10
2024041004010111,API,94,33,99.0,176.6,17483.4,2024-04-10
2024041001029656,MKHC,1,35,100.0,343.0,34300.0,2024-04-10
2024041001029655,MKHC,38,35,250.0,343.0,85750.0,2024-04-10
2024041001029654,MKHC,48,35,100.0,343.0,34300.0,2024-04-10
2024041001029653,MKHC,39,35,103.0,343.0,35329.0,2024-04-10
2024041001029652,SGHC,38,50,100.0,315.0,31500.0,2024-04-10
2024041001029651,PPL,62,58,35.0,624.5,21857.5,2024-04-10
2024041001029650,PPL,62,58,10.0,624.5,6245.0,2024-04-10
2024041003015146,MLBBL,34,60,73.0,994.1,72569.3,2024-04-10
2024041003015145,MLBBL,33,60,400.0,995.0,398000.0,2024-04-10
2024041004010110,CGH,8,60,435.0,808.0,351480.0,2024-04-10
2024041004010109,CGH,42,60,35.0,808.5,28297.5,2024-04-10
2024041004010108,CGH,87,60,100.0,808.6,80860.0,2024-04-10
2024041003015144,CFCL,43,17,80.0,373.0,29840.0,2024-04-10
2024041003015143,CFCL,84,17,120.0,374.0,44880.0,2024-04-10
2024041003015142,GUFL,41,55,2000.0,829.0,1658000.0,2024-04-10
2024041003015141,ILBS,56,41,10.0,940.0,9400.0,2024-04-10
2024041003015140,ILBS,56,34,19.0,940.0,17860.0,2024-04-10
2024041001029649,PPL,62,25,10.0,624.5,6245.0,2024-04-10
2024041001029648,CKHL,7,62,50.0,544.8,27240.0,2024-04-10
2024041003015139,CBBL,17,42,50.0,831.1,41555.0,2024-04-10
2024041001029647,MKHL,4,36,60.0,460.0,27600.0,2024-04-10
2024041001029646,MKHL,4,35,10.0,460.0,4600.0,2024-04-10
2024041001029645,MKHL,4,28,10.0,460.0,4600.0,2024-04-10
2024041001029644,MKHL,4,44,10.0,460.0,4600.0,2024-04-10
2024041001029643,MKHL,4,11,50.0,460.0,23000.0,2024-04-10
2024041001029642,MKHL,4,58,10.0,460.0,4600.0,2024-04-10
2024041001029641,MKHL,4,57,10.0,460.0,4600.0,2024-04-10
2024041001029640,MKHL,4,42,10.0,460.0,4600.0,2024-04-10
2024041001029639,MKHL,4,57,10.0,460.0,4600.0,2024-04-10
2024041001029638,MKHL,4,13,400.0,460.0,184000.0,2024-04-10
2024041001029637,MKHL,4,38,860.0,460.0,395600.0,2024-04-10
2024041001029636,MKHL,4,46,10.0,460.0,4600.0,2024-04-10
2024041001029635,MKHL,4,35,10.0,460.0,4600.0,2024-04-10
2024041001029634,MKHL,4,42,10.0,460.0,4600.0,2024-04-10
2024041001029633,MKHL,4,13,10.0,460.0,4600.0,2024-04-10
2024041001029632,MKHL,4,1,10.0,460.0,4600.0,2024-04-10
2024041001029631,MKHL,4,57,10.0,460.0,4600.0,2024-04-10
2024041001029630,MKHL,4,6,100.0,460.0,46000.0,2024-04-10
2024041001029629,MKHL,4,57,10.0,460.0,4600.0,2024-04-10
2024041001029628,MKHL,4,57,10.0,460.0,4600.0,2024-04-10
2024041001029627,MKHL,4,58,50.0,460.0,23000.0,2024-04-10
2024041001029626,MKHL,4,55,10.0,460.0,4600.0,2024-04-10
2024041001029625,MKHL,4,6,10.0,460.0,4600.0,2024-04-10
2024041001029624,MKHL,4,50,10.0,460.0,4600.0,2024-04-10
2024041001029623,MKHL,4,7,10.0,460.0,4600.0,2024-04-10
2024041001029622,MKHL,4,17,10.0,460.0,4600.0,2024-04-10
2024041001029621,MKHL,4,56,10.0,460.0,4600.0,2024-04-10
2024041001029620,MKHL,4,10,10.0,460.0,4600.0,2024-04-10
2024041001029619,MKHL,4,58,10.0,460.0,4600.0,2024-04-10
2024041001029618,MKHL,4,45,10.0,460.0,4600.0,2024-04-10
2024041001029617,MKHL,4,21,50.0,460.0,23000.0,2024-04-10
2024041001029616,MKHL,4,48,70.0,459.9,32193.0,2024-04-10
2024041001029615,MKHL,4,38,120.0,459.9,55188.0,2024-04-10
2024041001029614,NRM,42,19,85.0,376.0,31960.0,2024-04-10
2024041005005270,NTC,41,45,23.0,834.0,19182.0,2024-04-10
2024041005005269,NTC,57,45,27.0,834.0,22518.0,2024-04-10
2024041001029613,SCB,44,57,44.0,524.9,23095.6,2024-04-10
2024041001029612,SCB,44,57,100.0,524.8,52480.0,2024-04-10
2024041001029611,SCB,44,20,205.0,524.6,107543.0,2024-04-10
2024041001029610,SCB,44,25,28.0,524.0,14672.0,2024-04-10
2024041001029609,SCB,44,62,40.0,524.0,20960.0,2024-04-10
2024041001029608,SCB,44,62,451.0,524.0,236324.0,2024-04-10
2024041001029607,SCB,44,4,23.0,524.0,12052.0,2024-04-10
2024041001029606,SCB,44,14,216.0,523.9,113162.4,2024-04-10
2024041001029605,SCB,44,41,23.0,521.0,11983.0,2024-04-10
2024041001029604,SCB,16,29,45.0,519.0,23355.0,2024-04-10
2024041003015138,CFCL,84,58,30.0,374.0,11220.0,2024-04-10
2024041003015137,CFCL,84,28,50.0,374.0,18700.0,2024-04-10
2024041003015136,SMFBS,26,57,10.0,1214.8,12148.0,2024-04-10
2024041001029603,SARBTM,1,49,50.0,847.0,42350.0,2024-04-10
2024041003015135,GUFL,41,33,160.0,829.0,132640.0,2024-04-10
2024041001029602,MLBS,50,33,10.0,1175.0,11750.0,2024-04-10
2024041003015134,MERO,52,60,50.0,616.0,30800.0,2024-04-10
2024041003015133,MERO,55,60,156.0,616.0,96096.0,2024-04-10
2024041003015132,MERO,49,60,65.0,617.0,40105.0,2024-04-10
2024041001029601,MMKJL,57,21,860.0,410.0,352600.0,2024-04-10
2024041001029600,MMKJL,57,34,10.0,410.0,4100.0,2024-04-10
2024041001029599,MMKJL,57,42,10.0,410.0,4100.0,2024-04-10
2024041001029598,MMKJL,57,38,10.0,410.0,4100.0,2024-04-10
2024041001029597,MMKJL,57,38,10.0,409.0,4090.0,2024-04-10
2024041001029596,MMKJL,57,16,100.0,408.5,40850.0,2024-04-10
2024041005005268,NIFRA,17,17,550.0,208.0,114400.0,2024-04-10
2024041004010107,SSHL,17,39,152.0,165.0,25080.0,2024-04-10
2024041004010106,SSHL,17,38,23.0,165.0,3795.0,2024-04-10
2024041004010105,SSHL,17,41,150.0,164.9,24735.0,2024-04-10
2024041004010104,SSHL,17,38,100.0,164.5,16450.0,2024-04-10
2024041004010103,SSHL,17,43,300.0,164.0,49200.0,2024-04-10
2024041004010102,SSHL,17,34,50.0,164.0,8200.0,2024-04-10
2024041004010101,SSHL,17,42,225.0,163.1,36697.5,2024-04-10
2024041001029595,GCIL,8,25,160.0,496.0,79360.0,2024-04-10
2024041004010100,NIL,41,29,10.0,819.0,8190.0,2024-04-10
2024041004010099,NIL,41,32,10.0,817.0,8170.0,2024-04-10
2024041003015131,SAPDBL,40,5,315.0,302.1,95161.5,2024-04-10
2024041003015130,SAPDBL,54,5,12.0,302.2,3626.4,2024-04-10
2024041003015129,SAPDBL,1,5,123.0,302.2,37170.6,2024-04-10
2024041003015128,SAPDBL,33,5,300.0,302.3,90690.0,2024-04-10
2024041001029594,MKHC,56,44,10.0,345.0,3450.0,2024-04-10
2024041003015127,CBBL,21,7,10.0,834.9,8349.0,2024-04-10
2024041001029593,RNLI,18,42,50.0,429.0,21450.0,2024-04-10
2024041001029592,RNLI,40,42,100.0,429.0,42900.0,2024-04-10
2024041001029591,RNLI,90,42,50.0,429.0,21450.0,2024-04-10
2024041001029590,RNLI,57,42,400.0,429.2,171680.0,2024-04-10
2024041001029589,RNLI,4,42,200.0,429.3,85860.0,2024-04-10
2024041001029588,RNLI,29,42,165.0,429.3,70834.5,2024-04-10
2024041001029587,RNLI,35,42,50.0,430.0,21500.0,2024-04-10
2024041001029586,RNLI,55,42,10.0,430.0,4300.0,2024-04-10
2024041001029585,RNLI,47,42,10.0,430.0,4300.0,2024-04-10
2024041001029584,RNLI,56,42,60.0,430.0,25800.0,2024-04-10
2024041001029583,RNLI,1,42,10.0,430.1,4301.0,2024-04-10
2024041001029582,RNLI,42,42,40.0,430.5,17220.0,2024-04-10
2024041001029581,RNLI,32,42,55.0,430.5,23677.5,2024-04-10
2024041003015126,GUFL,41,45,1500.0,829.0,1243500.0,2024-04-10
2024041004010098,SICL,6,13,10.0,691.0,6910.0,2024-04-10
2024041001029580,DORDI,29,35,10.0,436.0,4360.0,2024-04-10
2024041001029579,SARBTM,1,26,30.0,847.0,25410.0,2024-04-10
2024041001029578,MHL,86,4,10.0,420.0,4200.0,2024-04-10
2024041003015125,JFL,50,45,73.0,462.0,33726.0,2024-04-10
2024041003015124,JFL,50,52,300.0,462.0,138600.0,2024-04-10
2024041003015123,JFL,50,32,100.0,462.0,46200.0,2024-04-10
2024041003015122,JFL,50,49,27.0,462.0,12474.0,2024-04-10
2024041004010097,LEC,21,72,300.0,192.0,57600.0,2024-04-10
2024041004010096,LEC,44,72,50.0,192.0,9600.0,2024-04-10
2024041004010095,LEC,3,72,50.0,192.5,9625.0,2024-04-10
2024041003015121,GUFL,41,40,100.0,829.0,82900.0,2024-04-10
2024041001029577,UNLB,47,58,50.0,1615.2,80760.0,2024-04-10
2024041003015120,MERO,49,58,35.0,617.0,21595.0,2024-04-10
2024041001029576,RNLI,38,49,300.0,431.0,129300.0,2024-04-10
2024041001029575,NABIL,58,41,10.0,438.0,4380.0,2024-04-10
2024041001029574,MMKJL,42,58,10.0,408.2,4082.0,2024-04-10
2024041003015119,PFL,43,1,400.0,500.1,200040.0,2024-04-10
2024041003015118,PFL,3,1,100.0,500.1,50010.0,2024-04-10
2024041003015117,USLB,62,17,10.0,1849.0,18490.0,2024-04-10
2024041003015116,USLB,55,67,20.0,1852.0,37040.0,2024-04-10
2024041001029573,MANDU,61,22,100.0,765.9,76590.0,2024-04-10
2024041004010094,GHL,4,8,350.0,153.1,53585.0,2024-04-10
2024041004010093,GHL,57,8,2000.0,153.2,306400.0,2024-04-10
2024041004010092,GHL,85,8,950.0,153.3,145635.0,2024-04-10
2024041004010091,GHL,41,8,200.0,153.4,30680.0,2024-04-10
2024041004010090,GHL,5,8,100.0,153.4,15340.0,2024-04-10
2024041001029572,NIMB,43,44,698.0,156.0,108888.0,2024-04-10
2024041001029571,NIMB,43,44,102.0,155.5,15861.0,2024-04-10
2024041005005267,HRL,22,42,10.0,610.3,6103.0,2024-04-10
2024041004010089,PMHPL,41,45,76.0,235.0,17860.0,2024-04-10
2024041004010088,PMHPL,41,45,127.0,235.0,29845.0,2024-04-10
2024041004010087,PMHPL,49,45,130.0,235.1,30563.0,2024-04-10
2024041005005266,BBC,92,29,10.0,3681.0,36810.0,2024-04-10
2024041001029570,LSL,57,11,170.0,152.2,25874.0,2024-04-10
2024041001029569,LSL,28,11,60.0,152.2,9132.0,2024-04-10
2024041001029568,LSL,47,11,270.0,152.2,41094.0,2024-04-10
2024041001029567,NABIL,16,41,30.0,438.0,13140.0,2024-04-10
2024041001029566,NABIL,16,45,470.0,437.0,205390.0,2024-04-10
2024041003015115,GLBSL,49,62,50.0,1960.0,98000.0,2024-04-10
2024041001029565,MLBS,33,52,25.0,1170.0,29250.0,2024-04-10
2024041003015114,NFS,49,7,30.0,449.0,13470.0,2024-04-10
2024041001029564,HHL,34,32,10.0,392.0,3920.0,2024-04-10
2024041003015113,SHINE,38,13,153.0,369.0,56457.0,2024-04-10
2024041003015112,SHINE,38,18,96.0,367.0,35232.0,2024-04-10
2024041003015111,MLBL,1,62,10.0,323.9,3239.0,2024-04-10
2024041004010086,CHL,56,57,191.0,301.0,57491.0,2024-04-10
2024041004010085,RHPL,39,7,184.0,275.2,50636.8,2024-04-10
2024041004010084,RHPL,51,7,50.0,275.3,13765.0,2024-04-10
2024041004010083,RHPL,1,7,140.0,275.3,38542.0,2024-04-10
2024041004010082,RHPL,47,7,420.0,275.4,115668.0,2024-04-10
2024041004010081,RHPL,58,7,40.0,275.6,11024.0,2024-04-10
2024041004010080,RHPL,20,7,166.0,275.7,45766.2,2024-04-10
2024041003015110,ICFC,45,41,90.0,515.0,46350.0,2024-04-10
2024041003015109,GBBL,44,38,103.0,372.0,38316.0,2024-04-10
2024041003015108,GBBL,44,51,100.0,371.9,37190.0,2024-04-10
2024041003015107,GBBL,44,19,217.0,371.9,80702.3,2024-04-10
2024041003015106,GBBL,44,39,57.0,371.2,21158.4,2024-04-10
2024041003015105,GBBL,44,16,23.0,371.0,8533.0,2024-04-10
2024041001029563,MKJC,11,29,20.0,451.0,9020.0,2024-04-10
2024041001029562,MKJC,47,29,100.0,451.1,45110.0,2024-04-10
2024041001029561,MKJC,35,29,80.0,453.0,36240.0,2024-04-10
2024041001029560,SMJC,19,26,990.0,384.0,380160.0,2024-04-10
2024041003015104,GBLBS,28,49,10.0,623.3,6233.0,2024-04-10
2024041003015103,GUFL,41,28,400.0,829.0,331600.0,2024-04-10
2024041004010079,SGIC,44,34,50.0,532.4,26620.0,2024-04-10
2024041001029559,DORDI,14,35,220.0,439.0,96580.0,2024-04-10
2024041004010078,SGIC,44,51,190.0,532.4,101156.0,2024-04-10
2024041004010077,SGIC,25,51,50.0,533.0,26650.0,2024-04-10
2024041004010076,SGIC,50,51,20.0,533.0,10660.0,2024-04-10
2024041004010075,SGIC,32,51,60.0,533.1,31986.0,2024-04-10
2024041001029558,HDL,25,1,10.0,1488.0,14880.0,2024-04-10
2024041004010074,UMHL,34,17,74.0,233.1,17249.4,2024-04-10
2024041001029557,SARBTM,1,55,50.0,847.0,42350.0,2024-04-10
2024041001029556,DORDI,14,58,150.0,439.0,65850.0,2024-04-10
2024041001029555,DORDI,14,17,10.0,439.0,4390.0,2024-04-10
2024041001029554,DORDI,14,35,10.0,439.0,4390.0,2024-04-10
2024041001029553,DORDI,14,39,260.0,438.9,114114.0,2024-04-10
2024041001029552,DORDI,14,6,10.0,438.0,4380.0,2024-04-10
2024041001029551,MEL,22,14,10.0,229.2,2292.0,2024-04-10
2024041001029550,MEL,42,14,320.0,229.2,73344.0,2024-04-10
2024041001029549,MMKJL,42,14,10.0,408.2,4082.0,2024-04-10
2024041003015102,NFS,35,7,35.0,449.0,15715.0,2024-04-10
2024041003015101,NFS,14,7,500.0,449.0,224500.0,2024-04-10
2024041003015100,NFS,49,7,310.0,449.0,139190.0,2024-04-10
2024041004010073,MHNL,21,45,120.0,234.0,28080.0,2024-04-10
2024041003015099,ALBSL,6,56,10.0,734.0,7340.0,2024-04-10
2024041003015098,ALBSL,6,45,10.0,730.0,7300.0,2024-04-10
2024041003015097,ALBSL,6,35,10.0,730.0,7300.0,2024-04-10
2024041003015096,ALBSL,6,56,10.0,730.0,7300.0,2024-04-10
2024041003015095,ALBSL,6,1,10.0,730.0,7300.0,2024-04-10
2024041003015094,ALBSL,6,47,10.0,730.0,7300.0,2024-04-10
2024041003015093,ALBSL,6,49,10.0,729.0,7290.0,2024-04-10
2024041003015092,ALBSL,6,32,18.0,728.0,13104.0,2024-04-10
2024041003015091,ALBSL,6,21,18.0,728.0,13104.0,2024-04-10
2024041003015090,ALBSL,6,34,18.0,725.0,13050.0,2024-04-10
2024041003015089,NFS,49,42,40.0,449.0,17960.0,2024-04-10
2024041003015088,SWBBL,44,42,20.0,770.0,15400.0,2024-04-10
2024041003015087,SWBBL,44,48,30.0,770.0,23100.0,2024-04-10
2024041003015086,SWBBL,44,58,500.0,766.0,383000.0,2024-04-10
2024041003015085,SWBBL,44,38,44.0,765.3,33673.2,2024-04-10
2024041003015084,SWBBL,44,38,56.0,765.0,42840.0,2024-04-10
2024041003015083,SWBBL,44,77,50.0,755.0,37750.0,2024-04-10
2024041003015082,GBLBS,52,49,50.0,623.3,31165.0,2024-04-10
2024041003015081,GBLBS,58,49,19.0,623.3,11842.7,2024-04-10
2024041001029548,RHGCL,49,51,10.0,320.0,3200.0,2024-04-10
2024041004010072,API,94,49,100.0,176.6,17660.0,2024-04-10
2024041001029547,MANDU,65,59,10.0,765.0,7650.0,2024-04-10
2024041003015080,GILB,32,34,50.0,954.2,47710.0,2024-04-10
2024041004010071,RHPL,22,57,340.0,275.8,93772.0,2024-04-10
2024041004010070,RHPL,22,57,10.0,276.0,2760.0,2024-04-10
2024041001029546,KDL,47,1,10.0,791.0,7910.0,2024-04-10
2024041005005265,NIFRA,17,14,200.0,208.0,41600.0,2024-04-10
2024041001029545,MANDU,65,41,520.0,765.0,397800.0,2024-04-10
2024041003015079,KSBBL,44,56,100.0,355.1,35510.0,2024-04-10
2024041003015078,FOWAD,44,58,50.0,1119.0,55950.0,2024-04-10
2024041001029544,PRVU,22,29,10.0,142.0,1420.0,2024-04-10
2024041004010069,JOSHI,25,22,100.0,333.0,33300.0,2024-04-10
2024041001029543,CKHL,47,91,10.0,541.2,5412.0,2024-04-10
2024041004010068,KKHC,34,36,50.0,249.0,12450.0,2024-04-10
2024041004010067,KKHC,34,28,250.0,248.9,62225.0,2024-04-10
2024041004010066,UPPER,35,33,105.0,171.5,18007.5,2024-04-10
2024041003015077,USLB,51,72,43.0,1852.0,79636.0,2024-04-10
2024041004010065,UPPER,49,38,48.0,171.2,8217.6,2024-04-10
2024041001029542,RNLI,32,57,50.0,430.5,21525.0,2024-04-10
2024041003015076,SJLIC,57,70,100.0,493.9,49390.0,2024-04-10
2024041001029541,SARBTM,1,58,14.0,847.0,11858.0,2024-04-10
2024041001029540,SARBTM,8,58,10.0,847.1,8471.0,2024-04-10
2024041001029539,BEDC,58,34,10.0,368.0,3680.0,2024-04-10
2024041003015075,LLBS,45,41,10.0,882.0,8820.0,2024-04-10
2024041001029538,HDL,25,53,69.0,1488.0,102672.0,2024-04-10
2024041001029537,HDL,62,53,11.0,1488.0,16368.0,2024-04-10
2024041001029536,HDL,57,53,20.0,1488.0,29760.0,2024-04-10
2024041003015074,GUFL,41,7,20.0,829.0,16580.0,2024-04-10
2024041003015073,JBBL,21,51,10.0,294.0,2940.0,2024-04-10
2024041001029535,SHIVM,54,32,20.0,511.0,10220.0,2024-04-10
2024041003015072,SADBL,44,45,100.0,298.0,29800.0,2024-04-10
2024041003015071,NFS,45,38,50.0,450.0,22500.0,2024-04-10
2024041001029534,PPL,62,6,200.0,624.5,124900.0,2024-04-10
2024041003015070,GBLBS,58,29,331.0,623.3,206312.3,2024-04-10
2024041003015069,GBLBS,41,29,59.0,624.0,36816.0,2024-04-10
2024041005005264,NRIC,49,10,175.0,758.0,132650.0,2024-04-10
2024041004010064,UPPER,49,52,500.0,171.2,85600.0,2024-04-10
2024041003015068,SWMF,59,25,10.0,744.0,7440.0,2024-04-10
2024041003015067,SWMF,59,40,100.0,741.0,74100.0,2024-04-10
2024041003015066,MPFL,57,38,132.0,373.1,49249.2,2024-04-10
2024041001029533,RNLI,57,49,500.0,431.0,215500.0,2024-04-10
2024041001029532,BEDC,32,55,100.0,366.0,36600.0,2024-04-10
2024041001029531,PPL,62,58,10.0,624.5,6245.0,2024-04-10
2024041001029530,SONA,58,34,10.0,456.8,4568.0,2024-04-10
2024041001029529,SONA,58,33,410.0,456.8,187288.0,2024-04-10
2024041001029528,SANIMA,43,49,208.0,237.9,49483.2,2024-04-10
2024041004010063,SHPC,5,45,10.0,341.5,3415.0,2024-04-10
2024041003015065,GFCL,58,36,185.0,474.1,87708.5,2024-04-10
2024041004010062,AKJCL,42,58,406.0,215.0,87290.0,2024-04-10
2024041005005263,NTC,32,35,442.0,835.0,369070.0,2024-04-10
2024041005005262,NTC,32,58,33.0,835.0,27555.0,2024-04-10
2024041005005261,NTC,32,4,100.0,834.9,83490.0,2024-04-10
2024041004010061,CHCL,34,45,117.0,453.1,53012.7,2024-04-10
2024041004010060,CHCL,22,45,100.0,453.2,45320.0,2024-04-10
2024041004010059,CHCL,42,45,12.0,453.3,5439.6,2024-04-10
2024041004010058,CHCL,34,45,100.0,453.5,45350.0,2024-04-10
2024041004010057,CHCL,48,45,671.0,453.5,304298.5,2024-04-10
2024041003015064,NABBC,38,45,50.0,415.8,20790.0,2024-04-10
2024041003015063,MLBSL,58,29,20.0,1739.0,34780.0,2024-04-10
2024041003015062,SKBBL,22,42,33.0,821.0,27093.0,2024-04-10
2024041003015061,SKBBL,22,50,217.0,820.0,177940.0,2024-04-10
2024041003015060,NFS,49,29,500.0,449.0,224500.0,2024-04-10
2024041005005260,HRL,57,59,10.0,610.1,6101.0,2024-04-10
2024041005005259,HRL,38,59,20.0,610.1,12202.0,2024-04-10
2024041005005258,HRL,41,59,10.0,610.2,6102.0,2024-04-10
2024041005005257,HRL,58,59,10.0,610.2,6102.0,2024-04-10
2024041005005256,HRL,38,59,100.0,610.5,61050.0,2024-04-10
2024041001029527,DOLTI,17,46,190.0,475.0,90250.0,2024-04-10
2024041001029526,DOLTI,49,46,210.0,475.0,99750.0,2024-04-10
2024041001029525,TPC,34,61,50.0,525.0,26250.0,2024-04-10
2024041001029524,TPC,34,48,10.0,520.0,5200.0,2024-04-10
2024041001029523,TPC,34,42,10.0,520.0,5200.0,2024-04-10
2024041001029522,TPC,34,57,10.0,520.0,5200.0,2024-04-10
2024041001029521,TPC,34,51,100.0,516.0,51600.0,2024-04-10
2024041001029520,TPC,34,22,200.0,515.0,103000.0,2024-04-10
2024041001029519,TPC,34,51,90.0,515.0,46350.0,2024-04-10
2024041001029518,TPC,34,58,10.0,514.0,5140.0,2024-04-10
2024041001029517,SHIVM,50,60,300.0,511.0,153300.0,2024-04-10
2024041001029516,SHIVM,58,60,200.0,511.0,102200.0,2024-04-10
2024041003015059,SIFC,16,17,500.0,382.0,191000.0,2024-04-10
2024041001029515,MANDU,56,64,168.0,768.0,129024.0,2024-04-10
2024041001029514,MANDU,56,57,100.0,768.0,76800.0,2024-04-10
2024041001029513,MANDU,56,65,50.0,768.0,38400.0,2024-04-10
2024041001029512,MANDU,56,58,10.0,768.0,7680.0,2024-04-10
2024041001029511,MANDU,56,58,10.0,768.0,7680.0,2024-04-10
2024041001029510,MANDU,56,62,164.0,768.0,125952.0,2024-04-10
2024041001029509,MANDU,56,57,10.0,767.0,7670.0,2024-04-10
2024041001029508,MANDU,56,28,171.0,767.0,131157.0,2024-04-10
2024041001029507,MANDU,56,59,130.0,767.0,99710.0,2024-04-10
2024041001029506,MANDU,56,49,10.0,766.0,7660.0,2024-04-10
2024041004010056,GLH,38,19,500.0,212.5,106250.0,2024-04-10
2024041001029505,RNLI,45,58,10.0,430.6,4306.0,2024-04-10
2024041004010055,BPCL,22,45,78.0,298.0,23244.0,2024-04-10
2024041004010054,BPCL,34,45,300.0,298.0,89400.0,2024-04-10
2024041004010053,BPCL,51,45,40.0,298.0,11920.0,2024-04-10
2024041004010052,BPCL,19,45,582.0,298.0,173436.0,2024-04-10
2024041001029504,MHCL,48,47,40.0,425.0,17000.0,2024-04-10
2024041001029503,MHCL,48,34,60.0,425.0,25500.0,2024-04-10
2024041003015058,GUFL,41,25,50.0,829.0,41450.0,2024-04-10
2024041001029502,SONA,44,19,178.0,456.2,81203.6,2024-04-10
2024041001029501,SONA,50,19,475.0,456.2,216695.0,2024-04-10
2024041001029500,SONA,44,19,500.0,456.2,228100.0,2024-04-10
2024041001029499,SONA,34,19,100.0,456.2,45620.0,2024-04-10
2024041001029498,SONA,42,19,90.0,456.2,41058.0,2024-04-10
2024041001029497,SONA,22,19,122.0,456.6,55705.2,2024-04-10
2024041001029496,MANDU,65,80,10.0,765.0,7650.0,2024-04-10
2024041003015057,GUFL,41,42,200.0,829.0,165800.0,2024-04-10
2024041004010051,NHPC,49,32,119.0,152.0,18088.0,2024-04-10
2024041004010050,NGPL,6,16,50.0,316.0,15800.0,2024-04-10
2024041003015056,GUFL,41,45,45.0,829.0,37305.0,2024-04-10
2024041004010049,PPCL,58,39,71.0,254.0,18034.0,2024-04-10
2024041001029495,SMJC,19,10,400.0,384.0,153600.0,2024-04-10
2024041001029494,NICA,45,51,231.0,395.0,91245.0,2024-04-10
2024041001029493,RNLI,51,49,10.0,431.0,4310.0,2024-04-10
2024041004010048,UMRH,34,57,100.0,354.1,35410.0,2024-04-10
2024041004010047,UMRH,33,57,100.0,354.3,35430.0,2024-04-10
2024041003015055,NFS,49,38,150.0,449.0,67350.0,2024-04-10
2024041005005255,GIBF1,34,4,100.0,8.7,870.0,2024-04-10
2024041005005254,GIBF1,34,42,100.0,8.6,860.0,2024-04-10
2024041005005253,GIBF1,34,57,100.0,8.54,854.0,2024-04-10
2024041005005252,GIBF1,34,7,100.0,8.53,853.0,2024-04-10
2024041003015054,SAPDBL,47,74,10.0,305.9,3059.0,2024-04-10
2024041004010046,HEI,21,45,30.0,594.9,17847.0,2024-04-10
2024041004010045,SHPC,16,45,189.0,340.0,64260.0,2024-04-10
2024041004010044,SHPC,11,45,100.0,340.0,34000.0,2024-04-10
2024041004010043,SHPC,35,45,11.0,340.0,3740.0,2024-04-10
2024041001029492,NABIL,58,45,30.0,437.0,13110.0,2024-04-10
2024041001029491,PPL,62,58,10.0,624.5,6245.0,2024-04-10
2024041001029490,PPL,62,58,10.0,624.5,6245.0,2024-04-10
2024041001029489,PPL,62,22,10.0,624.5,6245.0,2024-04-10
2024041004010042,PMHPL,41,26,220.0,235.0,51700.0,2024-04-10
2024041004010041,PMHPL,22,26,100.0,235.1,23510.0,2024-04-10
2024041004010040,PMHPL,45,26,60.0,235.1,14106.0,2024-04-10
2024041004010039,HDHPC,52,39,75.0,134.9,10117.5,2024-04-10
2024041004010038,JOSHI,25,28,300.0,333.0,99900.0,2024-04-10
2024041003015053,SABSL,17,46,10.0,773.0,7730.0,2024-04-10
2024041005005251,NRIC,49,62,40.0,758.0,30320.0,2024-04-10
2024041001029488,CYCL,62,26,10.0,1714.9,17149.0,2024-04-10
2024041001029487,LSL,37,62,13.0,153.0,1989.0,2024-04-10
2024041003015052,GMFIL,50,61,300.0,366.0,109800.0,2024-04-10
2024041003015051,GMFIL,71,61,100.0,366.0,36600.0,2024-04-10
2024041003015050,GMFIL,58,61,100.0,367.0,36700.0,2024-04-10
2024041003015049,KRBL,14,39,10.0,410.0,4100.0,2024-04-10
2024041001029486,PPL,62,41,20.0,624.5,12490.0,2024-04-10
2024041001029485,KBL,84,25,55.0,136.8,7524.0,2024-04-10
2024041001029484,KBL,42,25,65.0,136.9,8898.5,2024-04-10
2024041001029483,KBL,58,25,30.0,137.0,4110.0,2024-04-10
2024041003015048,SJLIC,4,56,9.0,490.0,4410.0,2024-04-10
2024041001029482,PCBL,8,45,273.0,189.0,51597.0,2024-04-10
2024041001029481,BEDC,32,21,300.0,366.0,109800.0,2024-04-10
2024041001029480,AHL,32,26,10.0,450.0,4500.0,2024-04-10
2024041003015047,SKBBL,57,6,13.0,816.0,10608.0,2024-04-10
2024041003015046,SKBBL,26,6,10.0,816.0,8160.0,2024-04-10
2024041003015045,SKBBL,57,6,20.0,816.0,16320.0,2024-04-10
2024041003015044,SKBBL,6,6,50.0,816.1,40805.0,2024-04-10
2024041003015043,MDB,62,91,500.0,428.7,214350.0,2024-04-10
2024041001029479,ADBL,65,26,224.0,227.0,50848.0,2024-04-10
2024041001029478,ULHC,26,28,100.0,342.0,34200.0,2024-04-10
2024041005005250,NRIC,49,61,3135.0,758.0,2376330.0,2024-04-10
2024041005005249,NRIC,49,21,50.0,757.5,37875.0,2024-04-10
2024041005005248,NRIC,49,56,100.0,757.0,75700.0,2024-04-10
2024041004010037,MEN,16,94,499.0,512.1,255537.9,2024-04-10
2024041004010036,MEN,55,94,100.0,513.0,51300.0,2024-04-10
2024041004010035,MEN,35,94,116.0,513.0,59508.0,2024-04-10
2024041004010034,MEN,32,94,40.0,513.0,20520.0,2024-04-10
2024041004010033,MEN,32,94,175.0,514.0,89950.0,2024-04-10
2024041004010032,MEN,32,94,70.0,514.0,35980.0,2024-04-10
2024041001029477,MANDU,65,54,10.0,765.0,7650.0,2024-04-10
2024041003015042,MNBBL,42,62,722.0,343.0,247646.0,2024-04-10
2024041003015041,MNBBL,49,62,10.0,343.1,3431.0,2024-04-10
2024041003015040,GUFL,41,17,300.0,829.0,248700.0,2024-04-10
2024041004010031,SPDL,48,57,22.0,235.0,5170.0,2024-04-10
2024041004010030,SPDL,57,57,100.0,235.0,23500.0,2024-04-10
2024041004010029,SPDL,6,57,100.0,235.1,23510.0,2024-04-10
2024041004010028,SPDL,46,57,120.0,235.1,28212.0,2024-04-10
2024041004010027,SPDL,18,57,158.0,235.2,37161.6,2024-04-10
2024041003015039,EDBL,43,34,17.0,360.4,6126.8,2024-04-10
2024041001029476,SARBTM,17,38,49.0,847.0,41503.0,2024-04-10
2024041005005247,SAEF,52,41,4000.0,9.96,39840.0,2024-04-10
2024041005005246,SAEF,55,41,1000.0,9.96,9960.0,2024-04-10
2024041005005245,SAEF,55,41,1000.0,9.97,9970.0,2024-04-10
2024041001029475,LSL,47,7,258.0,152.2,39267.6,2024-04-10
2024041001029474,LSL,5,7,100.0,152.3,15230.0,2024-04-10
2024041001029473,LSL,39,7,1000.0,152.4,152400.0,2024-04-10
2024041001029472,MKHC,39,19,250.0,343.0,85750.0,2024-04-10
2024041001029471,MKHC,70,19,100.0,343.2,34320.0,2024-04-10
2024041001029470,MKHC,57,19,10.0,344.0,3440.0,2024-04-10
2024041001029469,MKHC,1,19,50.0,344.0,17200.0,2024-04-10
2024041001029468,MKHC,57,19,40.0,344.1,13764.0,2024-04-10
2024041001029467,MKHC,35,19,50.0,344.2,17210.0,2024-04-10
2024041001029466,MANDU,65,19,380.0,765.0,290700.0,2024-04-10
2024041001029465,MANDU,28,19,120.0,765.0,91800.0,2024-04-10
2024041004010026,SICL,29,13,200.0,691.0,138200.0,2024-04-10
2024041001029464,AHL,44,26,170.0,450.0,76500.0,2024-04-10
2024041001029463,AHL,44,4,10.0,450.0,4500.0,2024-04-10
2024041001029462,PPL,62,45,10.0,624.5,6245.0,2024-04-10
2024041005005244,BBC,6,29,40.0,3700.0,148000.0,2024-04-10
2024041005005243,BBC,5,29,20.0,3700.0,74000.0,2024-04-10
2024041005005242,BBC,50,29,10.0,3700.0,37000.0,2024-04-10
2024041005005241,BBC,6,29,100.0,3700.0,370000.0,2024-04-10
2024041005005240,BBC,55,29,20.0,3700.0,74000.0,2024-04-10
2024041005005239,BBC,32,29,20.0,3700.0,74000.0,2024-04-10
2024041005005238,BBC,33,29,20.0,3702.0,74040.0,2024-04-10
2024041005005237,BBC,34,29,30.0,3705.0,111150.0,2024-04-10
2024041005005236,BBC,34,29,50.0,3705.0,185250.0,2024-04-10
2024041005005235,BBC,54,29,20.0,3705.0,74100.0,2024-04-10
2024041005005234,BBC,57,29,20.0,3705.0,74100.0,2024-04-10
2024041005005233,BBC,8,29,10.0,3705.0,37050.0,2024-04-10
2024041005005232,BBC,57,29,10.0,3719.0,37190.0,2024-04-10
2024041005005231,BBC,14,29,10.0,3720.0,37200.0,2024-04-10
2024041005005230,BBC,42,29,10.0,3720.0,37200.0,2024-04-10
2024041004010025,KPCL,55,33,150.0,403.5,60525.0,2024-04-10
2024041001029461,HATHY,34,28,99.0,861.0,85239.0,2024-04-10
2024041001029460,HATHY,89,28,264.0,861.0,227304.0,2024-04-10
2024041001029459,HATHY,25,28,100.0,861.5,86150.0,2024-04-10
2024041001029458,HATHY,38,28,37.0,862.0,31894.0,2024-04-10
2024041001029457,HATHY,49,28,100.0,863.0,86300.0,2024-04-10
2024041004010024,CGH,34,60,20.0,810.0,16200.0,2024-04-10
2024041003015038,USLB,62,72,57.0,1852.0,105564.0,2024-04-10
2024041003015037,USLB,62,58,100.0,1850.0,185000.0,2024-04-10
2024041003015036,USLB,62,36,70.0,1850.0,129500.0,2024-04-10
2024041003015035,USLB,62,14,10.0,1850.0,18500.0,2024-04-10
2024041003015034,USLB,62,58,13.0,1850.0,24050.0,2024-04-10
2024041003015033,USLB,62,72,50.0,1850.0,92500.0,2024-04-10
2024041001029456,UHEWA,56,57,50.0,380.2,19010.0,2024-04-10
2024041001029455,UHEWA,21,57,220.0,381.0,83820.0,2024-04-10
2024041001029454,ILI,1,14,100.0,551.1,55110.0,2024-04-10
2024041001029453,SARBTM,42,25,20.0,847.9,16958.0,2024-04-10
2024041003015032,LLBS,16,36,20.0,883.0,17660.0,2024-04-10
2024041003015031,LLBS,33,36,500.0,883.0,441500.0,2024-04-10
2024041001029452,CYCL,62,56,10.0,1713.1,17131.0,2024-04-10
2024041001029451,MKCL,47,29,25.0,928.0,23200.0,2024-04-10
2024041003015030,SINDU,8,45,200.0,359.9,71980.0,2024-04-10
2024041005005229,HRL,53,58,10.0,611.0,6110.0,2024-04-10
2024041003015029,PMLI,50,21,10.0,512.0,5120.0,2024-04-10
2024041001029450,NYADI,43,44,120.0,303.6,36432.0,2024-04-10
2024041001029449,MEL,42,6,180.0,229.2,41256.0,2024-04-10
2024041001029448,MEL,6,6,20.0,229.2,4584.0,2024-04-10
2024041003015028,SLBBL,33,26,100.0,659.0,65900.0,2024-04-10
2024041004010023,NGPL,17,49,30.0,315.1,9453.0,2024-04-10
2024041003015027,GLBSL,72,62,100.0,1960.0,196000.0,2024-04-10
2024041001029447,SNLI,13,35,90.0,597.1,53739.0,2024-04-10
2024041001029446,SNLI,19,35,10.0,597.2,5972.0,2024-04-10
2024041004010022,CHCL,17,50,10.0,454.0,4540.0,2024-04-10
2024041003015026,PFL,57,35,10.0,501.0,5010.0,2024-04-10
2024041003015025,FMDBL,62,14,10.0,618.1,6181.0,2024-04-10
2024041004010021,NLG,34,52,102.0,774.0,78948.0,2024-04-10
2024041004010020,NLG,34,57,150.0,773.0,115950.0,2024-04-10
2024041004010019,NLG,34,67,490.0,771.0,377790.0,2024-04-10
2024041001029445,PPL,62,34,10.0,624.5,6245.0,2024-04-10
2024041003015024,PMLI,50,34,10.0,512.0,5120.0,2024-04-10
2024041004010018,SSHL,17,42,1910.0,163.1,311521.0,2024-04-10
2024041001029444,SARBTM,42,43,30.0,847.9,25437.0,2024-04-10
2024041003015023,ALBSL,6,32,25.0,720.0,18000.0,2024-04-10
2024041003015022,ALBSL,6,38,50.0,717.0,35850.0,2024-04-10
2024041003015021,ALBSL,6,29,10.0,716.0,7160.0,2024-04-10
2024041003015020,ALBSL,6,50,10.0,715.5,7155.0,2024-04-10
2024041003015019,ILBS,16,45,610.0,935.1,570411.0,2024-04-10
2024041003015018,SHINE,57,18,100.0,367.0,36700.0,2024-04-10
