transaction,symbol,buyer,seller,quantity,rate,amount,date
2024100603005376,MFIL,44,19,10.0,730.0,7300.0,2024-10-06
2024100603005375,MFIL,44,58,10.0,730.0,7300.0,2024-10-06
2024100603005374,MFIL,44,34,42.0,730.0,30660.0,2024-10-06
2024100603005373,MFIL,44,87,300.0,730.0,219000.0,2024-10-06
2024100603005372,MFIL,44,6,20.0,730.0,14600.0,2024-10-06
2024100603005371,MFIL,44,29,300.0,730.0,219000.0,2024-10-06
2024100603005370,MFIL,44,38,10.0,729.3,7293.0,2024-10-06
2024100603005369,MFIL,44,87,300.0,729.0,218700.0,2024-10-06
2024100603005368,MFIL,44,57,184.0,729.0,134136.0,2024-10-06
2024100603005367,MFIL,44,7,20.0,728.0,14560.0,2024-10-06
2024100603005366,MFIL,44,21,50.0,728.0,36400.0,2024-10-06
2024100603005365,MFIL,44,58,10.0,728.0,7280.0,2024-10-06
2024100603005364,MFIL,44,26,660.0,727.5,480150.0,2024-10-06
2024100605007377,RNLI,1,29,10.0,498.0,4980.0,2024-10-06
2024100605007376,RNLI,1,57,11.0,498.0,5478.0,2024-10-06
2024100605007375,RNLI,1,49,11.0,498.0,5478.0,2024-10-06
2024100605007374,RNLI,1,45,11.0,498.0,5478.0,2024-10-06
2024100605007373,RNLI,1,19,11.0,498.0,5478.0,2024-10-06
2024100605007372,RNLI,1,32,11.0,498.0,5478.0,2024-10-06
2024100605007371,RNLI,1,29,11.0,498.0,5478.0,2024-10-06
2024100605007370,RNLI,1,58,11.0,498.0,5478.0,2024-10-06
2024100605007369,RNLI,1,42,11.0,498.0,5478.0,2024-10-06
2024100603005363,GFCL,26,74,285.0,1040.0,296400.0,2024-10-06
2024100605007368,ILI,38,21,12.0,492.0,5904.0,2024-10-06
2024100605007367,HIDCL,28,22,72.0,270.0,19440.0,2024-10-06
2024100605007366,HIDCL,45,22,28.0,270.0,7560.0,2024-10-06
2024100605007365,HRL,84,57,20.0,822.0,16440.0,2024-10-06
2024100605007364,SHIVM,35,58,500.0,603.0,301500.0,2024-10-06
2024100605007363,SHIVM,35,44,100.0,603.0,60300.0,2024-10-06
2024100605007362,SHIVM,35,44,171.0,603.0,103113.0,2024-10-06
2024100605007361,SHIVM,35,1,125.0,603.0,75375.0,2024-10-06
2024100605007360,SHIVM,35,32,200.0,602.9,120580.0,2024-10-06
2024100603005362,GFCL,51,74,430.0,1040.0,447200.0,2024-10-06
2024100603005361,SWBBL,52,3,50.0,1010.0,50500.0,2024-10-06
2024100605007359,SAHAS,52,44,50.0,451.0,22550.0,2024-10-06
2024100604004487,BPCL,34,44,500.0,435.0,217500.0,2024-10-06
2024100604004486,NHPC,42,42,100.0,218.5,21850.0,2024-10-06
2024100603005360,NLIC,49,49,8.0,805.0,6440.0,2024-10-06
2024100605007358,NRN,39,58,70.0,940.0,65800.0,2024-10-06
2024100605007357,ILI,38,49,17.0,492.0,8364.0,2024-10-06
2024100604004485,UPPER,5,49,500.0,211.0,105500.0,2024-10-06
2024100604004484,KPCL,62,39,200.0,472.7,94540.0,2024-10-06
2024100603005359,PROFL,54,21,100.0,626.0,62600.0,2024-10-06
2024100605007356,SHIVM,48,8,26.0,602.0,15652.0,2024-10-06
2024100601005653,KBL,74,44,32.0,222.0,7104.0,2024-10-06
2024100601005652,KBL,74,13,91.0,222.0,20202.0,2024-10-06
2024100601005651,KBL,74,32,60.0,222.0,13320.0,2024-10-06
2024100601005650,KBL,74,68,360.0,222.0,79920.0,2024-10-06
2024100601005649,KBL,74,34,433.0,222.0,96126.0,2024-10-06
2024100601005648,KBL,74,29,1250.0,222.0,277500.0,2024-10-06
2024100601005647,KBL,74,49,474.0,222.0,105228.0,2024-10-06
2024100601005646,KBL,74,52,500.0,221.9,110950.0,2024-10-06
2024100601005645,KBL,74,43,100.0,221.9,22190.0,2024-10-06
2024100601005644,KBL,74,6,1000.0,221.7,221700.0,2024-10-06
2024100601005643,KBL,74,17,500.0,221.5,110750.0,2024-10-06
2024100601005642,KBL,74,43,200.0,221.5,44300.0,2024-10-06
2024100603005358,ICFC,45,49,15.0,752.0,11280.0,2024-10-06
2024100603005357,ICFC,45,57,20.0,752.0,15040.0,2024-10-06
2024100603005356,ICFC,45,47,465.0,751.0,349215.0,2024-10-06
2024100601005641,SBL,6,39,161.0,336.0,54096.0,2024-10-06
2024100605007355,NRN,47,58,40.0,940.0,37600.0,2024-10-06
2024100605007354,MEL,38,29,10.0,295.3,2953.0,2024-10-06
2024100605007353,VLUCL,38,38,10.0,580.2,5802.0,2024-10-06
2024100604004483,SSHL,38,34,57.0,215.0,12255.0,2024-10-06
2024100604004482,SSHL,38,33,40.0,215.0,8600.0,2024-10-06
2024100604004481,SSHL,38,46,80.0,215.0,17200.0,2024-10-06
2024100604004480,SSHL,38,26,100.0,215.0,21500.0,2024-10-06
2024100604004479,SSHL,38,42,23.0,215.0,4945.0,2024-10-06
2024100604004478,SSHL,38,13,100.0,215.0,21500.0,2024-10-06
2024100603005355,KSBBL,65,28,100.0,455.0,45500.0,2024-10-06
2024100605007352,SHIVM,65,8,45.0,602.0,27090.0,2024-10-06
2024100601020152,SNLI,34,58,10.0,597.1,5971.0,2024-10-06
2024100601020151,RHGCL,34,54,10.0,389.0,3890.0,2024-10-06
2024100603015952,GUFL,34,41,20.0,776.0,15520.0,2024-10-06
2024100604015121,NGPL,34,28,590.0,437.0,257830.0,2024-10-06
2024100604015120,SHEL,49,50,10.0,248.5,2485.0,2024-10-06
2024100601020150,CYCL,83,49,479.0,1535.6,735552.4,2024-10-06
2024100601020149,CYCL,77,49,11.0,1539.9,16938.9,2024-10-06
2024100601020148,CYCL,58,49,10.0,1540.1,15401.0,2024-10-06
2024100605018635,NRN,58,49,10.0,964.0,9640.0,2024-10-06
2024100603015951,GRDBL,71,49,10.0,723.2,7232.0,2024-10-06
2024100601020147,MAKAR,32,29,10.0,479.0,4790.0,2024-10-06
2024100603015950,JSLBB,62,36,10.0,1662.6,16626.0,2024-10-06
2024100605018634,NBF3,49,49,3500.0,8.5,29750.0,2024-10-06
2024100601020146,MEHL,55,21,500.0,377.9,188950.0,2024-10-06
2024100601020145,MEHL,55,46,500.0,377.7,188850.0,2024-10-06
2024100603015949,PFL,32,37,32.0,665.0,21280.0,2024-10-06
2024100603015948,PFL,32,34,50.0,665.0,33250.0,2024-10-06
2024100603015947,PFL,32,7,18.0,665.0,11970.0,2024-10-06
2024100601020144,MSHL,32,55,50.0,957.0,47850.0,2024-10-06
2024100601020143,MSHL,32,58,100.0,956.0,95600.0,2024-10-06
2024100601020142,MSHL,32,41,50.0,953.7,47685.0,2024-10-06
2024100601020141,MSHL,32,4,10.0,950.0,9500.0,2024-10-06
2024100601020140,MSHL,32,64,10.0,950.0,9500.0,2024-10-06
2024100601020139,MSHL,32,22,10.0,950.0,9500.0,2024-10-06
2024100601020138,MSHL,32,16,10.0,950.0,9500.0,2024-10-06
2024100601020137,MSHL,32,45,10.0,950.0,9500.0,2024-10-06
2024100601020136,MSHL,32,17,80.0,950.0,76000.0,2024-10-06
2024100601020135,MSHL,32,19,100.0,949.0,94900.0,2024-10-06
2024100601020134,MSHL,32,38,10.0,948.6,9486.0,2024-10-06
2024100601020133,MSHL,32,40,55.0,948.0,52140.0,2024-10-06
2024100601020132,UHEWA,32,91,20.0,503.0,10060.0,2024-10-06
2024100605018633,SONA,32,21,200.0,496.0,99200.0,2024-10-06
2024100605018632,SONA,32,47,300.0,496.0,148800.0,2024-10-06
2024100605018631,NRN,58,32,500.0,964.0,482000.0,2024-10-06
2024100604015119,AHPC,13,57,10.0,276.0,2760.0,2024-10-06
2024100604015118,HEI,52,18,100.0,668.1,66810.0,2024-10-06
2024100604015117,HEI,52,7,12.0,668.0,8016.0,2024-10-06
2024100604015116,HEI,52,34,62.0,667.0,41354.0,2024-10-06
2024100601020131,MKJC,77,61,10.0,479.0,4790.0,2024-10-06
2024100604015115,NHPC,45,5,337.0,220.0,74140.0,2024-10-06
2024100604015114,NHPC,45,5,500.0,220.0,110000.0,2024-10-06
2024100604015113,NHPC,45,5,1000.0,220.0,220000.0,2024-10-06
2024100604015112,NHPC,1,5,100.0,220.0,22000.0,2024-10-06
2024100604015111,NHPC,47,5,63.0,220.0,13860.0,2024-10-06
2024100604015110,SPDL,44,49,14.0,319.0,4466.0,2024-10-06
2024100604015109,SPDL,44,8,100.0,319.0,31900.0,2024-10-06
2024100604015108,SPDL,44,90,100.0,318.0,31800.0,2024-10-06
2024100604015107,SPDL,44,44,200.0,318.0,63600.0,2024-10-06
2024100604015106,SPDL,44,85,94.0,317.1,29807.4,2024-10-06
2024100604015105,SPDL,44,90,100.0,317.0,31700.0,2024-10-06
2024100604015104,SPDL,44,44,500.0,317.0,158500.0,2024-10-06
2024100604015103,SPDL,44,17,34.0,317.0,10778.0,2024-10-06
2024100604015102,SPDL,44,51,500.0,316.2,158100.0,2024-10-06
2024100604015101,SPDL,44,56,50.0,316.1,15805.0,2024-10-06
2024100604015100,SPDL,44,45,500.0,315.0,157500.0,2024-10-06
2024100604015099,SPDL,44,4,50.0,315.0,15750.0,2024-10-06
2024100604015098,SPDL,44,21,100.0,315.0,31500.0,2024-10-06
2024100604015097,SPDL,44,49,330.0,315.0,103950.0,2024-10-06
2024100604015096,SPDL,44,43,50.0,315.0,15750.0,2024-10-06
2024100604015095,SPDL,44,25,278.0,315.0,87570.0,2024-10-06
2024100603015946,SLBBL,52,44,100.0,1033.0,103300.0,2024-10-06
2024100603015945,EDBL,44,99,14.0,665.0,9310.0,2024-10-06
2024100603015944,EDBL,44,43,21.0,664.0,13944.0,2024-10-06
2024100601020130,TAMOR,25,58,230.0,484.0,111320.0,2024-10-06
2024100603015943,SLBBL,52,25,300.0,1033.0,309900.0,2024-10-06
2024100601020129,UNLB,38,45,30.0,2518.0,75540.0,2024-10-06
2024100601020128,UNLB,38,57,20.0,2517.0,50340.0,2024-10-06
2024100601020127,UNLB,38,45,50.0,2510.0,125500.0,2024-10-06
2024100604015094,NLG,59,38,69.0,1311.0,90459.0,2024-10-06
2024100605018630,MEL,1,14,33.0,295.6,9754.8,2024-10-06
2024100605018629,MEL,1,10,10.0,295.0,2950.0,2024-10-06
2024100601020126,BGWT,42,38,10.0,916.0,9160.0,2024-10-06
2024100603015942,NFS,74,38,50.0,1494.8,74740.0,2024-10-06
2024100601020125,MEHL,55,38,10.0,377.5,3775.0,2024-10-06
2024100603015941,SLBBL,52,42,123.0,1033.0,127059.0,2024-10-06
2024100601020124,AHL,42,49,20.0,650.0,13000.0,2024-10-06
2024100604015093,GLH,42,50,10.0,240.5,2405.0,2024-10-06
2024100605018628,NRN,42,45,50.0,965.0,48250.0,2024-10-06
2024100603015940,GFCL,74,42,42.0,1084.0,45528.0,2024-10-06
2024100603015939,GFCL,34,42,100.0,1084.0,108400.0,2024-10-06
2024100603015938,GFCL,46,42,20.0,1084.0,21680.0,2024-10-06
2024100603015937,GFCL,28,42,90.0,1084.1,97569.0,2024-10-06
2024100604015092,LEC,5,58,105.0,264.0,27720.0,2024-10-06
2024100604015091,LEC,39,58,55.0,265.0,14575.0,2024-10-06
2024100601020123,SBL,65,41,200.0,339.1,67820.0,2024-10-06
2024100605018627,CLI,41,94,20.0,637.0,12740.0,2024-10-06
2024100603015936,KRBL,37,14,427.0,615.0,262605.0,2024-10-06
2024100604015090,JOSHI,17,70,10.0,292.0,2920.0,2024-10-06
2024100601020122,MSHL,64,40,30.0,948.0,28440.0,2024-10-06
2024100601020121,LSL,96,26,760.0,249.9,189924.0,2024-10-06
2024100601020120,LSL,96,14,150.0,249.9,37485.0,2024-10-06
2024100603015935,LBBL,72,55,10.0,486.2,4862.0,2024-10-06
2024100601020119,LSL,96,25,50.0,249.9,12495.0,2024-10-06
2024100601020118,LSL,96,48,40.0,249.9,9996.0,2024-10-06
2024100603015934,GFCL,72,41,10.0,1085.0,10850.0,2024-10-06
2024100601020117,NIMB,29,34,10.0,239.5,2395.0,2024-10-06
2024100601020116,NIMB,29,32,50.0,239.0,11950.0,2024-10-06
2024100601020115,NIMB,29,6,90.0,238.0,21420.0,2024-10-06
2024100604015089,RHPL,29,71,20.0,388.0,7760.0,2024-10-06
2024100601020114,PPL,6,45,100.0,465.3,46530.0,2024-10-06
2024100601020113,CYCL,45,43,13.0,1545.0,20085.0,2024-10-06
2024100605018626,NRN,95,45,10.0,965.0,9650.0,2024-10-06
2024100605018625,NRM,47,25,107.0,455.0,48685.0,2024-10-06
2024100605018624,NRM,47,1,50.0,455.0,22750.0,2024-10-06
2024100605018623,NRM,47,37,10.0,454.9,4549.0,2024-10-06
2024100605018622,NRM,47,58,10.0,454.9,4549.0,2024-10-06
2024100605018621,NRM,47,57,10.0,454.0,4540.0,2024-10-06
2024100605018620,NRM,47,58,10.0,454.0,4540.0,2024-10-06
2024100605018619,NRM,47,38,10.0,453.9,4539.0,2024-10-06
2024100605018618,NRM,47,56,10.0,453.9,4539.0,2024-10-06
2024100605018617,NRM,47,47,200.0,453.9,90780.0,2024-10-06
2024100605018616,NRM,47,29,642.0,453.3,291018.6,2024-10-06
2024100605018615,NRM,47,38,10.0,453.2,4532.0,2024-10-06
2024100605018614,NRM,47,52,100.0,452.0,45200.0,2024-10-06
2024100605018613,NRM,47,14,10.0,451.8,4518.0,2024-10-06
2024100605018612,NRM,47,6,150.0,451.0,67650.0,2024-10-06
2024100605018611,NRM,47,45,10.0,451.0,4510.0,2024-10-06
2024100605018610,NRM,47,21,10.0,451.0,4510.0,2024-10-06
2024100605018609,NRM,47,57,10.0,451.0,4510.0,2024-10-06
2024100605018608,NRM,47,8,30.0,451.0,13530.0,2024-10-06
2024100605018607,NRM,47,25,10.0,450.8,4508.0,2024-10-06
2024100605018606,NRM,47,42,10.0,450.5,4505.0,2024-10-06
2024100605018605,NRM,47,21,91.0,450.0,40950.0,2024-10-06
2024100601020112,AVYAN,66,38,10.0,910.0,9100.0,2024-10-06
2024100601020111,AVYAN,66,7,10.0,907.8,9078.0,2024-10-06
2024100604015088,PPCL,57,38,10.0,250.5,2505.0,2024-10-06
2024100604015087,LEC,50,22,480.0,266.0,127680.0,2024-10-06
2024100604015086,LEC,50,22,20.0,266.0,5320.0,2024-10-06
2024100601020110,NESDO,50,49,10.0,2265.0,22650.0,2024-10-06
2024100601020109,SMH,16,58,10.0,1085.0,10850.0,2024-10-06
2024100605018604,NRIC,16,34,10.0,819.9,8199.0,2024-10-06
2024100603015933,SADBL,63,63,500.0,426.6,213300.0,2024-10-06
2024100605018603,ILI,28,6,18.0,495.0,8910.0,2024-10-06
2024100605018602,ILI,28,49,12.0,495.0,5940.0,2024-10-06
2024100601020108,NWCL,17,8,10.0,1042.0,10420.0,2024-10-06
2024100601020107,TSHL,8,52,10.0,886.0,8860.0,2024-10-06
2024100605018601,HRL,42,34,100.0,831.3,83130.0,2024-10-06
2024100603015932,SLBBL,34,38,10.0,1035.0,10350.0,2024-10-06
2024100603015931,PMLI,47,34,100.0,570.0,57000.0,2024-10-06
2024100603015930,SHINE,62,51,10.0,489.5,4895.0,2024-10-06
2024100604015085,NLG,59,62,600.0,1311.0,786600.0,2024-10-06
2024100604015084,NICL,34,4,10.0,1010.0,10100.0,2024-10-06
2024100603015929,MDB,62,65,135.0,644.0,86940.0,2024-10-06
2024100603015928,MDB,62,1,10.0,643.9,6439.0,2024-10-06
2024100603015927,MDB,62,21,15.0,643.9,9658.5,2024-10-06
2024100603015926,MDB,62,11,40.0,642.8,25712.0,2024-10-06
2024100601020106,RAWA,29,62,110.0,731.0,80410.0,2024-10-06
2024100601020105,RAWA,45,62,40.0,735.0,29400.0,2024-10-06
2024100601020104,HHL,32,62,10.0,447.0,4470.0,2024-10-06
2024100604015083,MHNL,32,41,10.0,267.0,2670.0,2024-10-06
2024100601020103,EHPL,84,54,10.0,997.0,9970.0,2024-10-06
2024100605018600,NRN,58,49,1000.0,964.0,964000.0,2024-10-06
2024100601020102,SGHC,49,46,10.0,384.0,3840.0,2024-10-06
2024100604015082,MHNL,49,41,10.0,267.0,2670.0,2024-10-06
2024100604015081,TRH,11,95,20.0,1123.9,22478.0,2024-10-06
2024100601020101,MCHL,13,39,10.0,499.8,4998.0,2024-10-06
2024100605018599,SHIVM,13,47,50.0,609.5,30475.0,2024-10-06
2024100601020100,TSHL,52,52,10.0,886.0,8860.0,2024-10-06
2024100605018598,SAHAS,75,59,110.0,489.0,53790.0,2024-10-06
2024100601020099,HIDCLP,28,48,819.0,178.0,145782.0,2024-10-06
2024100601020098,HIDCLP,28,58,100.0,178.0,17800.0,2024-10-06
2024100601020097,HIDCLP,28,33,2000.0,178.0,356000.0,2024-10-06
2024100601020096,HIDCLP,28,66,100.0,178.0,17800.0,2024-10-06
2024100601020095,HIDCLP,28,58,30.0,178.0,5340.0,2024-10-06
2024100601020094,HIDCLP,28,7,200.0,178.0,35600.0,2024-10-06
2024100601020093,HIDCLP,28,34,30.0,178.0,5340.0,2024-10-06
2024100601020092,HIDCLP,28,51,500.0,178.0,89000.0,2024-10-06
2024100601020091,HIDCLP,28,17,1000.0,177.9,177900.0,2024-10-06
2024100601020090,HIDCLP,28,67,2500.0,177.9,444750.0,2024-10-06
2024100601020089,HIDCLP,28,49,1000.0,177.8,177800.0,2024-10-06
2024100601020088,HIDCLP,28,60,2000.0,177.8,355600.0,2024-10-06
2024100601020087,HIDCLP,28,84,30.0,177.8,5334.0,2024-10-06
2024100601020086,HIDCLP,28,34,500.0,177.8,88900.0,2024-10-06
2024100601020085,HIDCLP,28,25,50.0,177.4,8870.0,2024-10-06
2024100601020084,HIDCLP,28,28,4000.0,177.4,709600.0,2024-10-06
2024100601020083,HIDCLP,28,29,1000.0,177.4,177400.0,2024-10-06
2024100601020082,HIDCLP,28,39,100.0,177.4,17740.0,2024-10-06
2024100601020081,HIDCLP,28,22,500.0,177.3,88650.0,2024-10-06
2024100601020080,HIDCLP,28,34,200.0,177.3,35460.0,2024-10-06
2024100601020079,HIDCLP,28,57,155.0,177.3,27481.5,2024-10-06
2024100601020078,HIDCLP,28,35,16.0,177.2,2835.2,2024-10-06
2024100601020077,HIDCLP,28,52,1000.0,177.1,177100.0,2024-10-06
2024100601020076,HIDCLP,28,14,60.0,177.0,10620.0,2024-10-06
2024100601020075,HIDCLP,28,58,1240.0,177.0,219480.0,2024-10-06
2024100601020074,HIDCLP,28,22,50.0,177.0,8850.0,2024-10-06
2024100601020073,HIDCLP,28,39,100.0,177.0,17700.0,2024-10-06
2024100601020072,HIDCLP,28,17,330.0,177.0,58410.0,2024-10-06
2024100601020071,HIDCLP,28,66,390.0,177.0,69030.0,2024-10-06
2024100605018597,CHDC,70,48,14.0,1784.0,24976.0,2024-10-06
2024100605018596,CLI,94,94,20.0,637.0,12740.0,2024-10-06
2024100605018595,CLI,94,47,10.0,636.0,6360.0,2024-10-06
2024100605018594,CLI,94,52,10.0,636.0,6360.0,2024-10-06
2024100605018593,CLI,94,6,10.0,636.0,6360.0,2024-10-06
2024100603015925,NADEP,66,44,40.0,1060.0,42400.0,2024-10-06
2024100603015924,JBBL,35,45,50.0,358.0,17900.0,2024-10-06
2024100601020070,EHPL,56,54,194.0,997.0,193418.0,2024-10-06
2024100601020069,EHPL,56,57,290.0,970.0,281300.0,2024-10-06
2024100601020068,EHPL,56,6,200.0,845.5,169100.0,2024-10-06
2024100601020067,EHPL,56,45,375.0,834.4,312900.0,2024-10-06
2024100601020066,EHPL,56,6,150.0,834.4,125160.0,2024-10-06
2024100601020065,EHPL,56,42,200.0,834.4,166880.0,2024-10-06
2024100601020064,EHPL,56,28,20.0,834.4,16688.0,2024-10-06
2024100601020063,EHPL,56,6,173.0,834.0,144282.0,2024-10-06
2024100601020062,EHPL,56,42,300.0,834.0,250200.0,2024-10-06
2024100601020061,EHPL,56,29,220.0,833.0,183260.0,2024-10-06
2024100601020060,EHPL,56,29,878.0,818.1,718291.8,2024-10-06
2024100603015923,NFS,74,3,600.0,1494.8,896880.0,2024-10-06
2024100603015922,GRDBL,20,89,10.0,730.0,7300.0,2024-10-06
2024100603015921,GLBSL,58,38,10.0,1640.1,16401.0,2024-10-06
2024100605018592,HRL,42,1,71.0,831.3,59022.3,2024-10-06
2024100605018591,HRL,7,1,29.0,831.3,24107.7,2024-10-06
2024100604015080,SGIC,1,4,10.0,670.0,6700.0,2024-10-06
2024100601020059,SRLI,33,57,10.0,450.0,4500.0,2024-10-06
2024100603015920,LICN,50,1,50.0,2101.0,105050.0,2024-10-06
2024100603015919,SFCL,49,33,100.0,654.0,65400.0,2024-10-06
2024100604015079,HDHPC,38,16,100.0,213.1,21310.0,2024-10-06
2024100604015078,KPCL,42,35,20.0,485.8,9716.0,2024-10-06
2024100604015077,KPCL,42,49,30.0,485.8,14574.0,2024-10-06
2024100601020058,USHL,42,34,10.0,795.0,7950.0,2024-10-06
2024100603015918,GBBL,51,42,325.0,454.0,147550.0,2024-10-06
2024100604015076,UPPER,28,37,377.0,214.5,80866.5,2024-10-06
2024100604015075,UPPER,32,37,10.0,214.5,2145.0,2024-10-06
2024100604015074,UPPER,41,37,13.0,214.6,2789.8,2024-10-06
2024100604015073,UPPER,13,37,100.0,214.6,21460.0,2024-10-06
2024100601020057,GVL,88,3,48.0,561.0,26928.0,2024-10-06
2024100601020056,GVL,88,50,100.0,560.9,56090.0,2024-10-06
2024100601020055,GVL,88,1,50.0,560.9,28045.0,2024-10-06
2024100601020054,GVL,88,45,10.0,560.0,5600.0,2024-10-06
2024100601020053,GVL,88,45,100.0,560.0,56000.0,2024-10-06
2024100601020052,GVL,88,32,10.0,560.0,5600.0,2024-10-06
2024100601020051,GVL,88,21,10.0,560.0,5600.0,2024-10-06
2024100601020050,GVL,88,14,100.0,559.9,55990.0,2024-10-06
2024100601020049,GVL,88,44,50.0,559.7,27985.0,2024-10-06
2024100601020048,GVL,88,3,10.0,559.0,5590.0,2024-10-06
2024100601020047,GVL,88,14,100.0,558.9,55890.0,2024-10-06
2024100601020046,GVL,88,96,100.0,558.0,55800.0,2024-10-06
2024100601020045,GVL,88,74,10.0,557.0,5570.0,2024-10-06
2024100601020044,GVL,88,44,50.0,556.0,27800.0,2024-10-06
2024100601020043,GVL,88,96,100.0,556.0,55600.0,2024-10-06
2024100601020042,GVL,88,98,50.0,555.0,27750.0,2024-10-06
2024100601020041,GVL,88,58,10.0,555.0,5550.0,2024-10-06
2024100601020040,GVL,88,76,100.0,555.0,55500.0,2024-10-06
2024100601020039,GVL,88,96,88.0,555.0,48840.0,2024-10-06
2024100601020038,GVL,88,14,10.0,554.0,5540.0,2024-10-06
2024100601020037,GVL,88,49,10.0,554.0,5540.0,2024-10-06
2024100601020036,GVL,88,54,70.0,554.0,38780.0,2024-10-06
2024100601020035,GVL,88,40,185.0,552.0,102120.0,2024-10-06
2024100601020034,GVL,88,43,154.0,550.0,84700.0,2024-10-06
2024100604015072,SALICO,94,26,140.0,753.0,105420.0,2024-10-06
2024100603015917,JFL,34,26,100.0,641.0,64100.0,2024-10-06
2024100603015916,JFL,43,26,73.0,644.0,47012.0,2024-10-06
2024100603015915,PROFL,17,47,20.0,643.0,12860.0,2024-10-06
2024100605018590,NIFRA,50,17,139.0,286.0,39754.0,2024-10-06
2024100605018589,NIFRA,54,17,10.0,286.0,2860.0,2024-10-06
2024100605018588,NIFRA,32,17,51.0,286.0,14586.0,2024-10-06
2024100605018587,NIFRA,53,34,1810.0,287.0,519470.0,2024-10-06
2024100605018586,NIFRA,53,51,190.0,286.9,54511.0,2024-10-06
2024100605018585,PHCL,17,40,10.0,365.0,3650.0,2024-10-06
2024100601020033,EHPL,64,29,10.0,818.1,8181.0,2024-10-06
2024100603015914,NFS,72,13,10.0,1494.9,14949.0,2024-10-06
2024100603015913,NFS,71,14,10.0,1494.9,14949.0,2024-10-06
2024100601020032,NABIL,45,56,50.0,574.0,28700.0,2024-10-06
2024100601020031,NABIL,45,13,150.0,574.0,86100.0,2024-10-06
2024100604015071,KKHC,45,59,10.0,272.0,2720.0,2024-10-06
2024100604015070,KKHC,45,59,10.0,272.0,2720.0,2024-10-06
2024100604015069,KKHC,45,1,148.0,272.0,40256.0,2024-10-06
2024100604015068,KKHC,45,41,300.0,271.9,81570.0,2024-10-06
2024100601020030,PRVU,59,57,200.0,245.0,49000.0,2024-10-06
2024100603015912,KRBL,60,14,20.0,615.0,12300.0,2024-10-06
2024100601020029,SBL,50,47,57.0,340.0,19380.0,2024-10-06
2024100601020028,BHDC,50,51,10.0,595.0,5950.0,2024-10-06
2024100603015911,NFS,74,63,500.0,1494.8,747400.0,2024-10-06
2024100601020027,NWCL,19,11,10.0,1050.0,10500.0,2024-10-06
2024100603015910,MATRI,62,57,10.0,1479.0,14790.0,2024-10-06
2024100603015909,JSLBB,62,36,10.0,1662.6,16626.0,2024-10-06
2024100603015908,SAPDBL,45,55,450.0,555.0,249750.0,2024-10-06
2024100603015907,SAPDBL,34,55,350.0,556.0,194600.0,2024-10-06
2024100603015906,SAPDBL,45,55,100.0,557.0,55700.0,2024-10-06
2024100603015905,SAPDBL,22,55,100.0,557.2,55720.0,2024-10-06
2024100604015067,BPCL,34,72,10.0,449.0,4490.0,2024-10-06
2024100601020026,NWCL,45,62,10.0,1049.0,10490.0,2024-10-06
2024100601020025,NESDO,62,49,20.0,2265.0,45300.0,2024-10-06
2024100605018584,NRN,58,34,10.0,964.0,9640.0,2024-10-06
2024100603015904,SADBL,34,63,1000.0,426.6,426600.0,2024-10-06
2024100604015066,API,25,34,111.0,299.0,33189.0,2024-10-06
2024100605018583,NRN,34,45,26.0,965.0,25090.0,2024-10-06
2024100605018582,NRN,34,55,80.0,965.0,77200.0,2024-10-06
2024100603015903,SFCL,49,26,85.0,654.0,55590.0,2024-10-06
2024100603015902,SFCL,49,45,280.0,654.0,183120.0,2024-10-06
2024100604015065,GHL,82,13,360.0,220.1,79236.0,2024-10-06
2024100604015064,GHL,36,13,140.0,220.7,30898.0,2024-10-06
2024100603015901,SLBBL,52,52,111.0,1033.0,114663.0,2024-10-06
2024100601020024,RAWA,67,44,2000.0,757.8,1515600.0,2024-10-06
2024100601020023,RAWA,67,56,130.0,757.3,98449.0,2024-10-06
2024100601020022,RAWA,67,49,20.0,757.0,15140.0,2024-10-06
2024100601020021,RAWA,67,34,50.0,754.0,37700.0,2024-10-06
2024100601020020,RAWA,67,44,482.0,754.0,363428.0,2024-10-06
2024100601020019,RAWA,67,58,30.0,750.0,22500.0,2024-10-06
2024100601020018,RAWA,67,61,300.0,750.0,225000.0,2024-10-06
2024100601020017,RAWA,67,44,400.0,748.0,299200.0,2024-10-06
2024100601020016,RAWA,67,41,150.0,745.0,111750.0,2024-10-06
2024100601020015,RAWA,67,6,10.0,744.6,7446.0,2024-10-06
2024100601020014,RAWA,67,32,50.0,744.6,37230.0,2024-10-06
2024100601020013,RAWA,67,45,100.0,744.5,74450.0,2024-10-06
2024100601020012,RAWA,67,62,150.0,744.0,111600.0,2024-10-06
2024100601020011,RAWA,67,21,50.0,744.0,37200.0,2024-10-06
2024100601020010,RAWA,67,26,10.0,744.0,7440.0,2024-10-06
2024100601020009,RAWA,67,5,450.0,743.0,334350.0,2024-10-06
2024100601020008,EHPL,28,29,10.0,818.1,8181.0,2024-10-06
2024100601020007,EHPL,28,29,10.0,818.1,8181.0,2024-10-06
2024100605018581,CHDC,28,48,35.0,1784.0,62440.0,2024-10-06
2024100604015063,SPIL,44,45,10.0,869.0,8690.0,2024-10-06
2024100604015062,NHPC,44,85,10.0,221.0,2210.0,2024-10-06
2024100605018580,RNLI,85,22,37.0,506.0,18722.0,2024-10-06
2024100605018579,RNLI,85,13,11.0,506.0,5566.0,2024-10-06
2024100605018578,RNLI,85,45,11.0,506.0,5566.0,2024-10-06
2024100605018577,RNLI,85,46,11.0,506.0,5566.0,2024-10-06
2024100605018576,RNLI,85,95,11.0,506.0,5566.0,2024-10-06
2024100605018575,RNLI,85,35,100.0,505.5,50550.0,2024-10-06
2024100605018574,RNLI,85,57,11.0,505.5,5560.5,2024-10-06
2024100605018573,RNLI,85,29,11.0,505.4,5559.4,2024-10-06
2024100605018572,RNLI,85,42,11.0,505.2,5557.2,2024-10-06
2024100605018571,RNLI,85,45,50.0,505.0,25250.0,2024-10-06
2024100605018570,RNLI,85,7,436.0,505.0,220180.0,2024-10-06
2024100603015900,ALICL,48,25,149.0,728.0,108472.0,2024-10-06
2024100604015061,IGI,32,33,302.0,615.0,185730.0,2024-10-06
2024100604015060,PMHPL,33,34,10.0,270.0,2700.0,2024-10-06
2024100604015059,CHCL,1,53,18.0,577.0,10386.0,2024-10-06
2024100604015058,CHCL,1,26,206.0,577.0,118862.0,2024-10-06
2024100603015899,EDBL,38,99,10.0,665.0,6650.0,2024-10-06
2024100601020006,NABIL,6,13,255.0,574.0,146370.0,2024-10-06
2024100604015057,RURU,6,21,10.0,860.0,8600.0,2024-10-06
2024100603015898,NMFBS,81,40,20.0,1427.0,28540.0,2024-10-06
2024100604015056,SICL,18,42,100.0,844.0,84400.0,2024-10-06
2024100604015055,RADHI,40,34,128.0,401.0,51328.0,2024-10-06
2024100604015054,RADHI,40,28,30.0,400.9,12027.0,2024-10-06
2024100604015053,RADHI,40,57,10.0,400.8,4008.0,2024-10-06
2024100604015052,RADHI,40,18,100.0,400.0,40000.0,2024-10-06
2024100604015051,RADHI,40,63,100.0,400.0,40000.0,2024-10-06
2024100604015050,RADHI,40,21,109.0,400.0,43600.0,2024-10-06
2024100604015049,RADHI,40,56,100.0,400.0,40000.0,2024-10-06
2024100604015048,RADHI,40,45,78.0,400.0,31200.0,2024-10-06
2024100604015047,RADHI,40,11,100.0,400.0,40000.0,2024-10-06
2024100604015046,RADHI,40,22,64.0,400.0,25600.0,2024-10-06
2024100603015897,GUFL,47,10,100.0,769.0,76900.0,2024-10-06
2024100603015896,GUFL,38,10,100.0,770.0,77000.0,2024-10-06
2024100603015895,GUFL,13,10,50.0,771.1,38555.0,2024-10-06
2024100603015894,GUFL,60,10,50.0,775.1,38755.0,2024-10-06
2024100605018569,RNLI,17,7,64.0,505.0,32320.0,2024-10-06
2024100605018568,RNLI,17,52,14.0,505.0,7070.0,2024-10-06
2024100605018567,RNLI,17,43,11.0,505.0,5555.0,2024-10-06
2024100605018566,RNLI,17,10,11.0,505.0,5555.0,2024-10-06
2024100601020005,CITY,64,6,10.0,857.0,8570.0,2024-10-06
2024100601020004,BHPL,58,39,65.0,674.1,43816.5,2024-10-06
2024100604015045,BPCL,29,72,100.0,449.0,44900.0,2024-10-06
2024100604015044,BPCL,13,72,520.0,449.0,233480.0,2024-10-06
2024100601020003,TVCL,51,74,10.0,468.0,4680.0,2024-10-06
2024100601020002,TVCL,51,34,20.0,468.0,9360.0,2024-10-06
2024100601020001,TVCL,51,49,20.0,468.0,9360.0,2024-10-06
2024100601020000,TVCL,51,19,30.0,468.0,14040.0,2024-10-06
2024100601019999,TVCL,51,4,20.0,468.0,9360.0,2024-10-06
2024100601019998,TVCL,51,19,20.0,467.0,9340.0,2024-10-06
2024100601019997,MKCL,35,45,10.0,1421.0,14210.0,2024-10-06
2024100604015043,RURU,45,21,20.0,860.0,17200.0,2024-10-06
2024100601019996,IHL,72,66,74.0,483.2,35756.8,2024-10-06
2024100601019995,IHL,45,66,20.0,484.6,9692.0,2024-10-06
2024100601019994,IHL,57,66,200.0,485.0,97000.0,2024-10-06
2024100601019993,IHL,19,66,10.0,485.0,4850.0,2024-10-06
2024100601019992,IHL,42,66,71.0,485.0,34435.0,2024-10-06
2024100601019991,IHL,53,66,90.0,485.2,43668.0,2024-10-06
2024100601019990,SBL,65,47,300.0,339.1,101730.0,2024-10-06
2024100605018565,NRN,58,53,100.0,964.0,96400.0,2024-10-06
2024100601019989,MMKJL,58,21,10.0,499.1,4991.0,2024-10-06
2024100603015893,KSBBL,58,1,130.0,457.0,59410.0,2024-10-06
2024100603015892,KSBBL,58,55,10.0,457.0,4570.0,2024-10-06
2024100603015891,KSBBL,58,74,20.0,457.0,9140.0,2024-10-06
2024100603015890,CFCL,57,20,205.0,626.0,128330.0,2024-10-06
2024100603015889,CFCL,57,20,195.0,626.0,122070.0,2024-10-06
2024100604015042,SPIL,57,45,10.0,869.0,8690.0,2024-10-06
2024100604015041,KPCL,57,49,10.0,485.8,4858.0,2024-10-06
2024100605018564,MEL,16,14,956.0,295.6,282593.6,2024-10-06
2024100605018563,MEL,16,14,100.0,295.5,29550.0,2024-10-06
2024100605018562,MEL,16,42,60.0,295.1,17706.0,2024-10-06
2024100605018561,MEL,16,42,20.0,295.0,5900.0,2024-10-06
2024100605018560,MEL,16,13,104.0,293.2,30492.8,2024-10-06
2024100605018559,MEL,16,58,10.0,293.1,2931.0,2024-10-06
2024100601019988,KBL,43,32,26.0,223.0,5798.0,2024-10-06
2024100603015888,JFL,43,49,140.0,644.0,90160.0,2024-10-06
2024100603015887,JFL,43,57,167.0,644.0,107548.0,2024-10-06
2024100603015886,JFL,43,57,50.0,643.0,32150.0,2024-10-06
2024100603015885,JFL,43,11,170.0,642.0,109140.0,2024-10-06
2024100603015884,NFS,74,22,1000.0,1494.8,1494800.0,2024-10-06
2024100604015040,UPCL,14,5,530.0,270.0,143100.0,2024-10-06
2024100601019987,SMHL,14,58,20.0,592.0,11840.0,2024-10-06
2024100601019986,SMHL,14,52,10.0,589.5,5895.0,2024-10-06
2024100601019985,SMHL,14,57,10.0,586.1,5861.0,2024-10-06
2024100601019984,SMHL,14,58,10.0,586.1,5861.0,2024-10-06
2024100601019983,SMHL,14,34,30.0,585.0,17550.0,2024-10-06
2024100601019982,RFPL,84,32,90.0,543.0,48870.0,2024-10-06
2024100601019981,RFPL,84,50,10.0,542.0,5420.0,2024-10-06
2024100604015039,UMHL,11,7,10.0,313.7,3137.0,2024-10-06
2024100604015038,NLG,59,49,20.0,1311.0,26220.0,2024-10-06
2024100601019980,HBL,37,13,200.0,257.0,51400.0,2024-10-06
2024100604015037,RADHI,77,22,486.0,400.0,194400.0,2024-10-06
2024100604015036,RADHI,77,28,100.0,400.0,40000.0,2024-10-06
2024100604015035,RADHI,77,17,30.0,400.0,12000.0,2024-10-06
2024100604015034,RADHI,77,71,300.0,400.0,120000.0,2024-10-06
2024100604015033,RADHI,77,56,100.0,400.0,40000.0,2024-10-06
2024100604015032,RADHI,77,45,989.0,400.0,395600.0,2024-10-06
2024100604015031,RADHI,77,52,179.0,399.9,71582.1,2024-10-06
2024100604015030,RADHI,77,58,13.0,397.0,5161.0,2024-10-06
2024100604015029,RADHI,77,50,203.0,397.0,80591.0,2024-10-06
2024100605018558,CHDC,28,43,10.0,1780.0,17800.0,2024-10-06
2024100604015028,GLH,69,50,11.0,240.5,2645.5,2024-10-06
2024100603015883,NFS,74,72,10.0,1494.8,14948.0,2024-10-06
2024100603015882,NFS,74,38,10.0,1492.0,14920.0,2024-10-06
2024100603015881,NFS,74,70,100.0,1490.0,149000.0,2024-10-06
2024100603015880,NFS,74,21,40.0,1490.0,59600.0,2024-10-06
2024100603015879,NFS,74,78,199.0,1490.0,296510.0,2024-10-06
2024100603015878,NFS,74,58,20.0,1490.0,29800.0,2024-10-06
2024100603015877,NFS,74,17,65.0,1490.0,96850.0,2024-10-06
2024100603015876,NFS,74,22,50.0,1489.9,74495.0,2024-10-06
2024100603015875,NFS,74,11,10.0,1489.9,14899.0,2024-10-06
2024100603015874,NFS,74,94,10.0,1489.9,14899.0,2024-10-06
2024100603015873,NFS,74,21,30.0,1489.0,44670.0,2024-10-06
2024100603015872,NFS,74,21,100.0,1489.0,148900.0,2024-10-06
2024100603015871,NFS,74,7,288.0,1489.0,428832.0,2024-10-06
2024100604015027,UMHL,48,7,10.0,313.7,3137.0,2024-10-06
2024100605018557,SAHAS,56,59,100.0,489.0,48900.0,2024-10-06
2024100604015026,SHPC,35,42,10.0,544.0,5440.0,2024-10-06
2024100604015025,UPPER,7,48,30.0,215.0,6450.0,2024-10-06
2024100605018556,NSIF2,45,7,4000.0,10.37,41480.0,2024-10-06
2024100601019979,BHL,56,38,35.0,436.9,15291.5,2024-10-06
2024100601019978,BHL,56,90,10.0,435.0,4350.0,2024-10-06
2024100601019977,BHL,56,61,205.0,435.0,89175.0,2024-10-06
2024100604015024,GHL,42,16,161.0,222.0,35742.0,2024-10-06
2024100604015023,GHL,42,7,230.0,222.0,51060.0,2024-10-06
2024100604015022,GHL,42,49,100.0,222.0,22200.0,2024-10-06
2024100604015021,GHL,42,74,50.0,222.0,11100.0,2024-10-06
2024100604015020,GHL,42,25,200.0,222.0,44400.0,2024-10-06
2024100604015019,GHL,42,28,350.0,222.0,77700.0,2024-10-06
2024100604015018,GHL,42,45,100.0,221.9,22190.0,2024-10-06
2024100604015017,GHL,42,42,1000.0,221.9,221900.0,2024-10-06
2024100604015016,GHL,42,58,100.0,221.8,22180.0,2024-10-06
2024100604015015,GHL,42,6,120.0,221.3,26556.0,2024-10-06
2024100604015014,GHL,42,58,60.0,221.3,13278.0,2024-10-06
2024100604015013,GHL,42,1,10.0,221.3,2213.0,2024-10-06
2024100604015012,GHL,42,58,20.0,221.1,4422.0,2024-10-06
2024100604015011,GHL,42,4,110.0,221.0,24310.0,2024-10-06
2024100604015010,GHL,42,57,400.0,221.0,88400.0,2024-10-06
2024100604015009,GHL,42,48,50.0,221.0,11050.0,2024-10-06
2024100604015008,GHL,42,49,500.0,221.0,110500.0,2024-10-06
2024100604015007,GHL,42,54,939.0,221.0,207519.0,2024-10-06
2024100604015006,GHL,42,33,500.0,220.9,110450.0,2024-10-06
2024100604015005,SHEL,32,42,50.0,248.0,12400.0,2024-10-06
2024100603015870,GUFL,43,41,100.0,776.0,77600.0,2024-10-06
2024100603015869,GUFL,60,41,20.0,776.0,15520.0,2024-10-06
2024100603015868,GUFL,6,41,50.0,776.0,38800.0,2024-10-06
2024100603015867,GUFL,32,41,20.0,776.5,15530.0,2024-10-06
2024100601019976,USHEC,37,26,10.0,474.0,4740.0,2024-10-06
2024100601019975,ULHC,90,55,10.0,395.0,3950.0,2024-10-06
2024100601019974,ULHC,90,26,10.0,394.3,3943.0,2024-10-06
2024100603015866,EDBL,45,99,10.0,665.0,6650.0,2024-10-06
2024100604015004,HDHPC,58,4,100.0,213.0,21300.0,2024-10-06
2024100601019973,KBL,45,32,96.0,223.0,21408.0,2024-10-06
2024100601019972,KBL,45,59,10.0,223.0,2230.0,2024-10-06
2024100603015865,RLFL,47,45,50.0,633.0,31650.0,2024-10-06
2024100601019971,IHL,21,4,10.0,487.0,4870.0,2024-10-06
2024100604015003,CHL,36,50,200.0,344.5,68900.0,2024-10-06
2024100601019970,NESDO,7,14,10.0,2233.1,22331.0,2024-10-06
2024100604015002,AHPC,49,22,253.0,274.1,69347.3,2024-10-06
2024100604015001,BPCL,13,92,680.0,449.0,305320.0,2024-10-06
2024100604015000,BPCL,43,92,300.0,449.1,134730.0,2024-10-06
2024100603015864,HLI,62,42,10.0,482.0,4820.0,2024-10-06
2024100603015863,SFCL,62,45,20.0,654.0,13080.0,2024-10-06
2024100603015862,PFL,32,7,82.0,665.0,54530.0,2024-10-06
2024100603015861,PFL,32,49,50.0,665.0,33250.0,2024-10-06
2024100603015860,PFL,32,49,10.0,665.0,6650.0,2024-10-06
2024100603015859,PFL,32,6,100.0,664.5,66450.0,2024-10-06
2024100603015858,PFL,32,35,800.0,664.0,531200.0,2024-10-06
2024100603015857,PFL,32,81,500.0,663.6,331800.0,2024-10-06
2024100603015856,PFL,32,54,30.0,663.0,19890.0,2024-10-06
2024100603015855,PFL,32,49,100.0,663.0,66300.0,2024-10-06
2024100603015854,PFL,32,56,202.0,662.7,133865.4,2024-10-06
2024100603015853,PFL,32,66,40.0,662.0,26480.0,2024-10-06
2024100603015852,PFL,32,32,100.0,661.0,66100.0,2024-10-06
2024100603015851,PFL,32,44,500.0,661.0,330500.0,2024-10-06
2024100603015850,PFL,32,51,351.0,661.0,232011.0,2024-10-06
2024100603015849,PFL,32,49,50.0,660.0,33000.0,2024-10-06
2024100603015848,PFL,32,22,85.0,660.0,56100.0,2024-10-06
2024100604014999,UNHPL,19,11,50.0,276.0,13800.0,2024-10-06
2024100605018555,HIDCL,42,49,50.0,278.0,13900.0,2024-10-06
2024100605018554,PHCL,34,40,100.0,365.0,36500.0,2024-10-06
2024100605018553,NICSF,13,48,3000.0,8.49,25470.0,2024-10-06
2024100603015847,LBBL,59,55,11.0,486.2,5348.2,2024-10-06
2024100601019969,HIDCLP,35,66,110.0,177.0,19470.0,2024-10-06
2024100601019968,HIDCLP,35,18,300.0,177.0,53100.0,2024-10-06
2024100601019967,HIDCLP,35,29,190.0,176.9,33611.0,2024-10-06
2024100604014998,SGIC,7,4,10.0,670.0,6700.0,2024-10-06
2024100603015846,GMFIL,29,34,176.0,609.0,107184.0,2024-10-06
2024100603015845,GMFIL,29,45,24.0,608.0,14592.0,2024-10-06
2024100603015844,NUBL,38,42,10.0,720.0,7200.0,2024-10-06
2024100601019966,LSL,43,38,10.0,249.5,2495.0,2024-10-06
2024100603015843,RLFL,42,62,111.0,633.0,70263.0,2024-10-06
2024100604014997,KPCL,10,49,10.0,485.8,4858.0,2024-10-06
2024100601019965,JBLB,45,35,20.0,1525.0,30500.0,2024-10-06
2024100603015842,CFCL,45,20,50.0,626.0,31300.0,2024-10-06
2024100604014996,RHPL,41,21,10.0,387.1,3871.0,2024-10-06
2024100601019964,ULHC,57,57,10.0,394.0,3940.0,2024-10-06
2024100601019963,ULHC,57,42,10.0,394.0,3940.0,2024-10-06
2024100601019962,ULHC,57,58,10.0,394.0,3940.0,2024-10-06
2024100601019961,ULHC,57,21,10.0,393.7,3937.0,2024-10-06
2024100601019960,ULHC,57,52,100.0,393.0,39300.0,2024-10-06
2024100601019959,ULHC,57,32,10.0,393.0,3930.0,2024-10-06
2024100601019958,ULHC,57,49,10.0,391.0,3910.0,2024-10-06
2024100601019957,ULHC,57,59,147.0,391.0,57477.0,2024-10-06
2024100601019956,ULHC,57,56,10.0,390.0,3900.0,2024-10-06
2024100601019955,ULHC,57,95,70.0,390.0,27300.0,2024-10-06
2024100601019954,SARBTM,8,50,100.0,791.0,79100.0,2024-10-06
2024100605018552,SAHAS,43,22,39.0,489.9,19106.1,2024-10-06
2024100601019953,SANIMA,57,19,73.0,356.3,26009.9,2024-10-06
2024100601019952,SANIMA,34,19,20.0,356.4,7128.0,2024-10-06
2024100603015841,JSLBB,62,36,10.0,1662.6,16626.0,2024-10-06
2024100601019951,NYADI,32,96,100.0,335.6,33560.0,2024-10-06
2024100601019950,NYADI,32,63,10.0,335.6,3356.0,2024-10-06
2024100601019949,NYADI,32,42,100.0,320.2,32020.0,2024-10-06
2024100601019948,NYADI,32,38,190.0,320.0,60800.0,2024-10-06
2024100601019947,NYADI,32,47,400.0,320.0,128000.0,2024-10-06
2024100601019946,NYADI,32,63,100.0,318.0,31800.0,2024-10-06
2024100601019945,NYADI,32,35,50.0,315.0,15750.0,2024-10-06
2024100601019944,NYADI,32,45,10.0,312.0,3120.0,2024-10-06
2024100604014995,SHEL,32,13,350.0,248.0,86800.0,2024-10-06
2024100603015840,ALICL,48,34,321.0,728.0,233688.0,2024-10-06
2024100605018551,NIFRA,32,48,54.0,286.0,15444.0,2024-10-06
2024100601019943,MANDU,42,35,15.0,866.0,12990.0,2024-10-06
2024100604014994,API,25,29,74.0,299.0,22126.0,2024-10-06
2024100604014993,API,36,29,100.0,299.0,29900.0,2024-10-06
2024100601019942,CITY,52,6,30.0,857.0,25710.0,2024-10-06
2024100604014992,API,47,29,26.0,299.0,7774.0,2024-10-06
2024100603015839,MLBL,29,44,230.0,410.0,94300.0,2024-10-06
2024100605018550,RNLI,38,32,11.0,505.0,5555.0,2024-10-06
2024100603015838,GFCL,28,38,10.0,1084.1,10841.0,2024-10-06
2024100603015837,GFCL,4,38,40.0,1084.1,43364.0,2024-10-06
2024100604014991,CGH,41,19,20.0,905.0,18100.0,2024-10-06
2024100601019941,NESDO,42,5,10.0,2265.0,22650.0,2024-10-06
2024100604014990,LEC,39,26,40.0,265.0,10600.0,2024-10-06
2024100604014989,LEC,39,58,60.0,265.0,15900.0,2024-10-06
2024100604014988,LEC,39,46,140.0,265.0,37100.0,2024-10-06
2024100604014987,LEC,39,54,1000.0,265.0,265000.0,2024-10-06
2024100604014986,LEC,39,14,145.0,265.0,38425.0,2024-10-06
2024100604014985,LEC,39,42,1060.0,264.5,280370.0,2024-10-06
2024100603015836,NABBC,64,39,80.0,628.9,50312.0,2024-10-06
2024100601019940,NABIL,57,45,14.0,573.5,8029.0,2024-10-06
2024100601019939,PRVU,6,45,100.0,245.0,24500.0,2024-10-06
2024100605018549,HIDCL,60,34,40.0,279.0,11160.0,2024-10-06
2024100604014984,AHPC,49,21,10.0,274.1,2741.0,2024-10-06
2024100601019938,BGWT,42,21,40.0,916.0,36640.0,2024-10-06
2024100601019937,GBIME,43,21,50.0,249.0,12450.0,2024-10-06
2024100604014983,IGI,32,14,126.0,615.0,77490.0,2024-10-06
2024100605018548,NIFRA,32,22,45.0,286.0,12870.0,2024-10-06
2024100603015835,BFC,41,8,20.0,623.1,12462.0,2024-10-06
2024100601019936,JBLB,58,11,39.0,1522.1,59361.9,2024-10-06
2024100601019935,MCHL,52,39,10.0,503.0,5030.0,2024-10-06
2024100601019934,EBL,17,52,10.0,603.0,6030.0,2024-10-06
2024100604014982,SHL,57,34,1500.0,519.0,778500.0,2024-10-06
2024100604014981,IGI,32,34,100.0,615.0,61500.0,2024-10-06
2024100605018547,SMJC,34,52,150.0,544.0,81600.0,2024-10-06
2024100605018546,HRL,7,58,10.0,831.3,8313.0,2024-10-06
2024100604014980,HURJA,47,48,50.0,218.1,10905.0,2024-10-06
2024100604014979,SHPC,45,59,930.0,543.1,505083.0,2024-10-06
2024100601019933,RAWA,45,59,60.0,735.0,44100.0,2024-10-06
2024100603015834,SJLIC,49,33,30.0,492.0,14760.0,2024-10-06
2024100603015833,GFCL,4,29,10.0,1084.1,10841.0,2024-10-06
2024100601019932,GVL,85,38,908.0,548.1,497674.8,2024-10-06
2024100601019931,GVL,34,38,470.0,548.2,257654.0,2024-10-06
2024100601019930,GVL,47,38,200.0,548.3,109660.0,2024-10-06
2024100601019929,GVL,34,38,422.0,550.0,232100.0,2024-10-06
2024100601019928,MANDU,42,5,30.0,865.0,25950.0,2024-10-06
2024100601019927,KDL,10,72,20.0,1089.3,21786.0,2024-10-06
2024100603015832,GBBL,17,42,16.0,454.2,7267.2,2024-10-06
2024100605018545,KEF,64,41,100.0,8.77,877.0,2024-10-06
2024100605018544,STC,50,39,10.0,5806.0,58060.0,2024-10-06
2024100604014978,AKJCL,39,49,90.0,213.0,19170.0,2024-10-06
2024100604014977,AKJCL,39,67,200.0,212.5,42500.0,2024-10-06
2024100604014976,AKJCL,39,17,400.0,212.2,84880.0,2024-10-06
2024100604014975,AKJCL,39,67,310.0,212.1,65751.0,2024-10-06
2024100601019926,LSL,36,48,50.0,249.9,12495.0,2024-10-06
2024100605018543,HATHY,45,50,370.0,1443.0,533910.0,2024-10-06
2024100605018542,HATHY,45,63,48.0,1443.0,69264.0,2024-10-06
2024100605018541,HATHY,45,42,62.0,1442.0,89404.0,2024-10-06
2024100603015831,SINDU,60,48,100.0,655.0,65500.0,2024-10-06
2024100603015830,NADEP,65,41,30.0,1064.0,31920.0,2024-10-06
2024100603015829,NADEP,65,77,175.0,1060.0,185500.0,2024-10-06
2024100603015828,NADEP,65,36,50.0,1054.5,52725.0,2024-10-06
2024100601019925,SNLI,16,49,10.0,599.0,5990.0,2024-10-06
2024100601019924,SNLI,16,41,12.0,599.0,7188.0,2024-10-06
2024100601019923,SNLI,16,57,55.0,599.0,32945.0,2024-10-06
2024100601019922,MBL,22,49,10.0,246.9,2469.0,2024-10-06
2024100603015827,NFS,22,7,50.0,1489.0,74450.0,2024-10-06
2024100603015826,NFS,22,11,20.0,1489.0,29780.0,2024-10-06
2024100601019921,MEHL,55,38,10.0,377.5,3775.0,2024-10-06
2024100601019920,MEHL,55,32,10.0,377.0,3770.0,2024-10-06
2024100601019919,MEHL,55,8,210.0,376.0,78960.0,2024-10-06
2024100601019918,MEHL,55,25,100.0,375.0,37500.0,2024-10-06
2024100601019917,SBI,66,55,154.0,454.8,70039.2,2024-10-06
2024100603015825,JSLBB,62,36,33.0,1662.6,54865.8,2024-10-06
2024100603015824,JSLBB,62,29,30.0,1662.5,49875.0,2024-10-06
2024100603015823,JSLBB,62,46,230.0,1662.0,382260.0,2024-10-06
2024100603015822,JSLBB,62,49,50.0,1662.0,83100.0,2024-10-06
2024100603015821,JSLBB,62,13,10.0,1662.0,16620.0,2024-10-06
2024100603015820,JSLBB,62,62,10.0,1660.5,16605.0,2024-10-06
2024100603015819,JSLBB,62,34,50.0,1660.0,83000.0,2024-10-06
2024100603015818,JSLBB,62,55,87.0,1659.0,144333.0,2024-10-06
2024100604014974,HDHPC,32,16,100.0,213.1,21310.0,2024-10-06
2024100603015817,SINDU,70,11,90.0,653.0,58770.0,2024-10-06
2024100603015816,SINDU,38,11,10.0,654.0,6540.0,2024-10-06
2024100603015815,SLBSL,57,5,10.0,1395.1,13951.0,2024-10-06
2024100603015814,SIFC,34,55,10.0,629.0,6290.0,2024-10-06
2024100605018540,SMJC,7,52,10.0,544.0,5440.0,2024-10-06
2024100605018539,HDL,57,35,10.0,1353.1,13531.0,2024-10-06
2024100605018538,HDL,1,35,50.0,1354.0,67700.0,2024-10-06
2024100601019916,SPL,39,35,10.0,848.5,8485.0,2024-10-06
2024100605018537,SAHAS,38,36,50.0,490.0,24500.0,2024-10-06
2024100603015813,HLI,10,38,100.0,478.3,47830.0,2024-10-06
2024100603015812,NABBC,42,34,10.0,629.0,6290.0,2024-10-06
2024100603015811,GFCL,17,41,50.0,1085.0,54250.0,2024-10-06
2024100603015810,LICN,17,6,13.0,2107.0,27391.0,2024-10-06
2024100605018536,NRM,32,21,109.0,450.0,49050.0,2024-10-06
2024100601019915,NWCL,45,16,10.0,1049.0,10490.0,2024-10-06
2024100603015809,JSLBB,62,55,113.0,1659.0,187467.0,2024-10-06
2024100603015808,JSLBB,62,41,15.0,1657.5,24862.5,2024-10-06
2024100603015807,JSLBB,62,57,22.0,1657.0,36454.0,2024-10-06
2024100604014973,UMRH,42,58,90.0,460.0,41400.0,2024-10-06
2024100604014972,UMRH,74,58,10.0,461.0,4610.0,2024-10-06
2024100603015806,JSLBB,62,57,78.0,1657.0,129246.0,2024-10-06
2024100603015805,JSLBB,62,55,20.0,1657.0,33140.0,2024-10-06
2024100603015804,JSLBB,62,54,107.0,1650.0,176550.0,2024-10-06
2024100603015803,JSLBB,62,62,75.0,1643.2,123240.0,2024-10-06
2024100603015802,JSLBB,62,62,220.0,1640.0,360800.0,2024-10-06
2024100605018535,HDL,62,22,50.0,1355.0,67750.0,2024-10-06
2024100603015801,JSLBB,62,62,60.0,1640.0,98400.0,2024-10-06
2024100603015800,JSLBB,62,37,30.0,1639.0,49170.0,2024-10-06
2024100603015799,JSLBB,62,13,10.0,1638.0,16380.0,2024-10-06
2024100601019914,USHL,58,75,500.0,790.0,395000.0,2024-10-06
2024100601019913,KBL,48,59,180.0,223.0,40140.0,2024-10-06
2024100601019912,PCBL,59,59,50.0,285.3,14265.0,2024-10-06
2024100605018534,CHDC,26,59,700.0,1778.0,1244600.0,2024-10-06
2024100604014971,NLG,26,35,20.0,1314.0,26280.0,2024-10-06
2024100604014970,CHCL,37,35,153.0,575.0,87975.0,2024-10-06
2024100601019911,MKJC,29,61,10.0,479.0,4790.0,2024-10-06
2024100601019910,SNLI,41,57,10.0,599.0,5990.0,2024-10-06
2024100604014969,PRIN,41,41,50.0,998.0,49900.0,2024-10-06
2024100601019909,NBL,42,42,270.0,284.0,76680.0,2024-10-06
2024100603015798,MFIL,6,42,10.0,740.0,7400.0,2024-10-06
2024100603015797,MFIL,42,42,13.0,740.0,9620.0,2024-10-06
2024100603015796,MFIL,49,42,20.0,740.3,14806.0,2024-10-06
2024100603015795,MFIL,57,42,100.0,743.0,74300.0,2024-10-06
2024100603015794,MFIL,45,42,20.0,743.0,14860.0,2024-10-06
2024100603015793,MFIL,39,42,525.0,743.0,390075.0,2024-10-06
2024100603015792,MFIL,38,42,64.0,743.1,47558.4,2024-10-06
2024100603015791,MFIL,45,42,45.0,743.5,33457.5,2024-10-06
2024100601019908,PCBL,10,59,11.0,285.3,3138.3,2024-10-06
2024100603015790,JBBL,17,45,10.0,358.0,3580.0,2024-10-06
2024100604014968,AHPC,58,45,2500.0,274.0,685000.0,2024-10-06
2024100603015789,MPFL,60,51,10.0,727.5,7275.0,2024-10-06
2024100605018533,CLI,45,4,12.0,636.0,7632.0,2024-10-06
2024100601019907,SAMAJ,34,45,10.0,3026.1,30261.0,2024-10-06
2024100604014967,HDHPC,58,63,400.0,213.0,85200.0,2024-10-06
2024100605018532,NRN,58,99,700.0,964.0,674800.0,2024-10-06
2024100603015788,NICLBSL,32,47,10.0,728.0,7280.0,2024-10-06
2024100604014966,GLH,47,36,10.0,240.3,2403.0,2024-10-06
2024100601019906,SRLI,28,57,500.0,450.0,225000.0,2024-10-06
2024100605018531,CHDC,28,43,10.0,1780.0,17800.0,2024-10-06
2024100601019905,MANDU,35,5,50.0,862.3,43115.0,2024-10-06
2024100601019904,MANDU,50,5,50.0,863.0,43150.0,2024-10-06
2024100604014965,IGI,32,34,53.0,615.0,32595.0,2024-10-06
2024100605018530,HDL,57,34,90.0,1353.1,121779.0,2024-10-06
2024100605018529,HDL,33,34,10.0,1354.0,13540.0,2024-10-06
2024100601019903,GVL,34,34,10.0,550.0,5500.0,2024-10-06
2024100605018528,HIDCL,59,34,300.0,279.0,83700.0,2024-10-06
2024100604014964,KKHC,45,1,100.0,270.6,27060.0,2024-10-06
2024100601019902,ADBL,42,42,470.0,378.0,177660.0,2024-10-06
2024100604014963,HDHPC,58,42,129.0,213.0,27477.0,2024-10-06
2024100604014962,HDHPC,13,42,20.0,213.0,4260.0,2024-10-06
2024100604014961,HDHPC,41,42,40.0,213.0,8520.0,2024-10-06
2024100604014960,HDHPC,45,42,811.0,213.0,172743.0,2024-10-06
2024100605018527,SONA,17,51,10.0,495.0,4950.0,2024-10-06
2024100605018526,CLI,18,4,20.0,636.0,12720.0,2024-10-06
2024100605018525,HRL,7,58,20.0,831.3,16626.0,2024-10-06
2024100605018524,SHIVM,35,47,64.0,606.5,38816.0,2024-10-06
2024100605018523,SMJC,57,19,275.0,540.1,148527.5,2024-10-06
2024100605018522,SMJC,41,19,50.0,541.0,27050.0,2024-10-06
2024100605018521,SMJC,56,19,655.0,541.1,354420.5,2024-10-06
2024100605018520,SMJC,19,19,50.0,542.0,27100.0,2024-10-06
2024100605018519,SMJC,54,19,30.0,542.0,16260.0,2024-10-06
2024100605018518,SMJC,6,19,50.0,542.0,27100.0,2024-10-06
2024100605018517,SMJC,51,19,40.0,542.1,21684.0,2024-10-06
2024100605018516,SMJC,21,19,500.0,542.2,271100.0,2024-10-06
2024100605018515,SMJC,38,19,250.0,543.0,135750.0,2024-10-06
2024100605018514,SMJC,49,19,100.0,543.0,54300.0,2024-10-06
2024100603015787,JSLBB,62,39,119.0,1637.0,194803.0,2024-10-06
2024100603015786,JSLBB,62,41,10.0,1635.0,16350.0,2024-10-06
2024100603015785,JSLBB,62,41,10.0,1634.0,16340.0,2024-10-06
2024100603015784,JSLBB,62,49,50.0,1606.0,80300.0,2024-10-06
2024100603015783,JSLBB,62,14,11.0,1606.0,17666.0,2024-10-06
2024100603015782,NLIC,5,32,20.0,829.0,16580.0,2024-10-06
2024100605018513,VLUCL,77,45,40.0,599.0,23960.0,2024-10-06
2024100605018512,VLUCL,77,59,40.0,599.0,23960.0,2024-10-06
2024100605018511,VLUCL,77,58,10.0,598.7,5987.0,2024-10-06
2024100605018510,VLUCL,77,58,10.0,598.7,5987.0,2024-10-06
2024100605018509,VLUCL,77,34,50.0,598.0,29900.0,2024-10-06
2024100605018508,VLUCL,77,38,50.0,598.0,29900.0,2024-10-06
2024100601019901,MKHC,49,19,50.0,342.0,17100.0,2024-10-06
2024100604014959,LEC,5,54,339.0,264.0,89496.0,2024-10-06
2024100601019900,NIMB,44,6,10.0,238.0,2380.0,2024-10-06
2024100604014958,AKJCL,42,25,86.0,212.0,18232.0,2024-10-06
2024100604014957,AKJCL,51,25,50.0,212.0,10600.0,2024-10-06
2024100601019899,USHEC,42,25,69.0,468.4,32319.6,2024-10-06
2024100601019898,USHEC,1,25,50.0,470.0,23500.0,2024-10-06
2024100601019897,BHL,34,61,95.0,435.0,41325.0,2024-10-06
2024100601019896,BHL,34,41,105.0,434.9,45664.5,2024-10-06
2024100601019895,BHL,34,38,100.0,434.8,43480.0,2024-10-06
2024100601019894,BHL,34,57,30.0,434.8,13044.0,2024-10-06
2024100601019893,BHL,34,13,20.0,434.7,8694.0,2024-10-06
2024100601019892,BHDC,3,51,10.0,595.0,5950.0,2024-10-06
2024100601019891,BHDC,3,44,100.0,594.7,59470.0,2024-10-06
2024100604014956,SALICO,91,36,400.0,755.0,302000.0,2024-10-06
2024100601019890,AHL,6,49,20.0,650.0,13000.0,2024-10-06
2024100601019889,AHL,6,45,10.0,650.0,6500.0,2024-10-06
2024100601019888,AHL,6,79,10.0,650.0,6500.0,2024-10-06
2024100601019887,AHL,6,42,10.0,650.0,6500.0,2024-10-06
2024100601019886,AHL,6,58,10.0,649.8,6498.0,2024-10-06
2024100601019885,AHL,6,54,40.0,649.5,25980.0,2024-10-06
2024100604014955,NGPL,1,28,410.0,437.0,179170.0,2024-10-06
2024100604014954,NGPL,1,28,90.0,437.0,39330.0,2024-10-06
2024100605018507,HIDCL,72,34,50.0,279.0,13950.0,2024-10-06
2024100601019884,SARBTM,39,45,430.0,793.8,341334.0,2024-10-06
2024100605018506,MEL,65,45,320.0,292.3,93536.0,2024-10-06
2024100605018505,MEL,58,45,40.0,292.3,11692.0,2024-10-06
2024100605018504,MEL,42,45,500.0,293.0,146500.0,2024-10-06
2024100605018503,MEL,42,45,100.0,293.0,29300.0,2024-10-06
2024100605018502,MEL,35,45,40.0,293.1,11724.0,2024-10-06
2024100604014953,CGH,42,45,160.0,900.0,144000.0,2024-10-06
2024100604014952,CGH,34,45,10.0,900.0,9000.0,2024-10-06
2024100604014951,CGH,4,45,20.0,900.0,18000.0,2024-10-06
2024100604014950,CGH,14,45,10.0,900.0,9000.0,2024-10-06
2024100604014949,CGH,3,45,100.0,900.1,90010.0,2024-10-06
2024100604014948,CGH,42,45,200.0,901.0,180200.0,2024-10-06
2024100601019883,BNHC,21,48,10.0,485.3,4853.0,2024-10-06
2024100603015781,GBBL,51,57,115.0,454.0,52210.0,2024-10-06
2024100605018501,NRN,58,55,500.0,964.0,482000.0,2024-10-06
2024100601019882,KDL,38,62,10.0,1078.0,10780.0,2024-10-06
2024100605018500,NRM,32,32,90.0,450.0,40500.0,2024-10-06
2024100604014947,NHPC,44,85,10.0,221.0,2210.0,2024-10-06
2024100601019881,PCBL,57,25,200.0,285.2,57040.0,2024-10-06
2024100603015780,GMFIL,58,35,319.0,605.0,192995.0,2024-10-06
2024100601019880,MLBS,29,58,10.0,1675.0,16750.0,2024-10-06
2024100604014946,CHCL,37,49,20.0,575.0,11500.0,2024-10-06
2024100604014945,CHCL,37,56,99.0,575.0,56925.0,2024-10-06
2024100604014944,HDHPC,45,1,60.0,213.0,12780.0,2024-10-06
2024100604014943,UPPER,41,48,500.0,215.0,107500.0,2024-10-06
2024100604014942,GHL,36,42,150.0,220.7,33105.0,2024-10-06
2024100604014941,UMRH,45,35,10.0,463.0,4630.0,2024-10-06
2024100604014940,UPPER,57,48,50.0,215.0,10750.0,2024-10-06
2024100601019879,IHL,21,4,10.0,487.0,4870.0,2024-10-06
2024100601019878,CKHL,57,70,10.0,654.9,6549.0,2024-10-06
2024100603015779,JFL,21,11,70.0,642.0,44940.0,2024-10-06
2024100603015778,JFL,21,42,80.0,641.0,51280.0,2024-10-06
2024100604014939,OHL,43,57,10.0,971.0,9710.0,2024-10-06
2024100601019877,NABIL,57,14,200.0,573.5,114700.0,2024-10-06
2024100603015777,CFCL,62,20,100.0,626.0,62600.0,2024-10-06
2024100605018499,NRM,32,32,10.0,450.0,4500.0,2024-10-06
2024100601019876,CITY,52,14,100.0,857.0,85700.0,2024-10-06
2024100601019875,CITY,52,90,70.0,856.9,59983.0,2024-10-06
2024100605018498,NIFRA,32,49,70.0,286.0,20020.0,2024-10-06
2024100605018497,NIFRA,42,49,30.0,286.0,8580.0,2024-10-06
2024100603015776,ALICL,28,44,500.0,730.0,365000.0,2024-10-06
2024100604014938,RHPL,60,25,100.0,388.0,38800.0,2024-10-06
2024100605018496,HDL,33,48,40.0,1354.0,54160.0,2024-10-06
2024100603015775,SINDU,33,48,200.0,655.0,131000.0,2024-10-06
2024100601019874,MKCL,29,33,50.0,1430.0,71500.0,2024-10-06
2024100603015774,SJLIC,49,40,50.0,492.0,24600.0,2024-10-06
2024100604014937,NLG,26,21,180.0,1314.0,236520.0,2024-10-06
2024100604014936,CGH,42,19,20.0,905.0,18100.0,2024-10-06
2024100601019873,BHDC,42,32,10.0,594.7,5947.0,2024-10-06
2024100601019872,SBI,66,5,200.0,454.8,90960.0,2024-10-06
2024100601019871,PCBL,57,18,200.0,285.2,57040.0,2024-10-06
2024100604014935,API,47,4,20.0,299.0,5980.0,2024-10-06
2024100604014934,API,47,34,54.0,299.0,16146.0,2024-10-06
2024100601019870,CZBIL,7,57,500.0,244.6,122300.0,2024-10-06
2024100603015773,NLIC,5,16,78.0,829.0,64662.0,2024-10-06
2024100603015772,NLIC,33,16,40.0,829.9,33196.0,2024-10-06
2024100603015771,NLIC,64,16,100.0,830.0,83000.0,2024-10-06
2024100603015770,NLIC,45,16,220.0,830.0,182600.0,2024-10-06
2024100603015769,NLIC,49,16,500.0,830.0,415000.0,2024-10-06
2024100603015768,NLIC,58,16,250.0,830.0,207500.0,2024-10-06
2024100603015767,NLIC,42,16,409.0,830.0,339470.0,2024-10-06
2024100603015766,NLIC,6,16,129.0,830.1,107082.9,2024-10-06
2024100603015765,NLIC,41,16,200.0,830.1,166020.0,2024-10-06
2024100603015764,NLIC,78,16,94.0,830.2,78038.8,2024-10-06
2024100603015763,MPFL,34,16,20.0,725.0,14500.0,2024-10-06
2024100604014933,UPCL,14,5,470.0,270.0,126900.0,2024-10-06
2024100604014932,UPCL,14,34,30.0,270.0,8100.0,2024-10-06
2024100604014931,UPCL,14,34,500.0,270.0,135000.0,2024-10-06
2024100604014930,UPCL,14,28,500.0,270.0,135000.0,2024-10-06
2024100604014929,UPCL,14,40,500.0,269.9,134950.0,2024-10-06
2024100604014928,SPDL,70,25,27.0,315.0,8505.0,2024-10-06
2024100605018495,HRL,7,49,10.0,831.3,8313.0,2024-10-06
2024100601019869,NMB,59,49,520.0,267.5,139100.0,2024-10-06
2024100601019868,NMB,42,49,180.0,268.0,48240.0,2024-10-06
2024100601019867,NMB,57,49,75.0,268.0,20100.0,2024-10-06
2024100601019866,NMB,36,49,50.0,268.2,13410.0,2024-10-06
2024100605018494,NRN,49,55,10.0,965.0,9650.0,2024-10-06
2024100601019865,BHL,29,48,10.0,431.0,4310.0,2024-10-06
2024100601019864,EHPL,25,29,10.0,818.1,8181.0,2024-10-06
2024100605018493,CHDC,59,43,500.0,1780.0,890000.0,2024-10-06
2024100601019863,MSHL,50,33,10.0,935.0,9350.0,2024-10-06
2024100603015762,SMB,26,54,20.0,1800.0,36000.0,2024-10-06
2024100603015761,SINDU,88,48,10.0,655.0,6550.0,2024-10-06
2024100603015760,SINDU,1,48,35.0,655.0,22925.0,2024-10-06
2024100603015759,SINDU,1,3,65.0,655.0,42575.0,2024-10-06
2024100604014927,SSHL,56,38,26.0,215.0,5590.0,2024-10-06
2024100604014926,SSHL,45,38,100.0,215.0,21500.0,2024-10-06
2024100604014925,SSHL,48,38,100.0,215.0,21500.0,2024-10-06
2024100604014924,SSHL,57,38,200.0,216.0,43200.0,2024-10-06
2024100604014923,SSHL,16,38,26.0,216.0,5616.0,2024-10-06
2024100604014922,SSHL,42,38,35.0,217.0,7595.0,2024-10-06
2024100604014921,SSHL,57,38,58.0,217.2,12597.6,2024-10-06
2024100604014920,SSHL,13,38,70.0,217.2,15204.0,2024-10-06
2024100604014919,SSHL,57,38,300.0,217.8,65340.0,2024-10-06
2024100604014918,LEC,3,38,200.0,263.5,52700.0,2024-10-06
2024100601019862,SMHL,64,58,10.0,581.4,5814.0,2024-10-06
2024100601019861,SMHL,64,32,10.0,576.0,5760.0,2024-10-06
2024100601019860,SMHL,64,48,10.0,576.0,5760.0,2024-10-06
2024100603015758,GBBL,17,42,10.0,454.2,4542.0,2024-10-06
2024100601019859,NICA,58,19,100.0,474.0,47400.0,2024-10-06
2024100601019858,TSHL,42,22,5.0,868.3,4341.5,2024-10-06
2024100603015757,NABBC,64,45,200.0,628.9,125780.0,2024-10-06
2024100604014917,AKPL,29,45,1000.0,245.6,245600.0,2024-10-06
2024100604014916,SHPC,45,14,120.0,543.1,65172.0,2024-10-06
2024100604014915,SHPC,41,14,30.0,543.2,16296.0,2024-10-06
2024100603015756,NFS,52,11,10.0,1489.0,14890.0,2024-10-06
2024100604014914,CHCL,25,77,164.0,574.2,94168.8,2024-10-06
2024100601019857,MMKJL,58,67,1500.0,499.1,748650.0,2024-10-06
2024100603015755,SKBBL,52,25,700.0,930.0,651000.0,2024-10-06
2024100603015754,SKBBL,52,40,48.0,930.0,44640.0,2024-10-06
2024100603015753,SKBBL,52,50,50.0,930.0,46500.0,2024-10-06
2024100603015752,SKBBL,52,14,402.0,929.9,373819.8,2024-10-06
2024100605018492,HIDCL,28,34,170.0,279.0,47430.0,2024-10-06
2024100605018491,HIDCL,28,21,200.0,279.0,55800.0,2024-10-06
2024100605018490,HIDCL,28,16,300.0,279.0,83700.0,2024-10-06
2024100605018489,HIDCL,28,42,100.0,279.0,27900.0,2024-10-06
2024100605018488,HIDCL,28,58,50.0,279.0,13950.0,2024-10-06
2024100605018487,HIDCL,28,58,100.0,279.0,27900.0,2024-10-06
2024100605018486,HIDCL,28,39,1052.0,279.0,293508.0,2024-10-06
2024100605018485,HIDCL,28,58,980.0,278.9,273322.0,2024-10-06
2024100605018484,HIDCL,28,19,25.0,278.9,6972.5,2024-10-06
2024100605018483,HIDCL,28,19,323.0,278.9,90084.7,2024-10-06
2024100605018482,HIDCL,28,74,400.0,278.8,111520.0,2024-10-06
2024100605018481,HIDCL,28,34,200.0,278.8,55760.0,2024-10-06
2024100605018480,HIDCL,28,53,100.0,278.7,27870.0,2024-10-06
2024100605018479,NRIC,29,44,163.0,811.0,132193.0,2024-10-06
2024100605018478,NRIC,34,44,297.0,811.1,240896.7,2024-10-06
2024100605018477,NRIC,42,44,40.0,812.0,32480.0,2024-10-06
2024100603015751,SJLIC,49,6,25.0,492.0,12300.0,2024-10-06
2024100604014913,SHPC,49,42,20.0,544.0,10880.0,2024-10-06
2024100605018476,NRIC,42,25,10.0,812.0,8120.0,2024-10-06
2024100605018475,NRIC,41,25,40.0,812.0,32480.0,2024-10-06
2024100601019856,JBLB,38,35,100.0,1525.0,152500.0,2024-10-06
2024100601019855,SRLI,17,57,40.0,450.0,18000.0,2024-10-06
2024100604014912,LEC,51,4,10.0,263.4,2634.0,2024-10-06
2024100601019854,CKHL,80,57,20.0,646.0,12920.0,2024-10-06
2024100601019853,TSHL,71,57,100.0,886.0,88600.0,2024-10-06
2024100605018474,CHDC,26,57,100.0,1778.0,177800.0,2024-10-06
2024100601019852,KBL,55,59,50.0,223.0,11150.0,2024-10-06
2024100601019851,BNHC,44,48,10.0,485.3,4853.0,2024-10-06
2024100603015750,JFL,52,5,250.0,640.1,160025.0,2024-10-06
2024100601019850,HBL,48,49,10.0,257.4,2574.0,2024-10-06
2024100604014911,HPPL,3,49,466.0,321.5,149819.0,2024-10-06
2024100605018473,HIDCL,42,49,250.0,278.0,69500.0,2024-10-06
2024100604014910,HDHPC,45,29,129.0,213.0,27477.0,2024-10-06
2024100604014909,HDHPC,49,29,100.0,213.0,21300.0,2024-10-06
2024100604014908,HDHPC,44,29,271.0,213.0,57723.0,2024-10-06
2024100601019849,LSL,43,1,50.0,249.5,12475.0,2024-10-06
2024100603015749,EDBL,56,1,400.0,656.1,262440.0,2024-10-06
2024100601019848,SARBTM,26,4,100.0,793.9,79390.0,2024-10-06
2024100601019847,GBIME,57,42,36.0,248.5,8946.0,2024-10-06
2024100603015748,EDBL,42,99,320.0,665.0,212800.0,2024-10-06
2024100603015747,EDBL,42,50,10.0,665.0,6650.0,2024-10-06
2024100603015746,EDBL,42,25,100.0,665.0,66500.0,2024-10-06
2024100603015745,EDBL,42,62,420.0,665.0,279300.0,2024-10-06
2024100605018472,HIDCL,42,50,27.0,278.0,7506.0,2024-10-06
2024100605018471,CHDC,26,65,200.0,1778.0,355600.0,2024-10-06
2024100604014907,SSHL,57,34,200.0,217.8,43560.0,2024-10-06
2024100603015744,PROFL,72,57,173.0,642.0,111066.0,2024-10-06
2024100603015743,PROFL,19,57,327.0,643.0,210261.0,2024-10-06
2024100604014906,SHEL,57,13,500.0,248.5,124250.0,2024-10-06
2024100601019846,PCBL,57,16,100.0,285.2,28520.0,2024-10-06
2024100604014905,AKPL,29,55,500.0,245.6,122800.0,2024-10-06
2024100601019845,MCHL,52,58,17.0,494.0,8398.0,2024-10-06
2024100601019844,MCHL,52,43,25.0,490.0,12250.0,2024-10-06
2024100603015742,PROFL,52,49,100.0,645.0,64500.0,2024-10-06
2024100604014904,RURU,82,21,286.0,860.0,245960.0,2024-10-06
2024100604014903,RURU,82,14,64.0,860.0,55040.0,2024-10-06
2024100605018470,SHIVM,34,47,226.0,609.5,137747.0,2024-10-06
2024100605018469,SHIVM,34,55,500.0,609.0,304500.0,2024-10-06
2024100605018468,SHIVM,34,33,274.0,609.0,166866.0,2024-10-06
2024100604014902,SICL,18,35,200.0,844.0,168800.0,2024-10-06
2024100603015741,KSBBL,33,74,10.0,457.0,4570.0,2024-10-06
2024100601019843,SHLB,46,38,10.0,1900.0,19000.0,2024-10-06
2024100604014901,KKHC,45,25,30.0,270.6,8118.0,2024-10-06
2024100601019842,DORDI,16,41,10.0,435.0,4350.0,2024-10-06
2024100604014900,JOSHI,38,4,90.0,291.0,26190.0,2024-10-06
2024100604014899,UNHPL,19,39,100.0,276.0,27600.0,2024-10-06
2024100603015740,JBBL,39,56,45.0,357.9,16105.5,2024-10-06
2024100601019841,PRVU,42,49,20.0,245.5,4910.0,2024-10-06
2024100605018467,SAHAS,36,36,60.0,490.0,29400.0,2024-10-06
2024100601019840,HIDCLP,58,29,60.0,176.9,10614.0,2024-10-06
2024100601019839,HIDCLP,58,49,240.0,176.0,42240.0,2024-10-06
2024100604014898,UPCL,50,45,290.0,269.0,78010.0,2024-10-06
2024100603015739,SWBBL,50,57,20.0,1025.0,20500.0,2024-10-06
2024100601019838,BGWT,42,57,10.0,916.0,9160.0,2024-10-06
2024100601019837,NABIL,57,13,95.0,574.0,54530.0,2024-10-06
2024100601019836,NABIL,57,19,105.0,574.0,60270.0,2024-10-06
2024100604014897,SHEL,32,22,25.0,248.0,6200.0,2024-10-06
2024100605018466,VLUCL,77,58,10.0,596.0,5960.0,2024-10-06
2024100605018465,VLUCL,77,35,10.0,596.0,5960.0,2024-10-06
2024100605018464,VLUCL,77,22,10.0,596.0,5960.0,2024-10-06
2024100605018463,VLUCL,77,43,10.0,596.0,5960.0,2024-10-06
2024100605018462,VLUCL,77,1,10.0,595.0,5950.0,2024-10-06
2024100605018461,VLUCL,77,90,89.0,595.0,52955.0,2024-10-06
2024100605018460,VLUCL,77,59,40.0,594.9,23796.0,2024-10-06
2024100605018459,VLUCL,77,44,565.0,594.8,336062.0,2024-10-06
2024100605018458,VLUCL,77,49,10.0,590.0,5900.0,2024-10-06
2024100605018457,VLUCL,77,45,19.0,588.0,11172.0,2024-10-06
2024100604014896,PPCL,52,67,188.0,249.2,46849.6,2024-10-06
2024100604014895,SHEL,32,90,10.0,248.0,2480.0,2024-10-06
2024100604014894,SHEL,32,22,200.0,248.0,49600.0,2024-10-06
2024100604014893,SHEL,32,53,150.0,248.0,37200.0,2024-10-06
2024100604014892,SHEL,32,13,250.0,248.0,62000.0,2024-10-06
2024100603015738,GLBSL,58,48,25.0,1640.1,41002.5,2024-10-06
2024100603015737,BFC,49,54,90.0,623.9,56151.0,2024-10-06
2024100603015736,BFC,49,8,65.0,623.8,40547.0,2024-10-06
2024100603015735,BFC,49,37,135.0,623.5,84172.5,2024-10-06
2024100603015734,GUFL,42,34,200.0,776.0,155200.0,2024-10-06
2024100603015733,GUFL,34,41,25.0,780.0,19500.0,2024-10-06
2024100603015732,SJLIC,35,6,55.0,492.0,27060.0,2024-10-06
2024100603015731,SJLIC,42,6,50.0,492.0,24600.0,2024-10-06
2024100603015730,GRDBL,92,25,475.0,723.3,343567.5,2024-10-06
2024100604014891,HDHPC,39,16,50.0,213.1,10655.0,2024-10-06
2024100605018456,NRM,7,18,434.0,448.0,194432.0,2024-10-06
2024100601019835,KBL,58,59,186.0,223.0,41478.0,2024-10-06
2024100601019834,KBL,58,42,50.0,223.0,11150.0,2024-10-06
2024100601019833,KBL,58,1,30.0,223.0,6690.0,2024-10-06
2024100601019832,KBL,58,32,734.0,223.0,163682.0,2024-10-06
2024100605018455,CLI,25,36,10.0,633.1,6331.0,2024-10-06
2024100603015729,MFIL,45,28,50.0,743.9,37195.0,2024-10-06
2024100603015728,MNBBL,45,45,25.0,394.0,9850.0,2024-10-06
2024100603015727,JBBL,43,56,10.0,357.9,3579.0,2024-10-06
2024100603015726,JSLBB,53,62,20.0,1603.0,32060.0,2024-10-06
2024100604014890,HURJA,47,28,40.0,218.1,8724.0,2024-10-06
2024100604014889,UPPER,49,48,3250.0,215.0,698750.0,2024-10-06
2024100604014888,UPPER,28,48,500.0,215.0,107500.0,2024-10-06
2024100604014887,UPPER,58,48,200.0,215.0,43000.0,2024-10-06
2024100604014886,UPPER,29,48,50.0,215.0,10750.0,2024-10-06
2024100604014885,UPPER,42,48,490.0,215.0,105350.0,2024-10-06
2024100604014884,UPPER,6,48,232.0,215.0,49880.0,2024-10-06
2024100604014883,UPPER,51,48,94.0,215.0,20210.0,2024-10-06
2024100604014882,UPPER,45,48,200.0,215.0,43000.0,2024-10-06
2024100604014881,UPPER,57,48,100.0,215.0,21500.0,2024-10-06
2024100604014880,UPPER,62,48,500.0,215.0,107500.0,2024-10-06
2024100604014879,UPPER,6,48,300.0,215.0,64500.0,2024-10-06
2024100604014878,UPPER,51,48,470.0,215.0,101050.0,2024-10-06
2024100604014877,UPPER,58,48,20.0,215.0,4300.0,2024-10-06
2024100604014876,UPPER,57,48,471.0,215.0,101265.0,2024-10-06
2024100604014875,UPPER,7,48,231.0,215.2,49711.2,2024-10-06
2024100604014874,UPPER,57,48,100.0,215.2,21520.0,2024-10-06
2024100605018454,SAHAS,61,36,25.0,490.0,12250.0,2024-10-06
2024100605018453,SAHAS,61,36,175.0,489.0,85575.0,2024-10-06
2024100604014873,HPPL,3,34,180.0,321.5,57870.0,2024-10-06
2024100604014872,HPPL,3,57,354.0,321.5,113811.0,2024-10-06
2024100603015725,NLIC,49,49,48.0,832.0,39936.0,2024-10-06
2024100601019831,BHPL,49,1,10.0,684.5,6845.0,2024-10-06
2024100603015724,JFL,52,36,100.0,640.1,64010.0,2024-10-06
2024100604014871,RURU,58,14,36.0,860.0,30960.0,2024-10-06
2024100604014870,RURU,58,57,24.0,860.0,20640.0,2024-10-06
2024100604014869,RURU,58,52,40.0,860.0,34400.0,2024-10-06
2024100601019830,NICA,34,19,161.0,473.0,76153.0,2024-10-06
2024100604014868,NICL,34,49,10.0,1015.0,10150.0,2024-10-06
2024100605018452,CLI,33,4,10.0,636.0,6360.0,2024-10-06
2024100601019829,SANIMA,40,6,100.0,357.0,35700.0,2024-10-06
2024100604014867,BARUN,6,7,1000.0,358.0,358000.0,2024-10-06
2024100604014866,NIL,56,49,20.0,934.0,18680.0,2024-10-06
2024100604014865,NIL,56,5,80.0,933.5,74680.0,2024-10-06
2024100603015723,GFCL,58,41,58.0,1085.8,62976.4,2024-10-06
2024100603015722,GFCL,55,41,25.0,1085.8,27145.0,2024-10-06
2024100603015721,SFCL,39,54,133.0,654.9,87101.7,2024-10-06
2024100603015720,SFCL,39,1,22.0,654.9,14407.8,2024-10-06
2024100603015719,SFCL,39,47,50.0,654.8,32740.0,2024-10-06
2024100603015718,SFCL,39,33,195.0,654.8,127686.0,2024-10-06
2024100603015717,SFCL,58,33,105.0,654.8,68754.0,2024-10-06
2024100603015716,SFCL,58,58,45.0,654.8,29466.0,2024-10-06
2024100603015715,GFCL,42,33,650.0,1086.0,705900.0,2024-10-06
2024100603015714,MPFL,60,16,20.0,728.0,14560.0,2024-10-06
2024100603015713,BFC,58,37,100.0,623.5,62350.0,2024-10-06
2024100601019828,MANDU,50,33,40.0,863.0,34520.0,2024-10-06
2024100601019827,MANDU,50,19,10.0,863.0,8630.0,2024-10-06
2024100601019826,PCBL,57,59,500.0,285.3,142650.0,2024-10-06
2024100603015712,SJLIC,42,32,10.0,492.0,4920.0,2024-10-06
2024100603015711,RLFL,49,62,300.0,633.0,189900.0,2024-10-06
2024100603015710,RLFL,33,62,30.0,633.0,18990.0,2024-10-06
2024100603015709,RLFL,39,62,555.0,633.0,351315.0,2024-10-06
2024100605018451,NRN,58,5,225.0,964.0,216900.0,2024-10-06
2024100601019825,NIMB,55,49,187.0,237.0,44319.0,2024-10-06
2024100601019824,NIMB,32,49,281.0,237.0,66597.0,2024-10-06
2024100603015708,BFC,44,37,15.0,623.5,9352.5,2024-10-06
2024100601019823,HBL,37,21,330.0,257.0,84810.0,2024-10-06
2024100604014864,GHL,36,49,10.0,220.7,2207.0,2024-10-06
2024100601019822,NIMB,32,17,15.0,237.0,3555.0,2024-10-06
2024100605018450,SONA,42,17,40.0,495.9,19836.0,2024-10-06
2024100601019821,KBL,38,32,10.0,223.0,2230.0,2024-10-06
2024100604014863,AKJCL,39,67,500.0,212.1,106050.0,2024-10-06
2024100601019820,SHLB,29,18,30.0,1890.0,56700.0,2024-10-06
2024100601019819,SHLB,46,18,10.0,1900.0,19000.0,2024-10-06
2024100601019818,HHL,96,65,20.0,443.0,8860.0,2024-10-06
2024100601019817,GBIME,57,21,100.0,249.0,24900.0,2024-10-06
2024100603015707,BFC,44,57,185.0,623.5,115347.5,2024-10-06
2024100603015706,BFC,45,57,15.0,623.5,9352.5,2024-10-06
2024100603015705,GMFIL,58,92,156.0,605.0,94380.0,2024-10-06
2024100601019816,MKCL,35,45,10.0,1421.0,14210.0,2024-10-06
2024100601019815,HHL,32,62,10.0,447.0,4470.0,2024-10-06
2024100603015704,SLBBL,52,42,15.0,1032.0,15480.0,2024-10-06
2024100603015703,ALICL,6,44,225.0,730.0,164250.0,2024-10-06
2024100605018449,NRN,58,80,48.0,964.0,46272.0,2024-10-06
2024100601019814,NBL,6,42,100.0,284.0,28400.0,2024-10-06
2024100604014862,NGPL,56,28,480.0,437.0,209760.0,2024-10-06
2024100604014861,NGPL,56,58,20.0,436.0,8720.0,2024-10-06
2024100605018448,CLI,38,4,200.0,636.0,127200.0,2024-10-06
2024100604014860,NLG,38,21,20.0,1314.0,26280.0,2024-10-06
2024100601019813,AHL,42,7,10.0,645.0,6450.0,2024-10-06
2024100601019812,AHL,42,44,10.0,643.0,6430.0,2024-10-06
2024100604014859,HDHPC,47,16,20.0,213.1,4262.0,2024-10-06
2024100603015702,KSBBL,65,74,120.0,457.0,54840.0,2024-10-06
2024100603015701,EDBL,56,63,159.0,656.1,104319.9,2024-10-06
2024100603015700,EDBL,56,63,750.0,656.1,492075.0,2024-10-06
2024100603015699,EDBL,56,63,300.0,656.2,196860.0,2024-10-06
2024100603015698,EDBL,44,63,375.0,660.1,247537.5,2024-10-06
2024100604014858,UPPER,41,57,503.0,215.4,108346.2,2024-10-06
2024100604014857,UPPER,35,57,60.0,215.4,12924.0,2024-10-06
2024100604014856,UPPER,58,57,24.0,215.4,5169.6,2024-10-06
2024100604014855,UPPER,44,57,112.0,215.4,24124.8,2024-10-06
2024100605018447,SAHAS,45,36,40.0,489.0,19560.0,2024-10-06
2024100601019811,CKHL,80,57,10.0,646.0,6460.0,2024-10-06
2024100605018446,SAHAS,57,36,10.0,489.0,4890.0,2024-10-06
2024100605018445,SAHAS,4,36,50.0,489.0,24450.0,2024-10-06
2024100605018444,SAHAS,80,36,700.0,489.0,342300.0,2024-10-06
2024100605018443,SAHAS,42,36,25.0,489.0,12225.0,2024-10-06
2024100604014854,HDHPC,44,19,177.0,213.0,37701.0,2024-10-06
2024100604014853,HDHPC,50,19,20.0,213.1,4262.0,2024-10-06
2024100604014852,HDHPC,74,19,53.0,213.1,11294.3,2024-10-06
2024100604014851,NHPC,45,85,139.0,221.0,30719.0,2024-10-06
2024100604014850,NHPC,45,5,361.0,221.0,79781.0,2024-10-06
2024100605018442,SAHAS,45,36,180.0,490.0,88200.0,2024-10-06
2024100605018441,SAHAS,45,36,320.0,490.0,156800.0,2024-10-06
2024100604014849,MEN,4,11,11.0,640.1,7041.1,2024-10-06
2024100605018440,VLUCL,50,48,38.0,587.0,22306.0,2024-10-06
2024100605018439,VLUCL,77,48,12.0,587.6,7051.2,2024-10-06
2024100605018438,SHIVM,34,48,50.0,606.1,30305.0,2024-10-06
2024100601019810,MKJC,34,34,263.0,470.5,123741.5,2024-10-06
2024100601019809,MKJC,49,34,100.0,472.0,47200.0,2024-10-06
2024100601019808,MKJC,84,34,400.0,472.0,188800.0,2024-10-06
2024100601019807,MKJC,51,34,50.0,472.1,23605.0,2024-10-06
2024100601019806,MKJC,11,34,27.0,475.9,12849.3,2024-10-06
2024100601019805,MKJC,45,34,100.0,475.9,47590.0,2024-10-06
2024100601019804,MKJC,29,34,50.0,478.0,23900.0,2024-10-06
2024100601019803,MKJC,29,34,10.0,479.9,4799.0,2024-10-06
2024100603015697,NLICL,29,64,280.0,620.0,173600.0,2024-10-06
2024100603015696,NLICL,29,57,100.0,619.9,61990.0,2024-10-06
2024100603015695,NLICL,29,47,120.0,619.5,74340.0,2024-10-06
2024100603015694,PROFL,19,37,50.0,643.0,32150.0,2024-10-06
2024100605018437,PHCL,72,40,455.0,365.0,166075.0,2024-10-06
2024100605018436,PHCL,72,42,25.0,365.0,9125.0,2024-10-06
2024100605018435,PHCL,72,42,10.0,365.0,3650.0,2024-10-06
2024100605018434,PHCL,72,4,10.0,364.0,3640.0,2024-10-06
2024100604014848,LEC,56,54,331.0,264.0,87384.0,2024-10-06
2024100605018433,HATHY,38,42,38.0,1442.0,54796.0,2024-10-06
2024100605018432,SONA,42,42,10.0,495.9,4959.0,2024-10-06
2024100601019802,MANDU,50,19,100.0,863.0,86300.0,2024-10-06
2024100601019801,HBL,42,21,170.0,257.0,43690.0,2024-10-06
2024100603015693,SFCL,58,43,17.0,654.0,11118.0,2024-10-06
2024100601019800,CZBIL,8,41,200.0,244.9,48980.0,2024-10-06
2024100604014847,LEC,51,57,80.0,263.4,21072.0,2024-10-06
2024100604014846,CGH,14,45,90.0,900.0,81000.0,2024-10-06
2024100604014845,CGH,44,45,10.0,900.0,9000.0,2024-10-06
2024100604014844,KKHC,13,22,10.0,270.5,2705.0,2024-10-06
2024100601019799,PCBL,55,59,500.0,285.3,142650.0,2024-10-06
2024100605018431,NRM,11,58,47.0,449.9,21145.3,2024-10-06
2024100601019798,PRVU,6,94,897.0,245.0,219765.0,2024-10-06
2024100601019797,PRVU,49,94,500.0,245.0,122500.0,2024-10-06
2024100601019796,PRVU,32,94,25.0,245.0,6125.0,2024-10-06
2024100601019795,PRVU,62,94,10.0,245.0,2450.0,2024-10-06
2024100601019794,PRVU,47,94,150.0,245.1,36765.0,2024-10-06
2024100601019793,PRVU,54,94,100.0,245.1,24510.0,2024-10-06
2024100601019792,PRVU,14,94,818.0,245.1,200491.8,2024-10-06
2024100601019791,NIMBPO,55,69,110.0,170.6,18766.0,2024-10-06
2024100601019790,NIMBPO,26,69,80.0,170.6,13648.0,2024-10-06
2024100601019789,NIMBPO,26,69,1000.0,170.7,170700.0,2024-10-06
2024100601019788,RAWA,29,44,10.0,731.0,7310.0,2024-10-06
2024100603015692,NFS,52,7,40.0,1489.0,59560.0,2024-10-06
2024100605018430,HRL,7,17,31.0,831.3,25770.3,2024-10-06
2024100604014843,CHCL,33,56,51.0,575.0,29325.0,2024-10-06
2024100604014842,CHCL,33,72,409.0,575.0,235175.0,2024-10-06
2024100604014841,CHCL,33,34,40.0,575.0,23000.0,2024-10-06
2024100604014840,API,56,34,50.0,299.0,14950.0,2024-10-06
2024100604014839,API,25,34,200.0,299.0,59800.0,2024-10-06
2024100604014838,API,42,34,109.0,299.0,32591.0,2024-10-06
2024100603015691,MPFL,34,49,10.0,725.0,7250.0,2024-10-06
2024100601019787,CZBIL,7,6,10.0,244.6,2446.0,2024-10-06
2024100604014837,UPCL,21,17,26.0,268.2,6973.2,2024-10-06
2024100604014836,UPCL,52,17,124.0,268.3,33269.2,2024-10-06
2024100605018429,SMATA,33,39,20.0,872.0,17440.0,2024-10-06
2024100601019786,SNLI,62,66,90.0,598.0,53820.0,2024-10-06
2024100604014835,SICL,18,42,62.0,844.0,52328.0,2024-10-06
2024100605018428,NIFRA,42,34,70.0,286.0,20020.0,2024-10-06
2024100604014834,SHPC,44,42,316.0,544.0,171904.0,2024-10-06
2024100604014833,NHDL,50,45,27.0,585.0,15795.0,2024-10-06
2024100604014832,NHDL,50,34,40.0,584.9,23396.0,2024-10-06
2024100604014831,NHDL,50,58,10.0,584.9,5849.0,2024-10-06
2024100604014830,NHDL,50,59,10.0,584.9,5849.0,2024-10-06
2024100604014829,NHDL,50,34,13.0,580.0,7540.0,2024-10-06
2024100601019785,HIDCLP,49,19,7987.0,175.7,1403315.9,2024-10-06
2024100601019784,HIDCLP,17,19,1000.0,175.7,175700.0,2024-10-06
2024100605018427,CHDC,26,43,30.0,1778.0,53340.0,2024-10-06
2024100605018426,CHDC,17,43,200.0,1778.5,355700.0,2024-10-06
2024100601019783,SRLI,39,57,280.0,450.1,126028.0,2024-10-06
2024100605018425,VLUCL,34,45,20.0,588.0,11760.0,2024-10-06
2024100605018424,CHDC,55,43,50.0,1780.0,89000.0,2024-10-06
2024100601019782,PRVU,14,55,500.0,245.1,122550.0,2024-10-06
2024100601019781,KBSH,55,13,40.0,2180.0,87200.0,2024-10-06
2024100601019780,NBL,58,42,50.0,284.0,14200.0,2024-10-06
2024100605018423,HDL,57,48,10.0,1354.0,13540.0,2024-10-06
2024100605018422,GCIL,42,81,187.0,516.0,96492.0,2024-10-06
2024100605018421,GCIL,18,81,10.0,516.0,5160.0,2024-10-06
2024100605018420,GCIL,88,81,200.0,516.0,103200.0,2024-10-06
2024100605018419,GCIL,58,81,950.0,516.0,490200.0,2024-10-06
2024100605018418,GCIL,18,81,20.0,516.0,10320.0,2024-10-06
2024100605018417,GCIL,4,81,16.0,516.0,8256.0,2024-10-06
2024100605018416,GCIL,56,81,617.0,516.2,318495.4,2024-10-06
2024100604014828,HDHPC,74,46,350.0,213.1,74585.0,2024-10-06
2024100604014827,JOSHI,49,4,10.0,291.0,2910.0,2024-10-06
2024100603015690,SINDU,88,3,35.0,655.0,22925.0,2024-10-06
2024100603015689,SINDU,88,35,25.0,654.8,16370.0,2024-10-06
2024100603015688,SINDU,88,34,30.0,654.5,19635.0,2024-10-06
2024100603015687,SINDU,88,32,10.0,653.8,6538.0,2024-10-06
2024100601019779,BHDC,37,32,10.0,594.7,5947.0,2024-10-06
2024100601019778,BHDC,37,58,10.0,594.0,5940.0,2024-10-06
2024100601019777,BHDC,37,58,10.0,593.0,5930.0,2024-10-06
2024100605018415,SONA,28,1,480.0,495.1,237648.0,2024-10-06
2024100605018414,SONA,63,1,15.0,495.8,7437.0,2024-10-06
2024100603015686,GFCL,26,33,100.0,1086.0,108600.0,2024-10-06
2024100604014826,AHPC,38,57,100.0,276.0,27600.0,2024-10-06
2024100603015685,SHINE,60,51,490.0,489.5,239855.0,2024-10-06
2024100603015684,SHINE,60,34,100.0,489.5,48950.0,2024-10-06
2024100603015683,SHINE,60,26,100.0,489.4,48940.0,2024-10-06
2024100603015682,SHINE,60,19,310.0,489.0,151590.0,2024-10-06
2024100605018413,NRM,7,42,390.0,448.0,174720.0,2024-10-06
2024100605018412,SONA,63,32,18.0,496.1,8929.8,2024-10-06
2024100605018411,SONA,63,4,42.0,495.9,20827.8,2024-10-06
2024100605018410,SONA,63,39,40.0,495.8,19832.0,2024-10-06
2024100605018409,SONA,28,58,10.0,495.1,4951.0,2024-10-06
2024100601019776,SRLI,39,16,180.0,450.1,81018.0,2024-10-06
2024100601019775,SRLI,5,16,20.0,450.2,9004.0,2024-10-06
2024100603015681,FMDBL,58,57,100.0,777.0,77700.0,2024-10-06
2024100603015680,FMDBL,6,57,100.0,777.1,77710.0,2024-10-06
2024100604014825,AKPL,34,55,100.0,245.5,24550.0,2024-10-06
2024100603015679,MPFL,34,55,10.0,725.0,7250.0,2024-10-06
2024100603015678,MDB,62,11,50.0,642.9,32145.0,2024-10-06
2024100603015677,MDB,22,11,10.0,643.1,6431.0,2024-10-06
2024100603015676,NICLBSL,32,51,10.0,725.0,7250.0,2024-10-06
2024100605018408,SONA,28,74,10.0,495.1,4951.0,2024-10-06
2024100605018407,SAHAS,42,28,10.0,489.0,4890.0,2024-10-06
2024100601019774,BHL,29,48,10.0,431.0,4310.0,2024-10-06
2024100604014824,RIDI,59,71,10.0,237.0,2370.0,2024-10-06
2024100601019773,NWCL,42,34,10.0,1041.0,10410.0,2024-10-06
2024100603015675,NLIC,44,49,10.0,833.0,8330.0,2024-10-06
2024100601019772,NYADI,34,58,20.0,311.0,6220.0,2024-10-06
2024100604014823,UPPER,44,34,200.0,215.4,43080.0,2024-10-06
2024100603015674,MSLB,44,1,91.0,1594.0,145054.0,2024-10-06
2024100603015673,SWMF,33,66,94.0,828.0,77832.0,2024-10-06
2024100603015672,SWMF,42,66,100.0,828.1,82810.0,2024-10-06
2024100605018406,NRN,58,60,1000.0,964.0,964000.0,2024-10-06
2024100603015671,SADBL,63,63,180.0,426.6,76788.0,2024-10-06
2024100603015670,SADBL,63,17,10.0,426.5,4265.0,2024-10-06
2024100603015669,SADBL,63,21,10.0,426.5,4265.0,2024-10-06
2024100601019771,LSL,43,25,50.0,249.5,12475.0,2024-10-06
2024100605018405,NRN,22,55,20.0,965.0,19300.0,2024-10-06
2024100601019770,MKJC,45,41,180.0,480.0,86400.0,2024-10-06
2024100601019769,MKJC,45,44,290.0,480.0,139200.0,2024-10-06
2024100601019768,BNT,62,42,10.0,15189.0,151890.0,2024-10-06
2024100603015668,MFIL,59,28,80.0,743.9,59512.0,2024-10-06
2024100601019767,MBL,55,48,500.0,246.0,123000.0,2024-10-06
2024100605018404,NRN,20,55,300.0,965.0,289500.0,2024-10-06
2024100603015667,JSLBB,45,3,63.0,1597.3,100629.9,2024-10-06
2024100603015666,JSLBB,49,3,10.0,1600.0,16000.0,2024-10-06
2024100603015665,JSLBB,62,3,27.0,1601.2,43232.4,2024-10-06
2024100604014822,KKHC,13,49,10.0,270.5,2705.0,2024-10-06
2024100601019766,KBL,56,49,522.0,222.5,116145.0,2024-10-06
2024100603015664,SLBBL,29,34,38.0,1031.0,39178.0,2024-10-06
2024100603015663,JBBL,54,55,20.0,357.9,7158.0,2024-10-06
2024100603015662,BFC,45,41,85.0,623.5,52997.5,2024-10-06
2024100603015661,BFC,32,41,15.0,623.6,9354.0,2024-10-06
2024100604014821,SPDL,98,25,195.0,315.0,61425.0,2024-10-06
2024100604014820,SPDL,98,57,1000.0,315.0,315000.0,2024-10-06
2024100604014819,SPDL,98,35,50.0,315.0,15750.0,2024-10-06
2024100604014818,SPDL,98,16,500.0,315.0,157500.0,2024-10-06
2024100604014817,SPDL,98,43,40.0,315.0,12600.0,2024-10-06
2024100604014816,SPDL,98,49,70.0,315.0,22050.0,2024-10-06
2024100604014815,AHPC,58,18,235.0,274.0,64390.0,2024-10-06
2024100604014814,AHPC,52,18,50.0,274.9,13745.0,2024-10-06
2024100604014813,AHPC,6,18,100.0,275.0,27500.0,2024-10-06
2024100604014812,AHPC,34,18,25.0,275.0,6875.0,2024-10-06
2024100604014811,AHPC,25,18,300.0,275.0,82500.0,2024-10-06
2024100604014810,AHPC,58,18,60.0,275.0,16500.0,2024-10-06
2024100604014809,AHPC,43,18,1000.0,275.0,275000.0,2024-10-06
2024100604014808,AHPC,16,18,1000.0,275.0,275000.0,2024-10-06
2024100604014807,AHPC,34,18,200.0,275.3,55060.0,2024-10-06
2024100604014806,AHPC,89,18,30.0,275.5,8265.0,2024-10-06
2024100604014805,AHPC,60,57,185.0,276.0,51060.0,2024-10-06
2024100603015660,NMLBBL,42,49,50.0,779.0,38950.0,2024-10-06
2024100603015659,SHINE,53,19,200.0,489.0,97800.0,2024-10-06
2024100603015658,SHINE,34,19,10.0,489.0,4890.0,2024-10-06
2024100604014804,NICL,44,45,163.0,1007.6,164238.8,2024-10-06
2024100604014803,NICL,22,45,190.0,1007.9,191501.0,2024-10-06
2024100604014802,NICL,43,45,27.0,1009.0,27243.0,2024-10-06
2024100603015657,NFS,52,44,100.0,1489.0,148900.0,2024-10-06
2024100603015656,RSDC,7,56,20.0,716.0,14320.0,2024-10-06
2024100603015655,CBBL,29,14,11.0,971.0,10681.0,2024-10-06
2024100604014801,SJCL,37,45,298.0,332.0,98936.0,2024-10-06
2024100604014800,SJCL,37,33,50.0,331.9,16595.0,2024-10-06
2024100604014799,SJCL,37,25,50.0,331.1,16555.0,2024-10-06
2024100604014798,SJCL,37,74,22.0,331.1,7284.2,2024-10-06
2024100603015654,JFL,49,42,20.0,641.0,12820.0,2024-10-06
2024100603015653,MFIL,59,34,10.0,743.9,7439.0,2024-10-06
2024100603015652,MPFL,34,33,12.0,725.0,8700.0,2024-10-06
2024100603015651,MPFL,14,33,10.0,725.0,7250.0,2024-10-06
2024100604014797,RURU,51,52,100.0,860.0,86000.0,2024-10-06
2024100604014796,HDHPC,21,35,155.0,213.4,33077.0,2024-10-06
2024100604014795,RADHI,58,52,121.0,399.9,48387.9,2024-10-06
2024100604014794,RADHI,58,52,1000.0,399.7,399700.0,2024-10-06
2024100604014793,RADHI,58,75,500.0,399.6,199800.0,2024-10-06
2024100604014792,RADHI,58,6,1000.0,399.4,399400.0,2024-10-06
2024100604014791,RADHI,58,85,600.0,399.0,239400.0,2024-10-06
2024100604014790,RADHI,58,71,500.0,399.0,199500.0,2024-10-06
2024100603015650,KRBL,11,14,200.0,615.0,123000.0,2024-10-06
2024100604014789,RADHI,58,48,300.0,398.9,119670.0,2024-10-06
2024100604014788,RADHI,58,91,250.0,398.5,99625.0,2024-10-06
2024100604014787,RADHI,58,14,20.0,398.0,7960.0,2024-10-06
2024100604014786,RADHI,58,48,506.0,398.0,201388.0,2024-10-06
2024100604014785,RADHI,58,21,68.0,397.2,27009.6,2024-10-06
2024100604014784,RADHI,58,16,40.0,397.2,15888.0,2024-10-06
2024100604014783,RADHI,58,53,80.0,397.1,31768.0,2024-10-06
2024100604014782,RADHI,58,56,15.0,397.0,5955.0,2024-10-06
2024100601019765,NABIL,52,19,95.0,574.0,54530.0,2024-10-06
2024100601019764,NABIL,52,52,100.0,574.0,57400.0,2024-10-06
2024100601019763,NABIL,52,38,50.0,574.0,28700.0,2024-10-06
2024100601019762,NABIL,52,42,20.0,574.0,11480.0,2024-10-06
2024100601019761,NABIL,52,48,86.0,574.0,49364.0,2024-10-06
2024100601019760,NABIL,52,11,100.0,574.0,57400.0,2024-10-06
2024100601019759,NABIL,52,65,49.0,574.0,28126.0,2024-10-06
2024100601019758,SNLI,62,38,12.0,598.0,7176.0,2024-10-06
2024100601019757,SNLI,62,45,10.0,598.0,5980.0,2024-10-06
2024100601019756,SNLI,62,43,50.0,598.0,29900.0,2024-10-06
2024100601019755,SNLI,62,49,12.0,598.0,7176.0,2024-10-06
2024100601019754,SNLI,62,57,12.0,598.0,7176.0,2024-10-06
2024100601019753,SNLI,62,13,12.0,598.0,7176.0,2024-10-06
2024100601019752,SNLI,62,7,10.0,598.0,5980.0,2024-10-06
2024100601019751,SNLI,62,53,12.0,598.0,7176.0,2024-10-06
2024100601019750,SNLI,62,58,12.0,598.0,7176.0,2024-10-06
2024100601019749,SNLI,62,58,12.0,597.9,7174.8,2024-10-06
2024100601019748,SNLI,62,47,12.0,597.5,7170.0,2024-10-06
2024100601019747,KBL,56,49,431.0,222.5,95897.5,2024-10-06
2024100601019746,DORDI,14,49,10.0,435.5,4355.0,2024-10-06
2024100603015649,GFCL,49,6,49.0,1085.9,53209.1,2024-10-06
2024100603015648,ALICL,6,43,20.0,730.0,14600.0,2024-10-06
2024100603015647,ALICL,6,63,100.0,730.0,73000.0,2024-10-06
2024100603015646,ALICL,6,49,200.0,730.0,146000.0,2024-10-06
2024100603015645,ALICL,6,54,50.0,730.0,36500.0,2024-10-06
2024100603015644,ALICL,6,63,100.0,730.0,73000.0,2024-10-06
2024100603015643,ALICL,6,40,200.0,730.0,146000.0,2024-10-06
2024100603015642,ALICL,6,6,50.0,729.9,36495.0,2024-10-06
2024100603015641,ALICL,6,46,30.0,729.8,21894.0,2024-10-06
2024100603015640,ALICL,6,56,25.0,729.0,18225.0,2024-10-06
2024100604014781,HDHPC,74,17,45.0,213.1,9589.5,2024-10-06
2024100604014780,HDHPC,57,17,100.0,213.2,21320.0,2024-10-06
2024100603015639,NLIC,78,56,20.0,830.2,16604.0,2024-10-06
2024100603015638,NLIC,32,56,80.0,830.5,66440.0,2024-10-06
2024100604014779,GLH,56,85,400.0,240.6,96240.0,2024-10-06
2024100605018403,CLI,18,4,10.0,636.0,6360.0,2024-10-06
2024100605018402,CLI,18,13,10.0,636.0,6360.0,2024-10-06
2024100601019745,TAMOR,47,58,70.0,484.0,33880.0,2024-10-06
2024100601019744,TAMOR,47,58,30.0,484.0,14520.0,2024-10-06
2024100603015637,KRBL,63,14,190.0,615.0,116850.0,2024-10-06
2024100603015636,KRBL,63,62,10.0,614.9,6149.0,2024-10-06
2024100605018401,SHIVM,34,42,1960.0,606.1,1187956.0,2024-10-06
2024100605018400,SHIVM,21,42,200.0,606.1,121220.0,2024-10-06
2024100605018399,SHIVM,59,42,240.0,606.2,145488.0,2024-10-06
2024100604014778,UMHL,42,26,500.0,310.6,155300.0,2024-10-06
2024100601019743,MKCL,35,43,19.0,1421.0,26999.0,2024-10-06
2024100601019742,MKCL,19,43,100.0,1421.0,142100.0,2024-10-06
2024100601019741,MKCL,34,43,10.0,1421.1,14211.0,2024-10-06
2024100601019740,MKCL,59,43,10.0,1421.2,14212.0,2024-10-06
2024100601019739,MKCL,62,43,10.0,1421.3,14213.0,2024-10-06
2024100601019738,MKCL,13,43,226.0,1421.3,321213.8,2024-10-06
2024100601019737,MKCL,58,43,25.0,1421.6,35540.0,2024-10-06
2024100603015635,GLBSL,45,58,10.0,1645.0,16450.0,2024-10-06
2024100601019736,USHL,58,11,112.0,790.0,88480.0,2024-10-06
2024100601019735,USHL,58,11,88.0,790.0,69520.0,2024-10-06
2024100601019734,BGWT,42,52,30.0,916.0,27480.0,2024-10-06
2024100605018398,SMJC,29,52,40.0,544.0,21760.0,2024-10-06
2024100601019733,SANIMA,44,1,20.0,357.0,7140.0,2024-10-06
2024100601019732,SANIMA,44,57,25.0,357.0,8925.0,2024-10-06
2024100601019731,SANIMA,44,1,264.0,357.0,94248.0,2024-10-06
2024100601019730,SANIMA,44,45,10.0,357.0,3570.0,2024-10-06
2024100601019729,SANIMA,44,48,1650.0,357.0,589050.0,2024-10-06
2024100601019728,SANIMA,44,28,2500.0,357.0,892500.0,2024-10-06
2024100601019727,SANIMA,44,56,100.0,357.0,35700.0,2024-10-06
2024100601019726,SANIMA,44,47,50.0,357.0,17850.0,2024-10-06
2024100601019725,SANIMA,44,42,300.0,357.0,107100.0,2024-10-06
2024100601019724,SANIMA,44,42,140.0,357.0,49980.0,2024-10-06
2024100601019723,SANIMA,44,45,25.0,357.0,8925.0,2024-10-06
2024100601019722,SANIMA,44,29,100.0,357.0,35700.0,2024-10-06
2024100601019721,SANIMA,44,11,50.0,357.0,17850.0,2024-10-06
2024100601019720,SANIMA,44,45,20.0,357.0,7140.0,2024-10-06
2024100604014777,SPIL,49,48,318.0,864.0,274752.0,2024-10-06
2024100604014776,SPIL,45,48,420.0,864.1,362922.0,2024-10-06
2024100604014775,SPIL,63,48,12.0,865.0,10380.0,2024-10-06
2024100604014774,SPIL,22,48,250.0,866.0,216500.0,2024-10-06
2024100601019719,MBL,14,22,20.0,247.0,4940.0,2024-10-06
2024100604014773,SHPC,44,58,15.0,544.0,8160.0,2024-10-06
2024100604014772,AHPC,6,57,1000.0,276.0,276000.0,2024-10-06
2024100601019718,KBL,38,32,156.0,223.0,34788.0,2024-10-06
2024100601019717,KBL,38,26,106.0,223.0,23638.0,2024-10-06
2024100601019716,KBL,38,56,738.0,223.0,164574.0,2024-10-06
2024100604014771,UNHPL,19,41,25.0,276.0,6900.0,2024-10-06
2024100603015634,BFC,38,54,200.0,623.9,124780.0,2024-10-06
2024100605018397,NRIC,39,34,121.0,819.9,99207.9,2024-10-06
2024100605018396,NRIC,39,43,20.0,818.0,16360.0,2024-10-06
2024100605018395,NRIC,39,63,76.0,818.0,62168.0,2024-10-06
2024100605018394,NRIC,39,6,50.0,818.0,40900.0,2024-10-06
2024100605018393,NRIC,39,51,50.0,818.0,40900.0,2024-10-06
2024100605018392,NRIC,39,50,15.0,817.0,12255.0,2024-10-06
2024100605018391,NRIC,39,49,25.0,817.0,20425.0,2024-10-06
2024100605018390,NRIC,39,43,50.0,817.0,40850.0,2024-10-06
2024100605018389,NRIC,39,43,50.0,817.0,40850.0,2024-10-06
2024100605018388,NRIC,39,44,22.0,816.0,17952.0,2024-10-06
2024100605018387,NRIC,39,59,100.0,815.0,81500.0,2024-10-06
2024100605018386,NRIC,39,38,70.0,815.0,57050.0,2024-10-06
2024100605018385,NRIC,39,36,105.0,815.0,85575.0,2024-10-06
2024100605018384,NRIC,39,71,200.0,814.9,162980.0,2024-10-06
2024100605018383,NRIC,39,4,11.0,814.0,8954.0,2024-10-06
2024100605018382,NRIC,39,26,25.0,814.0,20350.0,2024-10-06
2024100605018381,NRIC,39,25,10.0,813.0,8130.0,2024-10-06
2024100603015633,SFCL,47,58,40.0,654.8,26192.0,2024-10-06
2024100603015632,NICLBSL,49,42,10.0,716.0,7160.0,2024-10-06
2024100605018380,NTC,49,42,50.0,968.0,48400.0,2024-10-06
2024100605018379,HIDCL,59,50,223.0,278.0,61994.0,2024-10-06
2024100601019715,NABIL,57,53,100.0,573.5,57350.0,2024-10-06
2024100601019714,SARBTM,8,4,300.0,793.9,238170.0,2024-10-06
2024100605018378,NRIC,41,57,10.0,812.0,8120.0,2024-10-06
2024100605018377,NRIC,45,57,90.0,812.0,73080.0,2024-10-06
2024100603015631,BFC,32,57,85.0,623.6,53006.0,2024-10-06
2024100603015630,BFC,57,57,15.0,623.8,9357.0,2024-10-06
2024100604014770,SHEL,13,13,100.0,248.0,24800.0,2024-10-06
2024100603015629,MFIL,45,52,200.0,744.0,148800.0,2024-10-06
2024100604014769,GHL,58,45,100.0,220.6,22060.0,2024-10-06
2024100601019713,UHEWA,32,58,80.0,504.0,40320.0,2024-10-06
2024100601019712,UHEWA,32,32,200.0,499.9,99980.0,2024-10-06
2024100601019711,UHEWA,32,32,200.0,493.8,98760.0,2024-10-06
2024100601019710,UHEWA,32,75,20.0,493.5,9870.0,2024-10-06
2024100601019709,UHEWA,32,57,50.0,493.0,24650.0,2024-10-06
2024100601019708,UHEWA,32,57,100.0,493.0,49300.0,2024-10-06
2024100601019707,UHEWA,32,82,40.0,493.0,19720.0,2024-10-06
2024100601019706,UHEWA,32,58,10.0,493.0,4930.0,2024-10-06
2024100604014768,UNHPL,19,7,100.0,276.0,27600.0,2024-10-06
2024100601019705,PRVU,59,49,120.0,245.5,29460.0,2024-10-06
2024100601019704,PRVU,59,34,200.0,245.5,49100.0,2024-10-06
2024100601019703,PRVU,59,11,50.0,245.5,12275.0,2024-10-06
2024100601019702,PRVU,59,34,150.0,245.5,36825.0,2024-10-06
2024100601019701,PRVU,59,28,1370.0,245.5,336335.0,2024-10-06
2024100601019700,PRVU,59,48,50.0,245.4,12270.0,2024-10-06
2024100601019699,PRVU,59,59,60.0,245.4,14724.0,2024-10-06
2024100601019698,GVL,34,14,68.0,550.0,37400.0,2024-10-06
2024100603015628,RLFL,39,96,200.0,633.0,126600.0,2024-10-06
2024100601019697,SRLI,33,4,10.0,452.0,4520.0,2024-10-06
2024100603015627,SHINE,34,26,100.0,489.4,48940.0,2024-10-06
2024100603015626,GFCL,17,33,10.0,1086.0,10860.0,2024-10-06
2024100601019696,PRVU,14,26,104.0,245.1,25490.4,2024-10-06
2024100603015625,MPFL,51,45,10.0,727.0,7270.0,2024-10-06
2024100603015624,MPFL,51,45,83.0,726.0,60258.0,2024-10-06
2024100603015623,USLB,51,22,10.0,1425.0,14250.0,2024-10-06
2024100603015622,USLB,51,49,40.0,1420.0,56800.0,2024-10-06
2024100605018376,CHDC,17,65,100.0,1778.5,177850.0,2024-10-06
2024100605018375,CHDC,17,65,100.0,1779.0,177900.0,2024-10-06
2024100601019695,TPC,21,34,79.0,455.0,35945.0,2024-10-06
2024100605018374,SHIVM,59,42,20.0,606.2,12124.0,2024-10-06
2024100604014767,UMHL,52,42,810.0,310.1,251181.0,2024-10-06
2024100604014766,UMHL,28,42,52.0,310.6,16151.2,2024-10-06
2024100604014765,UMHL,22,42,938.0,310.6,291342.8,2024-10-06
2024100603015621,GUFL,42,41,200.0,780.0,156000.0,2024-10-06
2024100603015620,GUFL,42,14,100.0,780.0,78000.0,2024-10-06
2024100603015619,GUFL,42,67,185.0,780.0,144300.0,2024-10-06
2024100603015618,GUFL,42,50,15.0,778.9,11683.5,2024-10-06
2024100605018373,SHIVM,16,33,226.0,609.0,137634.0,2024-10-06
2024100605018372,SHIVM,16,32,100.0,609.0,60900.0,2024-10-06
2024100605018371,SHIVM,16,81,75.0,608.0,45600.0,2024-10-06
2024100605018370,SHIVM,16,29,100.0,608.0,60800.0,2024-10-06
2024100605018369,SHIVM,16,11,200.0,608.0,121600.0,2024-10-06
2024100605018368,SHIVM,16,91,299.0,608.0,181792.0,2024-10-06
2024100601019694,MANDU,49,19,10.0,863.0,8630.0,2024-10-06
2024100601019693,MANDU,64,19,50.0,863.0,43150.0,2024-10-06
2024100601019692,MANDU,57,19,10.0,863.1,8631.0,2024-10-06
2024100601019691,MANDU,57,19,20.0,863.2,17264.0,2024-10-06
2024100603015617,PFL,58,22,180.0,660.0,118800.0,2024-10-06
2024100603015616,BFC,45,54,10.0,623.9,6239.0,2024-10-06
2024100604014764,CHCL,25,32,38.0,574.2,21819.6,2024-10-06
2024100604014763,SJCL,39,74,478.0,331.1,158265.8,2024-10-06
2024100604014762,UMHL,22,44,20.0,310.6,6212.0,2024-10-06
2024100604014761,UMHL,59,44,30.0,310.8,9324.0,2024-10-06
2024100601019690,TPC,48,34,10.0,455.0,4550.0,2024-10-06
2024100605018367,HIDCL,59,50,77.0,277.2,21344.4,2024-10-06
2024100604014760,SALICO,91,36,600.0,755.0,453000.0,2024-10-06
2024100604014759,HPPL,91,57,200.0,321.5,64300.0,2024-10-06
2024100601019689,PCBL,57,59,834.0,285.3,237940.2,2024-10-06
2024100601019688,KDL,72,72,10.0,1089.3,10893.0,2024-10-06
2024100601019687,KDL,72,45,10.0,1085.0,10850.0,2024-10-06
2024100601019686,KDL,72,58,20.0,1083.0,21660.0,2024-10-06
2024100601019685,KDL,72,56,10.0,1080.0,10800.0,2024-10-06
2024100601019684,KDL,72,34,10.0,1078.5,10785.0,2024-10-06
2024100605018366,SAHAS,36,36,50.0,490.0,24500.0,2024-10-06
2024100601019683,KBL,33,56,10.0,223.0,2230.0,2024-10-06
2024100603015615,NLIC,34,16,11.0,833.0,9163.0,2024-10-06
2024100605018365,CHDC,34,43,131.0,1780.0,233180.0,2024-10-06
2024100604014758,GLH,57,38,100.0,240.2,24020.0,2024-10-06
2024100603015614,NICLBSL,38,42,10.0,725.0,7250.0,2024-10-06
2024100605018364,SMJC,4,67,274.0,545.0,149330.0,2024-10-06
2024100605018363,SMJC,4,14,90.0,545.0,49050.0,2024-10-06
2024100605018362,SMJC,4,10,36.0,545.0,19620.0,2024-10-06
2024100601019682,IHL,21,66,10.0,488.0,4880.0,2024-10-06
2024100601019681,MCHL,45,43,55.0,490.0,26950.0,2024-10-06
2024100601019680,MCHL,49,43,20.0,490.1,9802.0,2024-10-06
2024100604014757,SHL,55,14,100.0,519.9,51990.0,2024-10-06
2024100604014756,SHL,55,34,100.0,519.7,51970.0,2024-10-06
2024100601019679,PPL,55,48,40.0,467.0,18680.0,2024-10-06
2024100604014755,NLG,55,57,35.0,1310.0,45850.0,2024-10-06
2024100605018361,NRN,58,62,200.0,964.0,192800.0,2024-10-06
2024100605018360,HRL,58,48,10.0,831.1,8311.0,2024-10-06
2024100603015613,BFC,57,7,35.0,623.8,21833.0,2024-10-06
2024100603015612,BFC,7,7,15.0,623.8,9357.0,2024-10-06
2024100601019678,KBL,35,56,1352.0,223.0,301496.0,2024-10-06
2024100601019677,KBL,35,34,548.0,223.0,122204.0,2024-10-06
2024100601019676,KBL,35,42,100.0,222.9,22290.0,2024-10-06
2024100601019675,SNLI,34,49,11.0,597.1,6568.1,2024-10-06
2024100605018359,NIFRA,6,34,30.0,286.0,8580.0,2024-10-06
2024100603015611,ICFC,17,14,43.0,758.0,32594.0,2024-10-06
2024100603015610,ICFC,17,25,57.0,758.0,43206.0,2024-10-06
2024100601019674,SBI,66,63,113.0,454.1,51313.3,2024-10-06
2024100601019673,SBI,66,14,82.0,454.1,37236.2,2024-10-06
2024100605018358,NRM,63,32,10.0,450.0,4500.0,2024-10-06
2024100605018357,NRM,63,52,10.0,450.0,4500.0,2024-10-06
2024100605018356,NRM,63,29,10.0,450.0,4500.0,2024-10-06
2024100605018355,NRM,63,29,10.0,450.0,4500.0,2024-10-06
2024100605018354,SMJC,84,10,164.0,545.0,89380.0,2024-10-06
2024100605018353,SMJC,84,41,100.0,545.0,54500.0,2024-10-06
2024100605018352,SMJC,84,45,10.0,545.0,5450.0,2024-10-06
2024100605018351,SMJC,84,25,10.0,545.0,5450.0,2024-10-06
2024100605018350,SMJC,84,87,140.0,545.0,76300.0,2024-10-06
2024100605018349,SMJC,84,52,16.0,544.9,8718.4,2024-10-06
2024100605018348,SMJC,84,29,10.0,544.5,5445.0,2024-10-06
2024100605018347,SMJC,84,16,50.0,544.0,27200.0,2024-10-06
2024100604014754,MHNL,35,55,30.0,265.0,7950.0,2024-10-06
2024100605018346,VLUCL,77,44,190.0,594.8,113012.0,2024-10-06
2024100605018345,VLUCL,77,5,100.0,594.0,59400.0,2024-10-06
2024100605018344,VLUCL,77,43,10.0,594.0,5940.0,2024-10-06
2024100605018343,VLUCL,77,52,20.0,593.9,11878.0,2024-10-06
2024100605018342,VLUCL,77,58,10.0,592.0,5920.0,2024-10-06
2024100605018341,VLUCL,77,58,10.0,590.0,5900.0,2024-10-06
2024100605018340,VLUCL,77,58,10.0,590.0,5900.0,2024-10-06
2024100605018339,VLUCL,77,48,50.0,590.0,29500.0,2024-10-06
2024100605018338,NRN,55,55,90.0,965.0,86850.0,2024-10-06
2024100603015609,PFL,58,13,50.0,660.0,33000.0,2024-10-06
2024100604014753,HDHPC,74,11,600.0,213.1,127860.0,2024-10-06
2024100603015608,CBBL,45,8,50.0,975.0,48750.0,2024-10-06
2024100605018337,HDL,57,32,10.0,1354.0,13540.0,2024-10-06
2024100604014752,SICL,18,44,35.0,844.0,29540.0,2024-10-06
2024100604014751,SICL,57,44,15.0,845.0,12675.0,2024-10-06
2024100604014750,LEC,16,54,950.0,263.3,250135.0,2024-10-06
2024100604014749,LEC,7,54,50.0,263.3,13165.0,2024-10-06
2024100601019672,GBIME,57,49,39.0,248.5,9691.5,2024-10-06
2024100601019671,GBIME,14,49,10.0,249.0,2490.0,2024-10-06
2024100601019670,GBIME,58,49,60.0,249.0,14940.0,2024-10-06
2024100601019669,GBIME,42,49,70.0,249.0,17430.0,2024-10-06
2024100601019668,GBIME,34,49,400.0,249.0,99600.0,2024-10-06
2024100601019667,GBIME,25,49,298.0,249.0,74202.0,2024-10-06
2024100601019666,GBIME,14,49,10.0,249.1,2491.0,2024-10-06
2024100601019665,GBIME,25,49,310.0,249.1,77221.0,2024-10-06
2024100604014748,NLG,55,34,500.0,1310.0,655000.0,2024-10-06
2024100605018336,SHIVM,59,26,40.0,606.2,24248.0,2024-10-06
2024100605018335,SHIVM,35,26,10.0,606.2,6062.0,2024-10-06
2024100603015607,PFL,66,51,149.0,661.0,98489.0,2024-10-06
2024100603015606,PFL,66,49,100.0,661.0,66100.0,2024-10-06
2024100603015605,PFL,66,55,93.0,661.0,61473.0,2024-10-06
2024100603015604,PFL,66,49,20.0,661.0,13220.0,2024-10-06
2024100603015603,PFL,66,6,10.0,661.0,6610.0,2024-10-06
2024100603015602,PFL,66,44,65.0,661.0,42965.0,2024-10-06
2024100603015601,PFL,66,54,500.0,660.9,330450.0,2024-10-06
2024100603015600,PFL,66,22,15.0,660.1,9901.5,2024-10-06
2024100603015599,PFL,66,22,48.0,660.1,31684.8,2024-10-06
2024100605018334,HIDCL,28,56,100.0,277.1,27710.0,2024-10-06
2024100603015598,MLBL,39,44,69.0,410.0,28290.0,2024-10-06
2024100603015597,MLBL,39,43,25.0,410.0,10250.0,2024-10-06
2024100603015596,MLBL,39,28,300.0,409.9,122970.0,2024-10-06
2024100603015595,MLBL,39,28,56.0,409.9,22954.4,2024-10-06
2024100603015594,MLBL,39,42,50.0,408.9,20445.0,2024-10-06
2024100603015593,PFL,58,56,120.0,660.0,79200.0,2024-10-06
2024100605018333,HIDCL,60,50,23.0,277.2,6375.6,2024-10-06
2024100605018332,HRL,42,45,190.0,832.0,158080.0,2024-10-06
2024100605018331,HRL,42,58,10.0,831.2,8312.0,2024-10-06
2024100601019664,RAWA,92,5,50.0,743.0,37150.0,2024-10-06
2024100601019663,RAWA,92,47,1000.0,742.5,742500.0,2024-10-06
2024100601019662,RAWA,92,26,100.0,742.0,74200.0,2024-10-06
2024100601019661,RAWA,92,53,100.0,741.0,74100.0,2024-10-06
2024100601019660,RAWA,92,38,500.0,740.5,370250.0,2024-10-06
2024100601019659,RAWA,92,41,250.0,740.0,185000.0,2024-10-06
2024100601019658,RAWA,92,62,500.0,740.0,370000.0,2024-10-06
2024100601019657,RAWA,92,14,230.0,739.0,169970.0,2024-10-06
2024100601019656,RAWA,92,28,100.0,735.0,73500.0,2024-10-06
2024100601019655,RAWA,92,4,10.0,735.0,7350.0,2024-10-06
2024100601019654,RAWA,92,65,50.0,735.0,36750.0,2024-10-06
2024100601019653,RAWA,92,48,100.0,735.0,73500.0,2024-10-06
2024100601019652,RAWA,92,51,10.0,734.0,7340.0,2024-10-06
2024100604014747,API,42,43,100.0,299.0,29900.0,2024-10-06
2024100604014746,API,42,49,50.0,299.0,14950.0,2024-10-06
2024100604014745,API,42,94,341.0,299.0,101959.0,2024-10-06
2024100603015592,MLBL,7,42,40.0,409.0,16360.0,2024-10-06
2024100601019651,SRLI,39,43,10.0,450.1,4501.0,2024-10-06
2024100603015591,FOWAD,77,52,10.0,1469.9,14699.0,2024-10-06
2024100603015590,NFS,52,55,40.0,1489.0,59560.0,2024-10-06
2024100603015589,SIFC,57,22,694.0,626.0,434444.0,2024-10-06
2024100603015588,SIFC,11,22,200.0,626.0,125200.0,2024-10-06
2024100603015587,SIFC,42,22,106.0,626.0,66356.0,2024-10-06
2024100605018330,HDL,62,22,50.0,1355.0,67750.0,2024-10-06
2024100603015586,NLICL,52,47,80.0,619.5,49560.0,2024-10-06
2024100601019650,PRVU,14,36,78.0,245.1,19117.8,2024-10-06
2024100601019649,PRVU,34,36,913.0,245.1,223776.3,2024-10-06
2024100601019648,PRVU,55,36,64.0,245.2,15692.8,2024-10-06
2024100601019647,PRVU,63,36,1000.0,245.3,245300.0,2024-10-06
2024100601019646,PRVU,49,36,10.0,245.3,2453.0,2024-10-06
2024100601019645,PRVU,58,36,35.0,245.3,8585.5,2024-10-06
2024100601019644,NICA,77,45,406.0,472.0,191632.0,2024-10-06
2024100603015585,SJLIC,28,57,20.0,492.8,9856.0,2024-10-06
2024100601019643,AHL,13,44,100.0,643.0,64300.0,2024-10-06
2024100601019642,KBSH,44,57,90.0,2205.0,198450.0,2024-10-06
2024100601019641,KBSH,44,58,100.0,2205.0,220500.0,2024-10-06
2024100601019640,KBSH,44,35,10.0,2200.0,22000.0,2024-10-06
2024100601019639,SMHL,50,48,120.0,576.0,69120.0,2024-10-06
2024100601019638,SMHL,8,48,70.0,576.1,40327.0,2024-10-06
2024100601019637,PRVU,48,59,90.0,245.4,22086.0,2024-10-06
2024100603015584,MLBL,7,57,160.0,409.0,65440.0,2024-10-06
2024100604014744,LEC,54,54,200.0,264.0,52800.0,2024-10-06
2024100601019636,TPC,6,34,100.0,455.0,45500.0,2024-10-06
2024100601019635,TPC,34,34,661.0,455.1,300821.1,2024-10-06
2024100601019634,TPC,47,34,150.0,457.0,68550.0,2024-10-06
2024100605018329,SONA,25,39,10.0,495.9,4959.0,2024-10-06
2024100604014743,PRIN,41,52,50.0,997.0,49850.0,2024-10-06
2024100604014742,NLG,55,56,30.0,1310.0,39300.0,2024-10-06
2024100601019633,LSL,36,25,50.0,249.5,12475.0,2024-10-06
2024100601019632,ANLB,87,58,1.0,4800.0,4800.0,2024-10-06
2024100601019631,ANLB,87,58,11.0,4800.0,52800.0,2024-10-06
2024100603015583,PFL,58,42,100.0,660.0,66000.0,2024-10-06
2024100601019630,AHL,70,66,100.0,643.1,64310.0,2024-10-06
2024100603015582,PFL,58,42,50.0,660.0,33000.0,2024-10-06
2024100604014741,HPPL,48,57,10.0,321.5,3215.0,2024-10-06
2024100604014740,HPPL,48,17,130.0,321.0,41730.0,2024-10-06
2024100604014739,HPPL,48,36,30.0,320.0,9600.0,2024-10-06
2024100605018328,HIDCL,28,48,50.0,277.1,13855.0,2024-10-06
2024100603015581,GRDBL,58,89,286.0,730.0,208780.0,2024-10-06
2024100603015580,GRDBL,58,13,14.0,729.9,10218.6,2024-10-06
2024100603015579,CFCL,35,20,10.0,626.0,6260.0,2024-10-06
2024100605018327,SMJC,51,6,10.0,542.1,5421.0,2024-10-06
2024100601019629,NYADI,26,49,270.0,310.1,83727.0,2024-10-06
2024100601019628,NYADI,34,49,30.0,310.2,9306.0,2024-10-06
2024100601019627,NWCL,34,16,50.0,1050.0,52500.0,2024-10-06
2024100604014738,HDHPC,74,34,359.0,213.1,76502.9,2024-10-06
2024100601019626,KBSH,55,41,10.0,2180.0,21800.0,2024-10-06
2024100604014737,SHPC,41,58,10.0,545.0,5450.0,2024-10-06
2024100601019625,EHPL,41,29,50.0,818.1,40905.0,2024-10-06
2024100604014736,MHNL,35,47,250.0,265.0,66250.0,2024-10-06
2024100604014735,RURU,70,63,50.0,859.0,42950.0,2024-10-06
2024100603015578,NLICL,42,8,30.0,619.2,18576.0,2024-10-06
2024100604014734,AKJCL,32,67,190.0,212.2,40318.0,2024-10-06
2024100603015577,SINDU,70,14,200.0,653.0,130600.0,2024-10-06
2024100603015576,SINDU,70,49,23.0,653.0,15019.0,2024-10-06
2024100603015575,SINDU,70,68,288.0,653.0,188064.0,2024-10-06
2024100601019624,MKHC,22,52,200.0,340.0,68000.0,2024-10-06
2024100604014733,SHPC,44,44,129.0,544.0,70176.0,2024-10-06
2024100601019623,NESDO,10,42,11.0,2250.0,24750.0,2024-10-06
2024100603015574,SJLIC,45,49,28.0,492.0,13776.0,2024-10-06
2024100603015573,SJLIC,45,49,32.0,492.0,15744.0,2024-10-06
2024100604014732,AKPL,34,41,10.0,245.5,2455.0,2024-10-06
2024100603015572,PFL,32,4,47.0,657.0,30879.0,2024-10-06
2024100601019622,TPC,47,42,100.0,457.0,45700.0,2024-10-06
2024100601019621,TPC,47,58,30.0,457.0,13710.0,2024-10-06
2024100601019620,TPC,47,52,10.0,457.0,4570.0,2024-10-06
2024100601019619,TPC,47,44,100.0,456.8,45680.0,2024-10-06
2024100601019618,TPC,47,14,200.0,456.5,91300.0,2024-10-06
2024100601019617,TPC,47,45,410.0,456.0,186960.0,2024-10-06
2024100601019616,KBL,50,42,850.0,222.9,189465.0,2024-10-06
2024100604014731,NLG,55,58,170.0,1310.0,222700.0,2024-10-06
2024100603015571,GBBL,36,42,500.0,454.2,227100.0,2024-10-06
2024100603015570,GBBL,34,42,269.0,455.0,122395.0,2024-10-06
2024100603015569,SIFC,42,43,594.0,626.0,371844.0,2024-10-06
2024100603015568,SIFC,58,43,100.0,626.2,62620.0,2024-10-06
2024100603015567,SIFC,41,43,306.0,626.3,191647.8,2024-10-06
2024100603015566,RLFL,58,44,500.0,634.0,317000.0,2024-10-06
2024100601019615,NIMBPO,25,69,1000.0,170.8,170800.0,2024-10-06
2024100603015565,SHINE,57,26,300.0,489.4,146820.0,2024-10-06
2024100604014730,UAIL,26,11,22.0,660.0,14520.0,2024-10-06
2024100603015564,NFS,52,49,10.0,1489.0,14890.0,2024-10-06
2024100603015563,MPFL,35,45,17.0,726.0,12342.0,2024-10-06
2024100601019614,UNLB,1,45,10.0,2477.2,24772.0,2024-10-06
2024100603015562,CFCL,35,20,500.0,625.1,312550.0,2024-10-06
2024100603015561,ALICL,48,44,1000.0,728.0,728000.0,2024-10-06
2024100603015560,GUFL,42,7,300.0,776.0,232800.0,2024-10-06
2024100603015559,GUFL,13,7,150.0,776.0,116400.0,2024-10-06
2024100603015558,MFIL,59,56,10.0,743.9,7439.0,2024-10-06
2024100601019613,NMB,40,35,130.0,269.5,35035.0,2024-10-06
2024100601019612,NMB,40,94,300.0,269.4,80820.0,2024-10-06
2024100601019611,NMB,40,43,40.0,269.4,10776.0,2024-10-06
2024100601019610,NMB,40,65,30.0,269.0,8070.0,2024-10-06
