transaction,symbol,buyer,seller,quantity,rate,amount,date
2024121804011133,JOSHI,74,22,10.0,454.1,4541.0,2024-12-18
2024121803013323,RLFL,74,6,10.0,608.5,6085.0,2024-12-18
2024121801016662,MKHC,42,49,10.0,577.3,5773.0,2024-12-18
2024121804011132,NLG,55,52,600.0,937.1,562260.0,2024-12-18
2024121801016661,MSHL,62,57,10.0,985.0,9850.0,2024-12-18
2024121803013322,GUFL,64,13,70.0,693.1,48517.0,2024-12-18
2024121803013321,GUFL,34,13,50.0,693.1,34655.0,2024-12-18
2024121803013320,GUFL,6,13,180.0,694.0,124920.0,2024-12-18
2024121804011131,KKHC,62,51,10.0,395.9,3959.0,2024-12-18
2024121803013319,NABBC,62,19,10.0,1433.0,14330.0,2024-12-18
2024121803013318,NABBC,17,19,10.0,1427.0,14270.0,2024-12-18
2024121803013317,HLBSL,62,45,50.0,949.8,47490.0,2024-12-18
2024121803013316,SMFBS,38,40,200.0,1978.0,395600.0,2024-12-18
2024121801016660,KBL,66,49,10.0,213.7,2137.0,2024-12-18
2024121803013315,GBLBS,41,74,10.0,779.0,7790.0,2024-12-18
2024121804011130,UMRH,96,19,10.0,623.2,6232.0,2024-12-18
2024121803013314,SAPDBL,71,65,10.0,1098.0,10980.0,2024-12-18
2024121801016659,DOLTI,13,71,30.0,693.0,20790.0,2024-12-18
2024121801016658,DOLTI,13,71,500.0,693.0,346500.0,2024-12-18
2024121801016657,DOLTI,64,71,50.0,694.0,34700.0,2024-12-18
2024121801016656,DOLTI,16,71,50.0,695.0,34750.0,2024-12-18
2024121801016655,DOLTI,34,71,50.0,695.0,34750.0,2024-12-18
2024121801016654,DOLTI,41,71,100.0,695.0,69500.0,2024-12-18
2024121801016653,DOLTI,61,71,1000.0,695.0,695000.0,2024-12-18
2024121801016652,DOLTI,42,71,100.0,695.9,69590.0,2024-12-18
2024121801016651,DOLTI,72,71,200.0,695.9,139180.0,2024-12-18
2024121804011129,KKHC,96,51,45.0,395.9,17815.5,2024-12-18
2024121804011128,KKHC,96,45,500.0,395.0,197500.0,2024-12-18
2024121804011127,KKHC,96,21,200.0,395.0,79000.0,2024-12-18
2024121804011126,KKHC,96,14,100.0,394.9,39490.0,2024-12-18
2024121804011125,KKHC,96,48,155.0,394.8,61194.0,2024-12-18
2024121803013313,JFL,41,7,100.0,917.9,91790.0,2024-12-18
2024121803013312,SAPDBL,71,65,10.0,1098.0,10980.0,2024-12-18
2024121803013311,SAPDBL,96,65,402.0,1098.0,441396.0,2024-12-18
2024121803013310,SAPDBL,96,42,64.0,1094.9,70073.6,2024-12-18
2024121803013309,SAPDBL,96,29,34.0,1094.9,37226.6,2024-12-18
2024121803013308,SLBSL,67,58,10.0,1771.0,17710.0,2024-12-18
2024121804011124,UMRH,50,19,10.0,623.2,6232.0,2024-12-18
2024121804011123,SALICO,46,13,10.0,702.0,7020.0,2024-12-18
2024121803013307,ACLBSL,40,88,40.0,1010.0,40400.0,2024-12-18
2024121801016650,SPHL,99,52,37.0,794.0,29378.0,2024-12-18
2024121801016649,SPHL,99,22,500.0,794.0,397000.0,2024-12-18
2024121801016648,SPHL,99,45,138.0,790.0,109020.0,2024-12-18
2024121801016647,SPHL,99,4,150.0,789.9,118485.0,2024-12-18
2024121801016646,SPHL,99,28,175.0,789.8,138215.0,2024-12-18
2024121804011122,KKHC,22,22,50.0,389.9,19495.0,2024-12-18
2024121801016645,UHEWA,34,58,10.0,688.0,6880.0,2024-12-18
2024121801016644,RFPL,62,34,20.0,946.2,18924.0,2024-12-18
2024121801016643,RAWA,57,74,10.0,785.0,7850.0,2024-12-18
2024121801016642,TSHL,6,34,50.0,860.0,43000.0,2024-12-18
2024121801016641,TSHL,49,34,28.0,860.0,24080.0,2024-12-18
2024121801016640,MLBS,70,57,21.0,2260.0,47460.0,2024-12-18
2024121803013306,NABBC,69,19,10.0,1427.0,14270.0,2024-12-18
2024121803013305,PFL,32,45,10.0,649.0,6490.0,2024-12-18
2024121803013304,HLI,57,1,500.0,453.0,226500.0,2024-12-18
2024121803013303,HLI,57,42,200.0,452.9,90580.0,2024-12-18
2024121803013302,MFIL,32,51,10.0,685.0,6850.0,2024-12-18
2024121803013301,MFIL,32,59,165.0,685.0,113025.0,2024-12-18
2024121803013300,GMFIL,32,40,10.0,600.0,6000.0,2024-12-18
2024121803013299,NFS,65,49,50.0,1116.2,55810.0,2024-12-18
2024121801016639,EBL,17,49,80.0,588.0,47040.0,2024-12-18
2024121803013298,SFCL,5,32,10.0,679.0,6790.0,2024-12-18
2024121801016638,BEDC,56,42,37.0,660.0,24420.0,2024-12-18
2024121801016637,BEDC,56,13,20.0,660.0,13200.0,2024-12-18
2024121801016636,MLBS,70,6,79.0,2235.0,176565.0,2024-12-18
2024121801016635,BEDC,56,13,10.0,660.0,6600.0,2024-12-18
2024121801016634,HBL,56,52,10.0,236.0,2360.0,2024-12-18
2024121803013297,NABBC,28,19,400.0,1427.0,570800.0,2024-12-18
2024121804011121,HPPL,45,45,50.0,384.2,19210.0,2024-12-18
2024121804011120,NGPL,65,45,41.0,265.7,10893.7,2024-12-18
2024121804011119,NGPL,8,45,1959.0,265.8,520702.2,2024-12-18
2024121803013296,JFL,41,45,10.0,917.9,9179.0,2024-12-18
2024121801016633,RFPL,62,63,120.0,946.2,113544.0,2024-12-18
2024121801016632,RFPL,62,63,100.0,946.2,94620.0,2024-12-18
2024121801016631,RFPL,84,63,150.0,947.0,142050.0,2024-12-18
2024121801016630,RFPL,39,63,90.0,948.0,85320.0,2024-12-18
2024121801016629,RFPL,8,63,40.0,948.1,37924.0,2024-12-18
2024121803013295,SJLIC,39,44,20.0,448.0,8960.0,2024-12-18
2024121801016628,MLBS,60,6,10.0,2235.0,22350.0,2024-12-18
2024121801016627,TAMOR,18,35,10.0,513.7,5137.0,2024-12-18
2024121801016626,DOLTI,35,57,90.0,696.0,62640.0,2024-12-18
2024121801016625,DOLTI,35,77,10.0,696.0,6960.0,2024-12-18
2024121801016624,RFPL,92,62,100.0,1015.0,101500.0,2024-12-18
2024121803013294,JFL,41,26,100.0,917.9,91790.0,2024-12-18
2024121801016623,KBSH,91,35,40.0,2676.0,107040.0,2024-12-18
2024121805008303,SHIVM,66,48,50.0,556.0,27800.0,2024-12-18
2024121803013293,GILB,1,46,10.0,1188.0,11880.0,2024-12-18
2024121803013292,GBLBS,43,74,10.0,779.0,7790.0,2024-12-18
2024121805008302,MBJC,18,57,40.0,341.0,13640.0,2024-12-18
2024121805008301,MBJC,18,45,10.0,340.2,3402.0,2024-12-18
2024121804011118,RADHI,44,18,586.0,382.2,223969.2,2024-12-18
2024121804011117,RADHI,17,18,200.0,382.6,76520.0,2024-12-18
2024121804011116,RADHI,17,18,10.0,382.6,3826.0,2024-12-18
2024121804011115,RADHI,52,18,50.0,383.0,19150.0,2024-12-18
2024121804011114,RADHI,58,18,50.0,383.0,19150.0,2024-12-18
2024121804011113,RADHI,34,18,200.0,383.0,76600.0,2024-12-18
2024121804011112,RADHI,17,18,10.0,383.0,3830.0,2024-12-18
2024121804011111,RADHI,45,18,70.0,383.0,26810.0,2024-12-18
2024121804011110,RADHI,52,18,2000.0,383.0,766000.0,2024-12-18
2024121804011109,RADHI,65,18,1326.0,383.2,508123.2,2024-12-18
2024121804011108,RADHI,62,18,1153.0,383.3,441944.9,2024-12-18
2024121804011107,RADHI,32,18,100.0,383.5,38350.0,2024-12-18
2024121804011106,RADHI,26,18,50.0,384.0,19200.0,2024-12-18
2024121804011105,RADHI,46,18,20.0,384.0,7680.0,2024-12-18
2024121804011104,RADHI,48,18,990.0,384.0,380160.0,2024-12-18
2024121804011103,RADHI,38,18,185.0,385.4,71299.0,2024-12-18
2024121801016622,SBI,44,43,17.0,450.7,7661.9,2024-12-18
2024121801016621,SBI,44,81,13.0,450.0,5850.0,2024-12-18
2024121801016620,SBI,44,34,100.0,449.9,44990.0,2024-12-18
2024121801016619,SBI,44,8,100.0,448.8,44880.0,2024-12-18
2024121803013291,NUBL,16,34,10.0,689.0,6890.0,2024-12-18
2024121803013290,BFC,33,58,14.0,730.0,10220.0,2024-12-18
2024121803013289,BFC,33,22,346.0,729.9,252545.4,2024-12-18
2024121803013288,BFC,33,22,400.0,729.9,291960.0,2024-12-18
2024121803013287,BFC,33,7,80.0,728.0,58240.0,2024-12-18
2024121803013286,BFC,33,65,100.0,727.0,72700.0,2024-12-18
2024121803013285,BFC,33,41,20.0,727.0,14540.0,2024-12-18
2024121803013284,BFC,33,42,40.0,727.0,29080.0,2024-12-18
2024121804011102,RURU,58,36,10.0,690.1,6901.0,2024-12-18
2024121805008300,NRM,36,11,20.0,437.0,8740.0,2024-12-18
2024121805008299,ILI,42,58,20.0,469.0,9380.0,2024-12-18
2024121801016618,EHPL,42,39,10.0,729.0,7290.0,2024-12-18
2024121803013283,SAPDBL,52,29,30.0,1094.9,32847.0,2024-12-18
2024121803013282,SAPDBL,52,46,70.0,1092.0,76440.0,2024-12-18
2024121801016617,MMKJL,13,88,10.0,690.0,6900.0,2024-12-18
2024121803013281,NABBC,17,19,100.0,1427.0,142700.0,2024-12-18
2024121801016616,KBL,94,54,200.0,213.5,42700.0,2024-12-18
2024121801016615,MLBS,8,6,11.0,2235.0,24585.0,2024-12-18
2024121803013280,LBBL,72,38,10.0,482.4,4824.0,2024-12-18
2024121803013279,LBBL,21,38,10.0,482.4,4824.0,2024-12-18
2024121803013278,MNBBL,38,42,50.0,375.0,18750.0,2024-12-18
2024121801016614,NIMB,38,98,10.0,218.5,2185.0,2024-12-18
2024121804011101,KKHC,22,87,200.0,389.9,77980.0,2024-12-18
2024121804011100,PPCL,38,72,500.0,298.0,149000.0,2024-12-18
2024121804011099,PPCL,38,58,100.0,297.0,29700.0,2024-12-18
2024121803013277,NFS,71,34,50.0,1120.0,56000.0,2024-12-18
2024121803013276,NABBC,71,19,50.0,1427.0,71350.0,2024-12-18
2024121804011098,DHPL,71,91,100.0,307.0,30700.0,2024-12-18
2024121803013275,JFL,41,6,10.0,917.9,9179.0,2024-12-18
2024121801016613,BHDC,50,71,10.0,650.9,6509.0,2024-12-18
2024121803013274,ICFC,50,29,40.0,697.0,27880.0,2024-12-18
2024121803013273,ICFC,50,45,50.0,697.0,34850.0,2024-12-18
2024121803013272,ICFC,50,44,10.0,696.0,6960.0,2024-12-18
2024121805008298,RNLI,88,16,21.0,505.0,10605.0,2024-12-18
2024121804011097,JOSHI,22,1,20.0,454.0,9080.0,2024-12-18
2024121804011096,JOSHI,22,61,100.0,454.0,45400.0,2024-12-18
2024121804011095,JOSHI,22,41,4000.0,453.9,1815600.0,2024-12-18
2024121804011094,JOSHI,22,41,2000.0,453.9,907800.0,2024-12-18
2024121804011093,JOSHI,22,72,10.0,453.8,4538.0,2024-12-18
2024121804011092,JOSHI,22,72,10.0,453.6,4536.0,2024-12-18
2024121804011091,JOSHI,22,22,200.0,453.5,90700.0,2024-12-18
2024121804011090,JOSHI,22,72,10.0,453.5,4535.0,2024-12-18
2024121804011089,JOSHI,22,72,10.0,453.5,4535.0,2024-12-18
2024121804011088,JOSHI,22,72,10.0,453.4,4534.0,2024-12-18
2024121804011087,JOSHI,22,72,10.0,453.3,4533.0,2024-12-18
2024121804011086,JOSHI,22,35,405.0,453.0,183465.0,2024-12-18
2024121804011085,JOSHI,22,43,10.0,453.0,4530.0,2024-12-18
2024121804011084,JOSHI,22,43,10.0,453.0,4530.0,2024-12-18
2024121804011083,JOSHI,22,21,170.0,453.0,77010.0,2024-12-18
2024121804011082,JOSHI,22,36,100.0,452.8,45280.0,2024-12-18
2024121804011081,JOSHI,22,74,70.0,452.7,31689.0,2024-12-18
2024121804011080,JOSHI,22,58,60.0,452.4,27144.0,2024-12-18
2024121804011079,JOSHI,22,43,25.0,452.4,11310.0,2024-12-18
2024121804011078,JOSHI,22,35,283.0,452.2,127972.6,2024-12-18
2024121804011077,JOSHI,22,55,200.0,450.0,90000.0,2024-12-18
2024121804011076,JOSHI,22,41,10.0,450.0,4500.0,2024-12-18
2024121804011075,JOSHI,22,1,150.0,450.0,67500.0,2024-12-18
2024121804011074,JOSHI,22,49,130.0,450.0,58500.0,2024-12-18
2024121803013271,NABBC,69,19,30.0,1427.0,42810.0,2024-12-18
2024121805008297,VLUCL,53,7,30.0,674.9,20247.0,2024-12-18
2024121801016612,UNLB,34,48,10.0,2515.0,25150.0,2024-12-18
2024121803013270,JFL,41,57,500.0,917.9,458950.0,2024-12-18
2024121801016611,RHGCL,34,65,10.0,500.0,5000.0,2024-12-18
2024121801016610,TSHL,34,34,10.0,865.0,8650.0,2024-12-18
2024121803013269,JFL,41,34,20.0,917.9,18358.0,2024-12-18
2024121805008296,NRM,34,11,50.0,437.0,21850.0,2024-12-18
2024121801016609,SPC,49,55,10.0,520.0,5200.0,2024-12-18
2024121805008295,HATHY,34,55,20.0,1355.0,27100.0,2024-12-18
2024121805008294,HATHY,34,11,50.0,1350.0,67500.0,2024-12-18
2024121803013268,NABBC,28,19,1399.0,1427.0,1996373.0,2024-12-18
2024121803013267,NABBC,28,85,165.0,1400.0,231000.0,2024-12-18
2024121803013266,NABBC,28,17,10.0,1362.0,13620.0,2024-12-18
2024121803013265,NABBC,28,43,1441.0,1329.0,1915089.0,2024-12-18
2024121803013264,NABBC,28,43,50.0,1329.0,66450.0,2024-12-18
2024121803013263,NABBC,28,66,50.0,1324.0,66200.0,2024-12-18
2024121803013262,NABBC,28,58,100.0,1324.0,132400.0,2024-12-18
2024121803013261,NABBC,28,51,300.0,1324.0,397200.0,2024-12-18
2024121803013260,NABBC,28,21,100.0,1324.0,132400.0,2024-12-18
2024121803013259,NABBC,28,28,300.0,1323.9,397170.0,2024-12-18
2024121803013258,NABBC,28,64,100.0,1323.9,132390.0,2024-12-18
2024121803013257,NABBC,28,69,100.0,1323.9,132390.0,2024-12-18
2024121803013256,NABBC,28,17,100.0,1323.9,132390.0,2024-12-18
2024121803013255,NABBC,28,49,100.0,1323.9,132390.0,2024-12-18
2024121803013254,NABBC,28,69,100.0,1323.0,132300.0,2024-12-18
2024121803013253,NABBC,28,57,100.0,1323.0,132300.0,2024-12-18
2024121803013252,NABBC,28,4,50.0,1323.0,66150.0,2024-12-18
2024121803013251,NABBC,28,58,20.0,1321.9,26438.0,2024-12-18
2024121803013250,NABBC,28,59,38.0,1320.9,50194.2,2024-12-18
2024121803013249,NABBC,28,58,25.0,1320.0,33000.0,2024-12-18
2024121803013248,NABBC,28,21,79.0,1319.0,104201.0,2024-12-18
2024121803013247,NABBC,28,26,20.0,1317.0,26340.0,2024-12-18
2024121803013246,NABBC,28,58,75.0,1317.0,98775.0,2024-12-18
2024121803013245,NABBC,28,21,10.0,1313.3,13133.0,2024-12-18
2024121803013244,NABBC,28,28,10.0,1312.0,13120.0,2024-12-18
2024121803013243,NABBC,28,86,158.0,1310.0,206980.0,2024-12-18
2024121803013242,NABBC,56,86,142.0,1310.0,186020.0,2024-12-18
2024121803013241,NABBC,56,17,100.0,1310.0,131000.0,2024-12-18
2024121803013240,NABBC,56,53,20.0,1310.0,26200.0,2024-12-18
2024121803013239,NABBC,56,28,400.0,1305.0,522000.0,2024-12-18
2024121803013238,NABBC,56,28,500.0,1305.0,652500.0,2024-12-18
2024121803013237,NABBC,56,45,10.0,1304.0,13040.0,2024-12-18
2024121803013236,NABBC,56,28,500.0,1303.0,651500.0,2024-12-18
2024121803013235,NABBC,56,28,450.0,1303.0,586350.0,2024-12-18
2024121803013234,NABBC,56,28,400.0,1303.0,521200.0,2024-12-18
2024121803013233,NABBC,56,28,350.0,1303.0,456050.0,2024-12-18
2024121803013232,NABBC,56,4,78.0,1301.5,101517.0,2024-12-18
2024121803013231,NABBC,56,58,20.0,1301.0,26020.0,2024-12-18
2024121803013230,NABBC,56,45,30.0,1300.0,39000.0,2024-12-18
2024121803013229,JFL,41,58,837.0,917.9,768282.3,2024-12-18
2024121803013228,RSDC,63,49,10.0,718.0,7180.0,2024-12-18
2024121803013227,MLBL,4,35,200.0,394.9,78980.0,2024-12-18
2024121801016608,NICA,39,81,100.0,392.0,39200.0,2024-12-18
2024121801016607,NWCL,45,34,20.0,976.0,19520.0,2024-12-18
2024121803013226,SHINE,28,45,30.0,441.3,13239.0,2024-12-18
2024121803013225,MDB,60,28,10.0,713.0,7130.0,2024-12-18
2024121804011073,SHPC,60,57,100.0,522.0,52200.0,2024-12-18
2024121805008293,MEL,55,29,470.0,316.0,148520.0,2024-12-18
2024121805008292,MEL,55,44,100.0,316.0,31600.0,2024-12-18
2024121805008291,MEL,55,45,200.0,314.3,62860.0,2024-12-18
2024121805008290,MEL,55,34,1230.0,314.1,386343.0,2024-12-18
2024121803013224,GFCL,35,19,10.0,803.0,8030.0,2024-12-18
2024121801016606,MLBS,64,18,50.0,2244.0,112200.0,2024-12-18
2024121801016605,MLBS,64,64,200.0,2240.0,448000.0,2024-12-18
2024121801016604,MLBS,64,8,120.0,2172.0,260640.0,2024-12-18
2024121801016603,MLBS,64,28,20.0,2147.0,42940.0,2024-12-18
2024121801016602,MLBS,64,29,100.0,2147.0,214700.0,2024-12-18
2024121801016601,MLBS,64,34,60.0,2147.0,128820.0,2024-12-18
2024121801016600,MLBS,64,44,50.0,2145.0,107250.0,2024-12-18
2024121801016599,MLBS,64,40,10.0,2145.0,21450.0,2024-12-18
2024121801016598,MLBS,64,28,65.0,2140.0,139100.0,2024-12-18
2024121801016597,MLBS,64,48,40.0,2136.8,85472.0,2024-12-18
2024121801016596,MLBS,64,36,15.0,2135.0,32025.0,2024-12-18
2024121801016595,MLBS,64,58,20.0,2135.0,42700.0,2024-12-18
2024121801016594,MLBS,64,28,65.0,2132.9,138638.5,2024-12-18
2024121801016593,MLBS,64,58,10.0,2129.0,21290.0,2024-12-18
2024121801016592,MLBS,64,45,60.0,2120.0,127200.0,2024-12-18
2024121801016591,MLBS,64,43,50.0,2120.0,106000.0,2024-12-18
2024121801016590,MLBS,64,60,425.0,2115.0,898875.0,2024-12-18
2024121801016589,MLBS,64,58,90.0,2095.1,188559.0,2024-12-18
2024121801016588,MEHL,43,57,100.0,455.0,45500.0,2024-12-18
2024121803013223,CFCL,57,14,10.0,620.1,6201.0,2024-12-18
2024121805008289,HIDCL,1,43,10.0,241.0,2410.0,2024-12-18
2024121803013222,JFL,41,21,751.0,917.9,689342.9,2024-12-18
2024121804011072,JOSHI,21,49,10.0,450.0,4500.0,2024-12-18
2024121805008288,VLUCL,65,7,268.0,674.9,180873.2,2024-12-18
2024121805008287,VLUCL,65,14,100.0,674.0,67400.0,2024-12-18
2024121805008286,VLUCL,65,36,10.0,674.0,6740.0,2024-12-18
2024121805008285,VLUCL,65,17,50.0,673.5,33675.0,2024-12-18
2024121805008284,VLUCL,65,1,100.0,673.0,67300.0,2024-12-18
2024121805008283,VLUCL,65,34,200.0,672.2,134440.0,2024-12-18
2024121805008282,VLUCL,65,65,182.0,672.0,122304.0,2024-12-18
2024121805008281,VLUCL,65,34,10.0,672.0,6720.0,2024-12-18
2024121805008280,VLUCL,65,86,80.0,671.0,53680.0,2024-12-18
2024121801016587,MHCL,65,89,15.0,555.0,8325.0,2024-12-18
2024121801016586,MHCL,65,67,25.0,554.8,13870.0,2024-12-18
2024121801016585,MHCL,65,80,300.0,554.0,166200.0,2024-12-18
2024121801016584,MHCL,65,42,160.0,554.0,88640.0,2024-12-18
2024121801016583,RHGCL,16,65,60.0,500.0,30000.0,2024-12-18
2024121801016582,RHGCL,16,42,290.0,499.0,144710.0,2024-12-18
2024121801016581,MKHC,47,49,10.0,577.3,5773.0,2024-12-18
2024121801016580,MKHC,47,84,90.0,577.0,51930.0,2024-12-18
2024121801016579,MKHC,47,48,100.0,577.0,57700.0,2024-12-18
2024121804011071,MEN,59,33,65.0,728.0,47320.0,2024-12-18
2024121801016578,EBL,81,47,10.0,589.0,5890.0,2024-12-18
2024121804011070,UMRH,25,10,322.0,623.0,200606.0,2024-12-18
2024121804011069,UMRH,1,10,250.0,623.1,155775.0,2024-12-18
2024121804011068,UMRH,34,10,328.0,623.1,204376.8,2024-12-18
2024121804011067,UMRH,29,10,100.0,623.2,62320.0,2024-12-18
2024121803013221,PROFL,48,59,100.0,652.0,65200.0,2024-12-18
2024121803013220,SLBSL,62,46,14.0,1771.0,24794.0,2024-12-18
2024121803013219,SLBSL,62,41,10.0,1771.0,17710.0,2024-12-18
2024121803013218,SLBSL,62,58,100.0,1771.0,177100.0,2024-12-18
2024121803013217,SLBSL,62,58,10.0,1771.0,17710.0,2024-12-18
2024121803013216,SLBSL,62,38,10.0,1769.7,17697.0,2024-12-18
2024121803013215,SLBSL,62,52,30.0,1769.7,53091.0,2024-12-18
2024121803013214,SLBSL,62,46,50.0,1769.7,88485.0,2024-12-18
2024121803013213,SLBSL,62,47,150.0,1769.5,265425.0,2024-12-18
2024121803013212,SLBSL,62,28,50.0,1769.0,88450.0,2024-12-18
2024121803013211,SLBSL,62,42,100.0,1767.9,176790.0,2024-12-18
2024121803013210,SLBSL,62,42,35.0,1767.8,61873.0,2024-12-18
2024121803013209,SLBSL,62,42,100.0,1766.9,176690.0,2024-12-18
2024121803013208,SLBSL,62,42,50.0,1766.8,88340.0,2024-12-18
2024121803013207,SLBSL,62,17,291.0,1766.7,514109.7,2024-12-18
2024121803013206,SLBSL,62,17,119.0,1766.7,210237.3,2024-12-18
2024121803013205,SLBSL,62,21,10.0,1764.4,17644.0,2024-12-18
2024121803013204,SLBSL,62,34,160.0,1764.0,282240.0,2024-12-18
2024121803013203,SLBSL,62,17,111.0,1764.0,195804.0,2024-12-18
2024121803013202,SINDU,62,42,30.0,919.9,27597.0,2024-12-18
2024121803013201,SINDU,62,45,25.0,919.4,22985.0,2024-12-18
2024121803013200,SINDU,62,41,45.0,915.0,41175.0,2024-12-18
2024121801016577,SPC,68,55,10.0,520.0,5200.0,2024-12-18
2024121801016576,UNLB,68,48,10.0,2515.0,25150.0,2024-12-18
2024121803013199,JBBL,54,48,10.0,367.0,3670.0,2024-12-18
2024121805008279,VLUCL,40,86,120.0,671.0,80520.0,2024-12-18
2024121805008278,VLUCL,40,25,10.0,670.0,6700.0,2024-12-18
2024121805008277,VLUCL,40,1,10.0,670.0,6700.0,2024-12-18
2024121805008276,VLUCL,40,49,50.0,670.0,33500.0,2024-12-18
2024121805008275,VLUCL,40,25,10.0,668.0,6680.0,2024-12-18
2024121801016575,SANIMA,66,49,30.0,306.0,9180.0,2024-12-18
2024121801016574,SANIMA,66,64,970.0,306.0,296820.0,2024-12-18
2024121803013198,SLBSL,66,17,89.0,1764.0,156996.0,2024-12-18
2024121803013197,SLBSL,66,41,20.0,1760.6,35212.0,2024-12-18
2024121803013196,SLBSL,66,32,300.0,1760.0,528000.0,2024-12-18
2024121803013195,SLBSL,66,14,10.0,1744.2,17442.0,2024-12-18
2024121803013194,SLBSL,66,10,14.0,1744.0,24416.0,2024-12-18
2024121803013193,SLBSL,66,43,30.0,1743.5,52305.0,2024-12-18
2024121803013192,SLBSL,66,42,30.0,1743.0,52290.0,2024-12-18
2024121803013191,SLBSL,66,32,107.0,1740.0,186180.0,2024-12-18
2024121801016573,MBL,7,74,152.0,239.0,36328.0,2024-12-18
2024121801016572,MBL,7,45,113.0,239.0,27007.0,2024-12-18
2024121801016571,MBL,7,22,218.0,239.0,52102.0,2024-12-18
2024121804011066,RHPL,6,45,100.0,448.6,44860.0,2024-12-18
2024121804011065,RHPL,6,55,20.0,446.0,8920.0,2024-12-18
2024121804011064,RHPL,6,38,50.0,446.0,22300.0,2024-12-18
2024121804011063,RHPL,6,19,300.0,445.0,133500.0,2024-12-18
2024121804011062,RHPL,6,38,27.0,445.0,12015.0,2024-12-18
2024121804011061,KPCL,50,16,200.0,530.0,106000.0,2024-12-18
2024121804011060,KPCL,50,38,283.0,530.0,149990.0,2024-12-18
2024121804011059,KPCL,50,58,14.0,529.6,7414.4,2024-12-18
2024121801016570,SBL,50,43,20.0,313.9,6278.0,2024-12-18
2024121804011058,RADHI,88,48,100.0,385.5,38550.0,2024-12-18
2024121801016569,DLBS,35,57,10.0,1543.1,15431.0,2024-12-18
2024121803013190,NFS,65,57,50.0,1116.2,55810.0,2024-12-18
2024121805008274,NTC,57,65,10.0,942.0,9420.0,2024-12-18
2024121804011057,SPIL,45,57,80.0,799.0,63920.0,2024-12-18
2024121804011056,SPIL,45,57,10.0,799.0,7990.0,2024-12-18
2024121804011055,SPIL,38,57,10.0,799.0,7990.0,2024-12-18
2024121803013189,NABBC,32,48,100.0,1298.0,129800.0,2024-12-18
2024121804011054,SHEL,34,22,10.0,244.0,2440.0,2024-12-18
2024121804011053,SHEL,34,29,70.0,243.9,17073.0,2024-12-18
2024121804011052,SHEL,34,55,100.0,243.8,24380.0,2024-12-18
2024121805008273,SLCF,5,49,4050.0,9.69,39244.5,2024-12-18
2024121803013188,SMFBS,49,40,27.0,1978.0,53406.0,2024-12-18
2024121803013187,SMFBS,49,17,100.0,1977.9,197790.0,2024-12-18
2024121803013186,SMFBS,49,34,10.0,1977.8,19778.0,2024-12-18
2024121803013185,SMFBS,49,26,10.0,1975.0,19750.0,2024-12-18
2024121803013184,SMFBS,49,29,13.0,1974.9,25673.7,2024-12-18
2024121803013183,SMFBS,49,58,10.0,1968.0,19680.0,2024-12-18
2024121803013182,SMFBS,49,49,30.0,1965.0,58950.0,2024-12-18
2024121801016568,TVCL,48,34,80.0,541.0,43280.0,2024-12-18
2024121803013181,DDBL,47,39,297.0,862.0,256014.0,2024-12-18
2024121803013180,DDBL,49,39,65.0,862.0,56030.0,2024-12-18
2024121803013179,DDBL,6,39,38.0,863.0,32794.0,2024-12-18
2024121801016567,SDBD87,100,39,40.0,1063.0,42520.0,2024-12-18
2024121801016566,SAMAJ,56,6,10.0,3550.5,35505.0,2024-12-18
2024121804011051,HEI,36,40,10.0,636.0,6360.0,2024-12-18
2024121803013178,JFL,41,22,500.0,917.9,458950.0,2024-12-18
2024121804011050,SSHL,26,58,110.0,232.0,25520.0,2024-12-18
2024121803013177,FMDBL,84,34,100.0,796.6,79660.0,2024-12-18
2024121801016565,MBL,48,22,10.0,239.0,2390.0,2024-12-18
2024121804011049,SGIC,37,58,10.0,671.0,6710.0,2024-12-18
2024121801016564,MHCL,65,42,30.0,554.0,16620.0,2024-12-18
2024121801016563,TVCL,48,44,25.0,541.0,13525.0,2024-12-18
2024121803013176,SLBBL,36,45,10.0,915.0,9150.0,2024-12-18
2024121801016562,BEDC,74,46,90.0,660.0,59400.0,2024-12-18
2024121801016561,BEDC,74,45,50.0,659.9,32995.0,2024-12-18
2024121801016560,BEDC,74,45,10.0,659.9,6599.0,2024-12-18
2024121801016559,BEDC,74,14,50.0,658.0,32900.0,2024-12-18
2024121803013175,NMLBBL,5,75,51.0,663.0,33813.0,2024-12-18
2024121803013174,NMLBBL,4,75,100.0,663.1,66310.0,2024-12-18
2024121803013173,NMLBBL,77,75,50.0,663.1,33155.0,2024-12-18
2024121803013172,NMLBBL,41,75,30.0,664.0,19920.0,2024-12-18
2024121803013171,NMLBBL,50,75,13.0,665.0,8645.0,2024-12-18
2024121803013170,NMLBBL,40,75,100.0,665.0,66500.0,2024-12-18
2024121803013169,NMLBBL,52,75,115.0,665.0,76475.0,2024-12-18
2024121803013168,NMLBBL,90,75,30.0,665.1,19953.0,2024-12-18
2024121803013167,NMLBBL,32,75,11.0,665.1,7316.1,2024-12-18
2024121801016558,RHGCL,52,42,10.0,499.0,4990.0,2024-12-18
2024121801016557,MKHC,13,48,10.0,577.0,5770.0,2024-12-18
2024121801016556,MAKAR,42,48,20.0,621.5,12430.0,2024-12-18
2024121801016555,MAKAR,42,98,10.0,620.0,6200.0,2024-12-18
2024121803013166,JFL,41,62,200.0,917.9,183580.0,2024-12-18
2024121801016554,SPC,68,55,10.0,520.0,5200.0,2024-12-18
2024121803013165,SKBBL,54,62,20.0,928.0,18560.0,2024-12-18
2024121801016553,MKJC,58,45,30.0,525.0,15750.0,2024-12-18
2024121803013164,SLBSL,66,32,93.0,1740.0,161820.0,2024-12-18
2024121803013163,SLBSL,66,8,10.0,1739.0,17390.0,2024-12-18
2024121803013162,SLBSL,66,59,20.0,1737.1,34742.0,2024-12-18
2024121803013161,SLBSL,66,61,140.0,1737.0,243180.0,2024-12-18
2024121803013160,SLBSL,66,28,50.0,1736.2,86810.0,2024-12-18
2024121803013159,SLBSL,66,45,14.0,1735.0,24290.0,2024-12-18
2024121803013158,SLBSL,66,62,100.0,1735.0,173500.0,2024-12-18
2024121803013157,SLBSL,66,28,50.0,1734.5,86725.0,2024-12-18
2024121803013156,SLBSL,66,26,18.0,1734.0,31212.0,2024-12-18
2024121803013155,SLBSL,66,45,17.0,1734.0,29478.0,2024-12-18
2024121803013154,SLBSL,66,39,39.0,1734.0,67626.0,2024-12-18
2024121803013153,SLBSL,66,6,100.0,1730.9,173090.0,2024-12-18
2024121803013152,SLBSL,66,66,100.0,1730.0,173000.0,2024-12-18
2024121803013151,SLBSL,66,28,50.0,1730.0,86500.0,2024-12-18
2024121803013150,SLBSL,66,10,20.0,1730.0,34600.0,2024-12-18
2024121803013149,SLBSL,66,34,14.0,1730.0,24220.0,2024-12-18
2024121803013148,SLBSL,66,57,28.0,1730.0,48440.0,2024-12-18
2024121803013147,SLBSL,66,66,10.0,1730.0,17300.0,2024-12-18
2024121803013146,SLBSL,66,3,14.0,1730.0,24220.0,2024-12-18
2024121803013145,SLBSL,66,42,78.0,1729.9,134932.2,2024-12-18
2024121803013144,SLBSL,66,45,10.0,1728.9,17289.0,2024-12-18
2024121803013143,SLBSL,66,11,25.0,1720.0,43000.0,2024-12-18
2024121801016552,NICA,50,81,200.0,392.0,78400.0,2024-12-18
2024121803013142,SINDU,88,41,20.0,915.0,18300.0,2024-12-18
2024121803013141,NFS,38,57,253.0,1116.0,282348.0,2024-12-18
2024121803013140,NFS,33,57,20.0,1116.0,22320.0,2024-12-18
2024121803013139,NFS,58,57,10.0,1116.0,11160.0,2024-12-18
2024121803013138,NFS,42,57,318.0,1116.0,354888.0,2024-12-18
2024121801016551,SPC,5,55,10.0,520.0,5200.0,2024-12-18
2024121804011048,DHPL,34,91,10.0,307.0,3070.0,2024-12-18
2024121804011047,DHPL,34,58,10.0,306.0,3060.0,2024-12-18
2024121804011046,DHPL,34,46,30.0,305.0,9150.0,2024-12-18
2024121803013137,HLBSL,34,45,10.0,949.8,9498.0,2024-12-18
2024121805008272,HATHY,45,11,10.0,1350.0,13500.0,2024-12-18
2024121803013136,SAPDBL,59,92,20.0,1079.0,21580.0,2024-12-18
2024121803013135,SAPDBL,43,92,100.0,1081.0,108100.0,2024-12-18
2024121803013134,SAPDBL,92,92,100.0,1081.0,108100.0,2024-12-18
2024121803013133,SAPDBL,49,92,30.0,1081.1,32433.0,2024-12-18
2024121803013132,SAPDBL,17,92,150.0,1085.0,162750.0,2024-12-18
2024121801016550,GBIME,22,43,880.0,224.3,197384.0,2024-12-18
2024121804011045,UPCL,22,16,10.0,275.9,2759.0,2024-12-18
2024121801016549,RFPL,84,64,500.0,1015.0,507500.0,2024-12-18
2024121801016548,RFPL,84,22,10.0,979.2,9792.0,2024-12-18
2024121801016547,RFPL,84,25,200.0,979.2,195840.0,2024-12-18
2024121801016546,RFPL,84,35,10.0,979.2,9792.0,2024-12-18
2024121801016545,RFPL,84,53,40.0,979.2,39168.0,2024-12-18
2024121801016544,RFPL,84,62,11000.0,979.2,10771200.0,2024-12-18
2024121801016543,RFPL,84,35,60.0,979.1,58746.0,2024-12-18
2024121801016542,MHCL,14,42,20.0,554.0,11080.0,2024-12-18
2024121801016541,MHCL,14,22,10.0,550.0,5500.0,2024-12-18
2024121805008271,RNLI,49,21,11.0,504.2,5546.2,2024-12-18
2024121801016540,GBIME,42,43,1000.0,224.2,224200.0,2024-12-18
2024121805008270,VLUCL,65,65,10.0,668.0,6680.0,2024-12-18
2024121803013131,JFL,41,16,20.0,917.9,18358.0,2024-12-18
2024121801016539,MHL,60,25,60.0,873.0,52380.0,2024-12-18
2024121803013130,MFIL,25,59,100.0,685.0,68500.0,2024-12-18
2024121803013129,CORBL,96,42,119.0,1610.0,191590.0,2024-12-18
2024121804011044,AKPL,17,36,384.0,240.0,92160.0,2024-12-18
2024121804011043,AKPL,17,34,500.0,240.0,120000.0,2024-12-18
2024121804011042,AKPL,17,6,150.0,240.0,36000.0,2024-12-18
2024121804011041,AKPL,17,39,100.0,239.9,23990.0,2024-12-18
2024121804011040,AKPL,17,13,51.0,239.0,12189.0,2024-12-18
2024121804011039,AKPL,17,13,100.0,239.0,23900.0,2024-12-18
2024121804011038,AKPL,17,38,225.0,239.0,53775.0,2024-12-18
2024121804011037,AKPL,17,43,290.0,238.1,69049.0,2024-12-18
2024121805008269,SONA,45,72,38.0,452.0,17176.0,2024-12-18
2024121805008268,SONA,22,72,10.0,452.0,4520.0,2024-12-18
2024121805008267,SONA,7,72,20.0,452.0,9040.0,2024-12-18
2024121805008266,SONA,19,72,10.0,452.0,4520.0,2024-12-18
2024121805008265,SONA,8,72,222.0,452.1,100366.2,2024-12-18
2024121801016538,NYADI,58,16,10.0,365.7,3657.0,2024-12-18
2024121801016537,IHL,16,58,60.0,641.3,38478.0,2024-12-18
2024121805008264,GCIL,22,58,11.0,476.2,5238.2,2024-12-18
2024121804011036,SJCL,58,57,70.0,363.9,25473.0,2024-12-18
2024121804011035,SJCL,58,38,30.0,362.0,10860.0,2024-12-18
2024121804011034,SJCL,58,13,20.0,362.0,7240.0,2024-12-18
2024121804011033,SJCL,58,25,30.0,362.0,10860.0,2024-12-18
2024121804011032,KKHC,96,48,45.0,394.8,17766.0,2024-12-18
2024121804011031,KKHC,96,51,30.0,394.0,11820.0,2024-12-18
2024121804011030,KKHC,96,35,100.0,394.0,39400.0,2024-12-18
2024121804011029,KKHC,96,90,32.0,394.0,12608.0,2024-12-18
2024121804011028,KKHC,96,34,689.0,394.0,271466.0,2024-12-18
2024121804011027,KKHC,96,32,10.0,393.9,3939.0,2024-12-18
2024121804011026,KKHC,96,42,100.0,390.0,39000.0,2024-12-18
2024121804011025,KKHC,96,48,100.0,389.9,38990.0,2024-12-18
2024121804011024,KKHC,96,58,74.0,389.8,28845.2,2024-12-18
2024121804011023,KKHC,96,58,755.0,389.0,293695.0,2024-12-18
2024121804011022,KKHC,96,41,250.0,389.0,97250.0,2024-12-18
2024121804011021,KKHC,96,39,1000.0,388.0,388000.0,2024-12-18
2024121804011020,KKHC,96,62,500.0,388.0,194000.0,2024-12-18
2024121804011019,KKHC,96,45,1315.0,386.0,507590.0,2024-12-18
2024121804011018,PPCL,29,58,100.0,297.0,29700.0,2024-12-18
2024121804011017,NGPL,6,45,25.0,266.0,6650.0,2024-12-18
2024121804011016,RADHI,38,57,26.0,385.4,10020.4,2024-12-18
2024121803013128,EDBL,53,62,25.0,634.0,15850.0,2024-12-18
2024121805008263,HIDCL,57,32,451.0,240.0,108240.0,2024-12-18
2024121804011015,AKJCL,5,38,200.0,203.9,40780.0,2024-12-18
2024121801016536,DORDI,75,49,10.0,532.1,5321.0,2024-12-18
2024121804011014,HEI,32,40,250.0,636.0,159000.0,2024-12-18
2024121801016535,NMB,17,32,1500.0,240.1,360150.0,2024-12-18
2024121801016534,LSL,34,44,10.0,235.0,2350.0,2024-12-18
2024121804011013,CHCL,63,25,170.0,566.0,96220.0,2024-12-18
2024121804011012,CHCL,63,26,254.0,566.0,143764.0,2024-12-18
2024121801016533,DOLTI,38,77,10.0,696.0,6960.0,2024-12-18
2024121801016532,DOLTI,35,77,50.0,696.0,34800.0,2024-12-18
2024121803013127,GRDBL,60,32,10.0,1011.0,10110.0,2024-12-18
2024121803013126,MATRI,45,34,10.0,1265.0,12650.0,2024-12-18
2024121801016531,PPL,64,45,90.0,525.0,47250.0,2024-12-18
2024121801016530,PPL,21,45,10.0,525.1,5251.0,2024-12-18
2024121804011011,UPPER,34,35,20.0,205.0,4100.0,2024-12-18
2024121803013125,FMDBL,35,34,265.0,796.6,211099.0,2024-12-18
2024121803013124,FMDBL,35,49,300.0,795.0,238500.0,2024-12-18
2024121803013123,FMDBL,35,14,200.0,791.0,158200.0,2024-12-18
2024121803013122,FMDBL,35,25,200.0,791.0,158200.0,2024-12-18
2024121803013121,FMDBL,35,11,35.0,790.0,27650.0,2024-12-18
2024121801016529,ADBL,20,41,23.0,322.5,7417.5,2024-12-18
2024121801016528,ADBL,20,57,53.0,322.4,17087.2,2024-12-18
2024121801016527,SPL,14,47,10.0,970.0,9700.0,2024-12-18
2024121801016526,BEDC,33,14,10.0,658.0,6580.0,2024-12-18
2024121803013120,JFL,41,52,2000.0,917.9,1835800.0,2024-12-18
2024121801016525,RFPL,62,35,940.0,979.1,920354.0,2024-12-18
2024121801016524,RFPL,62,58,10.0,979.0,9790.0,2024-12-18
2024121801016523,RFPL,62,49,100.0,979.0,97900.0,2024-12-18
2024121801016522,RFPL,62,62,200.0,979.0,195800.0,2024-12-18
2024121801016521,RFPL,62,39,30.0,979.0,29370.0,2024-12-18
2024121801016520,RFPL,62,7,50.0,979.0,48950.0,2024-12-18
2024121801016519,RFPL,62,64,500.0,978.9,489450.0,2024-12-18
2024121801016518,RFPL,62,6,10.0,966.9,9669.0,2024-12-18
2024121801016517,RFPL,62,17,50.0,965.0,48250.0,2024-12-18
2024121801016516,RFPL,62,54,30.0,965.0,28950.0,2024-12-18
2024121801016515,RFPL,62,53,50.0,965.0,48250.0,2024-12-18
2024121801016514,RFPL,62,38,10.0,965.0,9650.0,2024-12-18
2024121801016513,RFPL,62,58,10.0,955.0,9550.0,2024-12-18
2024121801016512,RFPL,62,58,10.0,950.0,9500.0,2024-12-18
2024121803013119,JFL,41,84,100.0,917.0,91700.0,2024-12-18
2024121803013118,JFL,41,49,30.0,917.0,27510.0,2024-12-18
2024121803013117,JFL,41,58,20.0,916.0,18320.0,2024-12-18
2024121803013116,JFL,41,74,100.0,915.0,91500.0,2024-12-18
2024121803013115,JFL,41,56,490.0,915.0,448350.0,2024-12-18
2024121803013114,JFL,41,49,10.0,915.0,9150.0,2024-12-18
2024121803013113,JFL,41,58,800.0,914.9,731920.0,2024-12-18
2024121803013112,JFL,41,56,345.0,914.9,315640.5,2024-12-18
2024121803013111,JFL,41,39,50.0,914.0,45700.0,2024-12-18
2024121801016511,MHCL,58,14,10.0,550.0,5500.0,2024-12-18
2024121804011010,LEC,61,41,265.0,205.0,54325.0,2024-12-18
2024121804011009,LEC,61,49,35.0,204.9,7171.5,2024-12-18
2024121805008262,NTC,38,65,10.0,942.0,9420.0,2024-12-18
2024121803013110,GMFBS,49,32,10.0,1719.8,17198.0,2024-12-18
2024121804011008,NLG,55,49,160.0,937.1,149936.0,2024-12-18
2024121804011007,SPDL,34,22,10.0,323.5,3235.0,2024-12-18
2024121804011006,UPPER,34,49,10.0,205.5,2055.0,2024-12-18
2024121803013109,MLBBL,36,94,50.0,1650.0,82500.0,2024-12-18
2024121803013108,MLBBL,58,94,20.0,1650.0,33000.0,2024-12-18
2024121803013107,MLBBL,36,94,50.0,1651.0,82550.0,2024-12-18
2024121803013106,MLBBL,35,94,80.0,1653.0,132240.0,2024-12-18
2024121803013105,MLBBL,14,94,10.0,1653.1,16531.0,2024-12-18
2024121801016510,SMHL,35,1,20.0,990.0,19800.0,2024-12-18
2024121801016509,MKHC,47,48,500.0,577.0,288500.0,2024-12-18
2024121805008261,HIDCL,11,43,100.0,241.0,24100.0,2024-12-18
2024121803013104,KRBL,42,57,250.0,790.0,197500.0,2024-12-18
2024121803013103,KRBL,42,55,190.0,790.0,150100.0,2024-12-18
2024121803013102,PMLI,53,54,11.0,530.5,5835.5,2024-12-18
2024121803013101,JFL,41,71,93.0,909.9,84620.7,2024-12-18
2024121805008260,NTC,6,57,100.0,940.0,94000.0,2024-12-18
2024121803013100,GFCL,80,19,100.0,803.0,80300.0,2024-12-18
2024121803013099,SAPDBL,32,46,10.0,1092.0,10920.0,2024-12-18
2024121805008259,HRL,45,4,41.0,801.0,32841.0,2024-12-18
2024121805008258,HRL,45,65,10.0,800.6,8006.0,2024-12-18
2024121805008257,HRL,45,55,49.0,800.4,39219.6,2024-12-18
2024121804011005,SHPC,45,45,55.0,521.0,28655.0,2024-12-18
2024121804011004,SHPC,58,45,10.0,521.0,5210.0,2024-12-18
2024121804011003,SHPC,35,45,50.0,521.0,26050.0,2024-12-18
2024121804011002,SHPC,56,45,10.0,521.0,5210.0,2024-12-18
2024121804011001,SHPC,28,45,175.0,521.0,91175.0,2024-12-18
2024121804011000,SHPC,38,45,200.0,521.1,104220.0,2024-12-18
2024121804010999,PMHPL,45,45,10.0,278.0,2780.0,2024-12-18
2024121804010998,UPPER,34,1,755.0,205.0,154775.0,2024-12-18
2024121804010997,UPPER,17,1,200.0,205.0,41000.0,2024-12-18
2024121801016508,SHLB,55,44,10.0,2418.0,24180.0,2024-12-18
2024121804010996,SHL,94,16,200.0,475.0,95000.0,2024-12-18
2024121804010995,SHL,7,16,100.0,475.1,47510.0,2024-12-18
2024121801016507,NYADI,33,98,10.0,365.0,3650.0,2024-12-18
2024121801016506,NYADI,33,13,10.0,365.0,3650.0,2024-12-18
2024121803013098,MFIL,42,59,50.0,685.0,34250.0,2024-12-18
2024121801016505,CKHL,62,45,24.0,732.0,17568.0,2024-12-18
2024121801016504,CKHL,62,36,100.0,732.0,73200.0,2024-12-18
2024121801016503,CKHL,62,62,100.0,732.0,73200.0,2024-12-18
2024121801016502,CKHL,62,70,200.0,731.9,146380.0,2024-12-18
2024121801016501,CKHL,62,70,300.0,731.9,219570.0,2024-12-18
2024121801016500,CKHL,62,35,200.0,731.0,146200.0,2024-12-18
2024121801016499,CKHL,62,34,10.0,731.0,7310.0,2024-12-18
2024121801016498,CKHL,62,52,150.0,730.5,109575.0,2024-12-18
2024121801016497,CKHL,62,34,10.0,730.0,7300.0,2024-12-18
2024121801016496,CKHL,62,85,29.0,730.0,21170.0,2024-12-18
2024121801016495,CKHL,62,49,10.0,730.0,7300.0,2024-12-18
2024121801016494,CKHL,62,11,10.0,730.0,7300.0,2024-12-18
2024121801016493,CKHL,62,53,80.0,730.0,58400.0,2024-12-18
2024121801016492,CKHL,62,58,10.0,730.0,7300.0,2024-12-18
2024121801016491,CKHL,62,68,10.0,730.0,7300.0,2024-12-18
2024121801016490,CKHL,62,47,10.0,729.3,7293.0,2024-12-18
2024121801016489,CKHL,62,16,10.0,729.0,7290.0,2024-12-18
2024121801016488,CKHL,62,25,100.0,729.0,72900.0,2024-12-18
2024121801016487,CKHL,62,52,200.0,728.5,145700.0,2024-12-18
2024121801016486,CKHL,62,42,50.0,725.0,36250.0,2024-12-18
2024121801016485,CKHL,62,4,10.0,725.0,7250.0,2024-12-18
2024121801016484,CKHL,62,64,10.0,724.2,7242.0,2024-12-18
2024121801016483,CKHL,62,38,85.0,724.0,61540.0,2024-12-18
2024121801016482,CKHL,62,62,100.0,723.9,72390.0,2024-12-18
2024121801016481,SRLI,8,6,10.0,419.0,4190.0,2024-12-18
2024121804010994,UPCL,65,3,54.0,275.0,14850.0,2024-12-18
2024121803013097,GUFL,6,57,20.0,694.0,13880.0,2024-12-18
2024121803013096,KSBBL,58,50,23.0,444.0,10212.0,2024-12-18
2024121803013095,KSBBL,45,50,50.0,444.0,22200.0,2024-12-18
2024121803013094,KSBBL,14,50,100.0,444.0,44400.0,2024-12-18
2024121803013093,KSBBL,46,50,100.0,444.1,44410.0,2024-12-18
2024121804010993,MEN,59,38,460.0,728.0,334880.0,2024-12-18
2024121804010992,MEN,64,38,40.0,728.2,29128.0,2024-12-18
2024121803013092,PFL,49,45,10.0,649.0,6490.0,2024-12-18
2024121803013091,NFS,42,49,265.0,1116.0,295740.0,2024-12-18
2024121803013090,NFS,48,49,10.0,1116.1,11161.0,2024-12-18
2024121803013089,NFS,45,49,25.0,1117.0,27925.0,2024-12-18
2024121804010991,UMHL,63,43,10.0,324.0,3240.0,2024-12-18
2024121801016480,DOLTI,4,32,100.0,697.0,69700.0,2024-12-18
2024121803013088,MLBL,41,36,50.0,391.2,19560.0,2024-12-18
2024121801016479,MHCL,19,45,100.0,548.0,54800.0,2024-12-18
2024121801016478,DORDI,45,5,10.0,534.9,5349.0,2024-12-18
2024121801016477,NICA,56,81,50.0,392.0,19600.0,2024-12-18
2024121801016476,NICA,56,25,950.0,391.9,372305.0,2024-12-18
2024121803013087,LBBL,14,56,11.0,485.0,5335.0,2024-12-18
2024121803013086,LBBL,14,58,10.0,484.9,4849.0,2024-12-18
2024121803013085,LBBL,14,59,10.0,484.9,4849.0,2024-12-18
2024121805008256,HRL,34,55,42.0,800.4,33616.8,2024-12-18
2024121805008255,HRL,38,55,40.0,800.4,32016.0,2024-12-18
2024121805008254,HRL,21,55,25.0,800.5,20012.5,2024-12-18
2024121803013084,JFL,41,52,236.0,909.9,214736.4,2024-12-18
2024121801016475,CYCL,62,13,13.0,1595.0,20735.0,2024-12-18
2024121801016474,CYCL,45,13,25.0,1600.0,40000.0,2024-12-18
2024121801016473,CYCL,77,13,11.0,1600.1,17601.1,2024-12-18
2024121801016472,CYCL,77,13,11.0,1605.0,17655.0,2024-12-18
2024121801016471,CYCL,77,13,10.0,1608.9,16089.0,2024-12-18
2024121803013083,SMPDA,42,49,125.0,920.0,115000.0,2024-12-18
2024121803013082,SMPDA,42,6,75.0,919.9,68992.5,2024-12-18
2024121801016470,KBL,94,58,500.0,213.5,106750.0,2024-12-18
2024121803013081,SHINE,46,34,100.0,442.0,44200.0,2024-12-18
2024121801016469,RAWA,99,74,10.0,785.0,7850.0,2024-12-18
2024121804010990,SHEL,38,48,150.0,243.0,36450.0,2024-12-18
2024121805008253,NIFRA,36,45,46.0,252.2,11601.2,2024-12-18
2024121805008252,NIFRA,36,39,14.0,252.1,3529.4,2024-12-18
2024121805008251,NRN,47,35,30.0,971.0,29130.0,2024-12-18
2024121803013080,CFCL,94,33,100.0,621.0,62100.0,2024-12-18
2024121803013079,CFCL,11,33,200.0,621.0,124200.0,2024-12-18
2024121803013078,CFCL,48,33,870.0,621.0,540270.0,2024-12-18
2024121803013077,CFCL,67,33,200.0,621.1,124220.0,2024-12-18
2024121803013076,CFCL,8,33,10.0,621.1,6211.0,2024-12-18
2024121803013075,CFCL,22,33,200.0,621.2,124240.0,2024-12-18
2024121803013074,CFCL,58,33,65.0,622.0,40430.0,2024-12-18
2024121803013073,CFCL,91,33,24.0,622.0,14928.0,2024-12-18
2024121804010989,NHDL,25,50,25.0,725.0,18125.0,2024-12-18
2024121804010988,NHDL,44,50,500.0,725.0,362500.0,2024-12-18
2024121804010987,NHDL,55,50,100.0,725.0,72500.0,2024-12-18
2024121804010986,NHDL,22,50,50.0,725.1,36255.0,2024-12-18
2024121804010985,NHDL,41,50,10.0,725.1,7251.0,2024-12-18
2024121804010984,NHDL,85,50,1974.0,725.1,1431347.4,2024-12-18
2024121804010983,NHDL,25,50,50.0,725.2,36260.0,2024-12-18
2024121801016468,RHGCL,65,57,213.0,495.4,105520.2,2024-12-18
2024121801016467,RHGCL,62,57,500.0,495.5,247750.0,2024-12-18
2024121801016466,RHGCL,52,57,500.0,496.0,248000.0,2024-12-18
2024121801016465,RHGCL,53,57,300.0,496.0,148800.0,2024-12-18
2024121801016464,RHGCL,58,57,62.0,496.2,30764.4,2024-12-18
2024121801016463,RHGCL,47,57,30.0,496.4,14892.0,2024-12-18
2024121801016462,SHLB,34,57,10.0,2395.0,23950.0,2024-12-18
2024121801016461,SHLB,59,57,10.0,2396.0,23960.0,2024-12-18
2024121804010982,RADHI,48,32,10.0,384.0,3840.0,2024-12-18
2024121801016460,EHPL,42,39,100.0,729.7,72970.0,2024-12-18
2024121801016459,KBL,94,44,100.0,213.5,21350.0,2024-12-18
2024121801016458,KBL,94,25,184.0,213.5,39284.0,2024-12-18
2024121805008250,HDL,49,45,31.0,1335.0,41385.0,2024-12-18
2024121805008249,HDL,58,45,10.0,1335.0,13350.0,2024-12-18
2024121803013072,PFL,26,45,10.0,649.0,6490.0,2024-12-18
2024121801016457,MEHL,47,57,10.0,455.0,4550.0,2024-12-18
2024121805008248,SONA,8,33,68.0,452.1,30742.8,2024-12-18
2024121805008247,SONA,6,33,300.0,452.2,135660.0,2024-12-18
2024121805008246,SONA,17,33,10.0,452.6,4526.0,2024-12-18
2024121805008245,SONA,25,33,50.0,452.7,22635.0,2024-12-18
2024121805008244,SONA,52,33,300.0,452.7,135810.0,2024-12-18
2024121805008243,SONA,26,33,100.0,452.8,45280.0,2024-12-18
2024121805008242,SONA,19,33,90.0,452.8,40752.0,2024-12-18
2024121805008241,SONA,17,33,50.0,453.0,22650.0,2024-12-18
2024121805008240,SONA,49,33,32.0,453.0,14496.0,2024-12-18
2024121803013071,LLBS,34,54,80.0,1136.2,90896.0,2024-12-18
2024121801016456,ULHC,72,25,10.0,494.9,4949.0,2024-12-18
2024121803013070,MPFL,58,63,10.0,721.0,7210.0,2024-12-18
2024121801016455,KBSH,58,70,51.0,2677.0,136527.0,2024-12-18
2024121801016454,BHDC,38,71,45.0,650.9,29290.5,2024-12-18
2024121801016453,BHDC,38,17,25.0,650.0,16250.0,2024-12-18
2024121804010981,NLG,55,38,100.0,937.1,93710.0,2024-12-18
2024121803013069,SFCL,53,32,20.0,679.0,13580.0,2024-12-18
2024121804010980,KKHC,62,80,800.0,385.5,308400.0,2024-12-18
2024121804010979,KKHC,5,80,30.0,385.6,11568.0,2024-12-18
2024121804010978,KKHC,10,80,170.0,385.7,65569.0,2024-12-18
2024121804010977,HURJA,19,47,100.0,230.0,23000.0,2024-12-18
2024121805008239,SAHAS,40,49,140.0,480.0,67200.0,2024-12-18
2024121805008238,SAHAS,58,49,60.0,480.1,28806.0,2024-12-18
2024121805008237,SAHAS,41,49,50.0,480.2,24010.0,2024-12-18
2024121804010976,PPCL,34,58,200.0,297.0,59400.0,2024-12-18
2024121804010975,RADHI,45,57,34.0,385.4,13103.6,2024-12-18
2024121803013068,MNBBL,26,42,300.0,375.0,112500.0,2024-12-18
2024121804010974,PRIN,56,4,10.0,963.0,9630.0,2024-12-18
2024121801016452,SPC,1,56,10.0,515.2,5152.0,2024-12-18
2024121801016451,SPC,52,56,50.0,515.2,25760.0,2024-12-18
2024121801016450,SPC,52,56,40.0,515.2,20608.0,2024-12-18
2024121804010973,KKHC,10,14,50.0,385.7,19285.0,2024-12-18
2024121804010972,API,14,14,100.0,260.2,26020.0,2024-12-18
2024121804010971,API,57,14,100.0,260.2,26020.0,2024-12-18
2024121804010970,API,57,14,300.0,260.5,78150.0,2024-12-18
2024121801016449,NBL,55,29,642.0,266.0,170772.0,2024-12-18
2024121801016448,NBL,55,42,232.0,266.0,61712.0,2024-12-18
2024121801016447,NBL,55,1,200.0,266.0,53200.0,2024-12-18
2024121801016446,NBL,55,35,200.0,266.0,53200.0,2024-12-18
2024121801016445,NBL,55,28,100.0,266.0,26600.0,2024-12-18
2024121801016444,NBL,55,51,459.0,266.0,122094.0,2024-12-18
2024121801016443,NBL,55,14,110.0,266.0,29260.0,2024-12-18
2024121801016442,NBL,55,28,57.0,266.0,15162.0,2024-12-18
2024121801016441,DOLTI,35,21,10.0,696.0,6960.0,2024-12-18
2024121804010969,HURJA,21,47,10.0,230.0,2300.0,2024-12-18
2024121804010968,KKHC,10,47,30.0,385.7,11571.0,2024-12-18
2024121803013067,SINDU,74,75,300.0,910.1,273030.0,2024-12-18
2024121803013066,SINDU,50,75,100.0,911.0,91100.0,2024-12-18
2024121804010967,UMHL,82,74,737.0,323.1,238124.7,2024-12-18
2024121804010966,UMHL,38,74,100.0,323.1,32310.0,2024-12-18
2024121804010965,UMHL,17,74,50.0,323.1,16155.0,2024-12-18
2024121804010964,UMHL,34,74,500.0,323.1,161550.0,2024-12-18
2024121804010963,UMHL,53,74,500.0,323.2,161600.0,2024-12-18
2024121804010962,UMHL,17,74,50.0,323.2,16160.0,2024-12-18
2024121804010961,UMHL,26,74,105.0,323.3,33946.5,2024-12-18
2024121804010960,UMHL,11,74,200.0,323.4,64680.0,2024-12-18
2024121804010959,UMHL,13,74,258.0,324.0,83592.0,2024-12-18
2024121804010958,NHPC,1,8,14.0,219.0,3066.0,2024-12-18
2024121804010957,KKHC,8,45,500.0,386.0,193000.0,2024-12-18
2024121805008236,NRN,39,29,286.0,970.1,277448.6,2024-12-18
2024121805008235,NRN,6,29,214.0,970.2,207622.8,2024-12-18
2024121803013065,CFCL,53,6,150.0,623.0,93450.0,2024-12-18
2024121803013064,NMBMF,58,66,10.0,707.9,7079.0,2024-12-18
2024121801016440,NABIL,58,49,20.0,511.8,10236.0,2024-12-18
2024121801016439,NABIL,58,41,10.0,511.5,5115.0,2024-12-18
2024121805008234,SLCF,5,47,4650.0,9.68,45012.0,2024-12-18
2024121801016438,SMHL,28,28,10.0,981.1,9811.0,2024-12-18
2024121801016437,SMHL,13,28,40.0,981.1,39244.0,2024-12-18
2024121804010956,SHPC,49,57,600.0,522.0,313200.0,2024-12-18
2024121804010955,SHPC,49,40,200.0,522.0,104400.0,2024-12-18
2024121803013063,PROFL,48,49,15.0,652.0,9780.0,2024-12-18
2024121803013062,MLBL,4,44,100.0,392.0,39200.0,2024-12-18
2024121801016436,LSL,22,44,10.0,235.0,2350.0,2024-12-18
2024121804010954,SALICO,44,1,50.0,701.0,35050.0,2024-12-18
2024121804010953,HEI,47,40,30.0,636.0,19080.0,2024-12-18
2024121803013061,HLBSL,13,75,44.0,937.4,41245.6,2024-12-18
2024121804010952,DHPL,41,11,353.0,300.1,105935.3,2024-12-18
2024121804010951,DHPL,21,11,50.0,300.2,15010.0,2024-12-18
2024121804010950,DHPL,32,11,200.0,301.0,60200.0,2024-12-18
2024121804010949,DHPL,17,11,100.0,301.0,30100.0,2024-12-18
2024121804010948,DHPL,1,11,1000.0,301.0,301000.0,2024-12-18
2024121804010947,DHPL,8,11,500.0,301.1,150550.0,2024-12-18
2024121804010946,DHPL,22,11,100.0,301.3,30130.0,2024-12-18
2024121804010945,DHPL,6,11,100.0,302.0,30200.0,2024-12-18
2024121804010944,DHPL,49,11,600.0,302.0,181200.0,2024-12-18
2024121804010943,DHPL,45,11,97.0,302.0,29294.0,2024-12-18
2024121801016435,NICA,68,25,50.0,391.9,19595.0,2024-12-18
2024121805008233,NRM,36,49,10.0,437.0,4370.0,2024-12-18
2024121805008232,NRM,36,58,20.0,435.0,8700.0,2024-12-18
2024121801016434,GBIME,42,13,500.0,224.2,112100.0,2024-12-18
2024121801016433,SBI,45,8,100.0,448.6,44860.0,2024-12-18
2024121801016432,SBI,41,8,500.0,448.6,224300.0,2024-12-18
2024121801016431,MEHL,7,57,50.0,455.0,22750.0,2024-12-18
2024121804010942,SPDL,29,22,10.0,323.5,3235.0,2024-12-18
2024121803013060,MLBBL,58,98,10.0,1660.0,16600.0,2024-12-18
2024121801016430,CITY,58,38,20.0,872.0,17440.0,2024-12-18
2024121805008231,CHDC,17,77,10.0,1620.0,16200.0,2024-12-18
2024121803013059,RLFL,60,45,10.0,608.5,6085.0,2024-12-18
2024121803013058,RSDC,34,49,10.0,718.0,7180.0,2024-12-18
2024121805008230,MEL,1,34,500.0,314.1,157050.0,2024-12-18
2024121805008229,MEL,54,34,270.0,314.1,84807.0,2024-12-18
2024121801016429,MKCL,34,38,20.0,1490.0,29800.0,2024-12-18
2024121801016428,MKCL,34,40,90.0,1488.0,133920.0,2024-12-18
2024121804010941,AKPL,34,43,10.0,238.1,2381.0,2024-12-18
2024121805008228,HATHY,4,26,97.0,1345.0,130465.0,2024-12-18
2024121805008227,HATHY,75,26,493.0,1345.0,663085.0,2024-12-18
2024121805008226,HATHY,34,26,10.0,1345.1,13451.0,2024-12-18
2024121801016427,MMKJL,35,88,50.0,690.0,34500.0,2024-12-18
2024121804010940,NLG,55,45,401.0,937.1,375777.1,2024-12-18
2024121805008225,HIDCL,57,21,671.0,240.0,161040.0,2024-12-18
2024121805008224,HIDCL,34,21,329.0,240.0,78960.0,2024-12-18
2024121805008223,HIDCL,50,21,500.0,240.2,120100.0,2024-12-18
2024121803013057,PROFL,48,21,40.0,652.0,26080.0,2024-12-18
2024121801016426,SANIMA,52,64,15.0,306.0,4590.0,2024-12-18
2024121804010939,KKHC,10,52,30.0,385.7,11571.0,2024-12-18
2024121805008222,BBC,72,77,10.0,6270.0,62700.0,2024-12-18
2024121804010938,KKHC,10,3,100.0,385.7,38570.0,2024-12-18
2024121801016425,ULHC,14,6,67.0,492.0,32964.0,2024-12-18
2024121801016424,ULHC,4,6,282.0,492.0,138744.0,2024-12-18
2024121801016423,ULHC,58,6,650.0,492.2,319930.0,2024-12-18
2024121801016422,MMKJL,88,35,10.0,689.0,6890.0,2024-12-18
2024121804010937,AKJCL,54,50,200.0,203.1,40620.0,2024-12-18
2024121801016421,MLBS,72,58,10.0,2095.1,20951.0,2024-12-18
2024121803013056,GLBSL,58,25,10.0,2204.0,22040.0,2024-12-18
2024121801016420,MKCL,38,40,10.0,1488.0,14880.0,2024-12-18
2024121804010936,DHPL,45,34,103.0,302.0,31106.0,2024-12-18
2024121804010935,DHPL,6,34,87.0,302.0,26274.0,2024-12-18
2024121801016419,USHEC,44,21,10.0,575.0,5750.0,2024-12-18
2024121801016418,NYADI,16,57,10.0,365.0,3650.0,2024-12-18
2024121801016417,NYADI,16,32,10.0,364.5,3645.0,2024-12-18
2024121801016416,NYADI,16,21,10.0,364.0,3640.0,2024-12-18
2024121801016415,NYADI,16,32,10.0,364.0,3640.0,2024-12-18
2024121801016414,NYADI,16,65,180.0,363.0,65340.0,2024-12-18
2024121801016413,USHEC,16,58,10.0,577.0,5770.0,2024-12-18
2024121801016412,MKHC,47,48,15.0,577.0,8655.0,2024-12-18
2024121801016411,MKHC,47,40,377.0,577.0,217529.0,2024-12-18
2024121801016410,MKHC,47,13,108.0,577.0,62316.0,2024-12-18
2024121803013055,EDBL,47,62,40.0,634.0,25360.0,2024-12-18
2024121803013054,SINDU,62,41,300.0,915.0,274500.0,2024-12-18
2024121801016409,RFPL,8,13,10.0,948.1,9481.0,2024-12-18
2024121803013053,CORBL,96,13,500.0,1610.0,805000.0,2024-12-18
2024121803013052,CBBL,58,29,100.0,919.0,91900.0,2024-12-18
2024121804010934,BPCL,6,13,105.0,392.0,41160.0,2024-12-18
2024121804010933,JOSHI,5,49,160.0,450.0,72000.0,2024-12-18
2024121801016408,NMB,17,32,500.0,240.1,120050.0,2024-12-18
2024121801016407,NMB,18,32,1000.0,240.2,240200.0,2024-12-18
2024121803013051,SMPDA,62,19,212.0,910.0,192920.0,2024-12-18
2024121803013050,SMPDA,43,19,30.0,910.0,27300.0,2024-12-18
2024121803013049,SMPDA,5,19,33.0,910.0,30030.0,2024-12-18
2024121803013048,SMPDA,18,19,25.0,915.0,22875.0,2024-12-18
2024121803013047,NLIC,22,49,112.0,772.0,86464.0,2024-12-18
2024121803013046,NLIC,22,13,33.0,772.0,25476.0,2024-12-18
2024121803013045,NLIC,22,95,130.0,771.0,100230.0,2024-12-18
2024121803013044,PMLI,56,48,100.0,531.0,53100.0,2024-12-18
2024121801016406,NICA,48,25,200.0,391.9,78380.0,2024-12-18
2024121803013043,SIFC,18,4,50.0,602.0,30100.0,2024-12-18
2024121803013042,SIFC,18,42,203.0,601.0,122003.0,2024-12-18
2024121805008221,HIDCL,34,45,1696.0,240.0,407040.0,2024-12-18
2024121805008220,HIDCL,49,45,20.0,240.0,4800.0,2024-12-18
2024121805008219,HIDCL,42,45,25.0,240.0,6000.0,2024-12-18
2024121805008218,HIDCL,46,45,125.0,240.0,30000.0,2024-12-18
2024121805008217,HIDCL,36,45,500.0,240.1,120050.0,2024-12-18
2024121805008216,HIDCL,54,45,101.0,240.1,24250.1,2024-12-18
2024121805008215,HIDCL,45,45,10.0,240.1,2401.0,2024-12-18
2024121805008214,HIDCL,45,45,10.0,240.1,2401.0,2024-12-18
2024121805008213,HIDCL,34,45,500.0,240.1,120050.0,2024-12-18
2024121805008212,HIDCL,45,45,200.0,240.1,48020.0,2024-12-18
2024121805008211,HIDCL,35,45,100.0,240.1,24010.0,2024-12-18
2024121805008210,HIDCL,34,45,428.0,240.1,102762.8,2024-12-18
2024121805008209,HIDCL,34,45,150.0,240.2,36030.0,2024-12-18
2024121805008208,HIDCL,10,45,100.0,240.2,24020.0,2024-12-18
2024121805008207,HIDCL,58,45,100.0,240.2,24020.0,2024-12-18
2024121805008206,HIDCL,13,45,13.0,240.2,3122.6,2024-12-18
2024121805008205,HIDCL,19,45,500.0,240.2,120100.0,2024-12-18
2024121805008204,HIDCL,25,45,122.0,240.2,29304.4,2024-12-18
2024121805008203,HIDCL,41,45,300.0,240.2,72060.0,2024-12-18
2024121805008202,HIDCL,14,45,2000.0,240.3,480600.0,2024-12-18
2024121805008201,HIDCL,22,45,100.0,240.3,24030.0,2024-12-18
2024121805008200,HIDCL,57,45,300.0,240.4,72120.0,2024-12-18
2024121805008199,HIDCL,19,45,100.0,240.5,24050.0,2024-12-18
2024121801016405,MKHC,47,13,392.0,577.0,226184.0,2024-12-18
2024121801016404,MKHC,47,29,200.0,577.0,115400.0,2024-12-18
2024121801016403,MKHC,47,38,240.0,575.0,138000.0,2024-12-18
2024121801016402,MKHC,47,26,240.0,572.0,137280.0,2024-12-18
2024121801016401,MKHC,47,35,230.0,571.3,131399.0,2024-12-18
2024121801016400,MKHC,47,38,20.0,571.2,11424.0,2024-12-18
2024121801016399,MKHC,47,11,200.0,571.2,114240.0,2024-12-18
2024121801016398,MKHC,47,58,10.0,571.0,5710.0,2024-12-18
2024121801016397,MKHC,47,32,10.0,570.0,5700.0,2024-12-18
2024121801016396,MKHC,47,34,10.0,570.0,5700.0,2024-12-18
2024121801016395,MKHC,47,21,10.0,569.6,5696.0,2024-12-18
2024121801016394,MKHC,47,13,120.0,569.1,68292.0,2024-12-18
2024121801016393,MKHC,47,57,10.0,569.0,5690.0,2024-12-18
2024121801016392,MKHC,47,41,308.0,568.0,174944.0,2024-12-18
2024121801016391,NYADI,39,44,40.0,361.3,14452.0,2024-12-18
2024121804010932,RADHI,25,58,12.0,385.4,4624.8,2024-12-18
2024121801016390,KBL,17,25,16.0,213.5,3416.0,2024-12-18
2024121801016389,KBL,17,39,80.0,213.5,17080.0,2024-12-18
2024121803013041,LLBS,34,42,20.0,1136.2,22724.0,2024-12-18
2024121805008198,NRN,6,57,10.0,970.2,9702.0,2024-12-18
2024121801016388,SBD89,36,39,30.0,1134.0,34020.0,2024-12-18
2024121803013040,NFS,32,34,20.0,1120.0,22400.0,2024-12-18
2024121801016387,BEDC,39,16,46.0,658.0,30268.0,2024-12-18
2024121801016386,BEDC,39,41,100.0,657.9,65790.0,2024-12-18
2024121801016385,BEDC,39,17,265.0,657.0,174105.0,2024-12-18
2024121803013039,GBBL,19,36,100.0,424.1,42410.0,2024-12-18
2024121803013038,GBBL,32,36,100.0,424.1,42410.0,2024-12-18
2024121803013037,SMFBS,11,14,12.0,1955.0,23460.0,2024-12-18
2024121804010931,MEN,64,20,160.0,728.2,116512.0,2024-12-18
2024121801016384,MEHL,45,57,20.0,455.0,9100.0,2024-12-18
2024121803013036,KMCDB,47,5,25.0,1108.9,27722.5,2024-12-18
2024121803013035,BFC,61,25,30.0,725.3,21759.0,2024-12-18
2024121803013034,NABBC,42,17,10.0,1275.1,12751.0,2024-12-18
2024121801016383,KBL,29,42,115.0,213.3,24529.5,2024-12-18
2024121804010930,UPPER,47,13,6.0,205.0,1230.0,2024-12-18
2024121804010929,UPPER,42,13,100.0,205.0,20500.0,2024-12-18
2024121804010928,UPPER,45,13,100.0,205.0,20500.0,2024-12-18
2024121804010927,UPPER,88,13,55.0,205.0,11275.0,2024-12-18
2024121804010926,UPPER,21,13,100.0,205.1,20510.0,2024-12-18
2024121804010925,UPPER,37,13,200.0,205.1,41020.0,2024-12-18
2024121804010924,UPPER,16,13,250.0,205.1,51275.0,2024-12-18
2024121804010923,UPPER,57,13,609.0,205.1,124905.9,2024-12-18
2024121804010922,UPPER,51,13,150.0,205.2,30780.0,2024-12-18
2024121804010921,UPPER,55,13,180.0,205.3,36954.0,2024-12-18
2024121804010920,UPPER,13,13,250.0,205.4,51350.0,2024-12-18
2024121801016382,CITY,19,38,100.0,872.0,87200.0,2024-12-18
2024121801016381,ANLB,58,70,10.0,4885.5,48855.0,2024-12-18
2024121804010919,UPCL,65,28,108.0,275.0,29700.0,2024-12-18
2024121803013033,NICLBSL,32,44,10.0,669.0,6690.0,2024-12-18
2024121804010918,UMRH,34,19,90.0,623.1,56079.0,2024-12-18
2024121804010917,NHPC,1,58,10.0,219.0,2190.0,2024-12-18
2024121804010916,NHPC,1,54,10.0,219.0,2190.0,2024-12-18
2024121803013032,CBBL,4,56,244.0,918.0,223992.0,2024-12-18
2024121801016380,TAMOR,52,81,30.0,515.0,15450.0,2024-12-18
2024121804010915,SSHL,59,32,100.0,232.9,23290.0,2024-12-18
2024121801016379,AHL,42,45,80.0,714.0,57120.0,2024-12-18
2024121801016378,AHL,42,58,10.0,714.0,7140.0,2024-12-18
2024121801016377,AHL,42,45,10.0,714.0,7140.0,2024-12-18
2024121801016376,AHL,42,47,10.0,713.0,7130.0,2024-12-18
2024121801016375,AHL,42,58,10.0,712.9,7129.0,2024-12-18
2024121801016374,AHL,42,55,10.0,707.0,7070.0,2024-12-18
2024121801016373,AHL,42,58,10.0,705.0,7050.0,2024-12-18
2024121801016372,AHL,42,49,10.0,702.0,7020.0,2024-12-18
2024121801016371,AHL,42,44,150.0,701.0,105150.0,2024-12-18
2024121803013031,GMFBS,47,42,14.0,1699.1,23787.4,2024-12-18
2024121804010914,SGIC,71,58,255.0,673.0,171615.0,2024-12-18
2024121804010913,SGIC,71,17,100.0,673.0,67300.0,2024-12-18
2024121804010912,SGIC,71,43,20.0,672.9,13458.0,2024-12-18
2024121804010911,SGIC,71,80,100.0,672.8,67280.0,2024-12-18
2024121804010910,SGIC,71,22,50.0,672.8,33640.0,2024-12-18
2024121804010909,SGIC,71,19,250.0,672.7,168175.0,2024-12-18
2024121804010908,SGIC,71,58,10.0,672.6,6726.0,2024-12-18
2024121804010907,SGIC,71,16,10.0,672.0,6720.0,2024-12-18
2024121804010906,SGIC,71,51,10.0,672.0,6720.0,2024-12-18
2024121804010905,SGIC,71,44,75.0,672.0,50400.0,2024-12-18
2024121804010904,SGIC,71,34,100.0,670.0,67000.0,2024-12-18
2024121804010903,SGIC,71,35,10.0,670.0,6700.0,2024-12-18
2024121804010902,SGIC,71,58,10.0,670.0,6700.0,2024-12-18
2024121803013030,RSDC,63,38,50.0,711.1,35555.0,2024-12-18
2024121803013029,RSDC,44,38,22.0,711.3,15648.6,2024-12-18
2024121803013028,RSDC,10,38,10.0,711.3,7113.0,2024-12-18
2024121801016370,TPC,56,58,260.0,541.0,140660.0,2024-12-18
2024121805008197,MEL,54,70,530.0,314.1,166473.0,2024-12-18
2024121805008196,MEL,34,70,20.0,314.3,6286.0,2024-12-18
2024121804010901,HEI,39,5,19.0,632.0,12008.0,2024-12-18
2024121804010900,HEI,58,5,50.0,632.0,31600.0,2024-12-18
2024121804010899,HEI,92,5,85.0,632.7,53779.5,2024-12-18
2024121804010898,HEI,51,5,100.0,633.0,63300.0,2024-12-18
2024121804010897,HEI,48,5,100.0,633.0,63300.0,2024-12-18
2024121804010896,HEI,14,5,50.0,634.0,31700.0,2024-12-18
2024121804010895,HEI,57,5,10.0,634.0,6340.0,2024-12-18
2024121804010894,HEI,41,5,50.0,634.0,31700.0,2024-12-18
2024121804010893,HEI,34,5,11.0,634.0,6974.0,2024-12-18
2024121804010892,HEI,58,5,100.0,634.1,63410.0,2024-12-18
2024121804010891,HEI,58,5,25.0,635.0,15875.0,2024-12-18
2024121803013027,JBBL,14,49,34.0,366.0,12444.0,2024-12-18
2024121803013026,JBBL,49,49,36.0,366.0,13176.0,2024-12-18
2024121803013025,SFCL,45,39,40.0,678.2,27128.0,2024-12-18
2024121803013024,SFCL,67,39,50.0,679.0,33950.0,2024-12-18
2024121803013023,SFCL,6,39,60.0,679.0,40740.0,2024-12-18
2024121804010890,GHL,48,47,490.0,211.4,103586.0,2024-12-18
2024121804010889,GHL,48,22,400.0,211.0,84400.0,2024-12-18
2024121801016369,SIKLES,45,17,10.0,865.0,8650.0,2024-12-18
2024121801016368,SIKLES,45,52,30.0,865.0,25950.0,2024-12-18
2024121801016367,SIKLES,45,74,50.0,865.0,43250.0,2024-12-18
2024121801016366,SIKLES,45,81,60.0,865.0,51900.0,2024-12-18
2024121805008195,SHIVM,22,44,10.0,558.0,5580.0,2024-12-18
2024121805008194,SHIVM,45,44,50.0,558.0,27900.0,2024-12-18
2024121801016365,NICA,58,25,200.0,391.9,78380.0,2024-12-18
2024121801016364,KBL,66,39,10.0,213.5,2135.0,2024-12-18
2024121803013022,SWBBL,50,87,57.0,889.0,50673.0,2024-12-18
2024121803013021,SWBBL,50,22,14.0,889.0,12446.0,2024-12-18
2024121803013020,SWBBL,50,57,111.0,888.7,98645.7,2024-12-18
2024121803013019,SWBBL,50,45,114.0,888.0,101232.0,2024-12-18
2024121803013018,SWBBL,50,41,204.0,886.0,180744.0,2024-12-18
2024121803013017,JFL,41,56,55.0,914.9,50319.5,2024-12-18
2024121803013016,JFL,41,32,100.0,914.0,91400.0,2024-12-18
2024121803013015,JFL,41,42,100.0,914.0,91400.0,2024-12-18
2024121803013014,JFL,41,43,50.0,913.7,45685.0,2024-12-18
2024121803013013,JFL,41,41,100.0,913.0,91300.0,2024-12-18
2024121803013012,JFL,41,38,10.0,913.0,9130.0,2024-12-18
2024121803013011,JFL,41,35,100.0,913.0,91300.0,2024-12-18
2024121803013010,JFL,41,47,50.0,912.9,45645.0,2024-12-18
2024121803013009,JFL,41,19,15.0,912.8,13692.0,2024-12-18
2024121803013008,JFL,41,38,100.0,910.0,91000.0,2024-12-18
2024121803013007,JFL,41,58,10.0,910.0,9100.0,2024-12-18
2024121803013006,JFL,41,34,300.0,910.0,273000.0,2024-12-18
2024121803013005,JFL,41,35,400.0,910.0,364000.0,2024-12-18
2024121803013004,JFL,41,1,110.0,910.0,100100.0,2024-12-18
2024121801016363,NMB,49,6,100.0,240.3,24030.0,2024-12-18
2024121804010888,NGPL,28,45,200.0,266.0,53200.0,2024-12-18
2024121804010887,JOSHI,5,51,40.0,450.0,18000.0,2024-12-18
2024121804010886,BARUN,4,16,10.0,416.0,4160.0,2024-12-18
2024121804010885,BARUN,4,51,20.0,415.9,8318.0,2024-12-18
2024121804010884,BARUN,4,16,10.0,414.0,4140.0,2024-12-18
2024121803013003,PFL,56,35,61.0,649.9,39643.9,2024-12-18
2024121803013002,PFL,56,35,20.0,649.8,12996.0,2024-12-18
2024121803013001,PFL,56,3,10.0,649.5,6495.0,2024-12-18
2024121803013000,PFL,56,40,500.0,649.0,324500.0,2024-12-18
2024121803012999,PFL,56,32,15.0,648.9,9733.5,2024-12-18
2024121803012998,PFL,56,91,80.0,648.9,51912.0,2024-12-18
2024121803012997,PFL,56,49,67.0,648.0,43416.0,2024-12-18
2024121803012996,PFL,56,41,10.0,648.0,6480.0,2024-12-18
2024121803012995,PFL,56,48,50.0,647.9,32395.0,2024-12-18
2024121803012994,PFL,56,59,100.0,647.0,64700.0,2024-12-18
2024121803012993,PFL,56,41,10.0,645.0,6450.0,2024-12-18
2024121803012992,PFL,56,58,77.0,644.0,49588.0,2024-12-18
2024121804010883,SSHL,45,42,153.0,231.0,35343.0,2024-12-18
2024121805008193,PHCL,55,41,10.0,540.0,5400.0,2024-12-18
2024121801016362,JBLB,48,38,100.0,1509.0,150900.0,2024-12-18
2024121803012991,MNBBL,58,42,50.0,375.0,18750.0,2024-12-18
2024121803012990,BFC,58,42,20.0,727.0,14540.0,2024-12-18
2024121805008192,SONA,49,70,168.0,453.0,76104.0,2024-12-18
2024121803012989,SINDU,49,41,10.0,915.0,9150.0,2024-12-18
2024121804010882,PPCL,19,4,184.0,296.0,54464.0,2024-12-18
2024121805008191,MEL,54,22,200.0,314.1,62820.0,2024-12-18
2024121805008190,MEL,1,22,300.0,314.2,94260.0,2024-12-18
2024121805008189,MEL,13,22,250.0,314.3,78575.0,2024-12-18
2024121804010881,RADHI,48,48,100.0,384.0,38400.0,2024-12-18
2024121801016361,PRVU,42,7,1.0,222.9,222.9,2024-12-18
2024121801016360,PRVU,42,48,199.0,222.9,44357.1,2024-12-18
2024121804010880,AKPL,10,14,110.0,238.0,26180.0,2024-12-18
2024121805008188,ENL,49,45,65.0,1240.0,80600.0,2024-12-18
2024121805008187,ENL,91,45,45.0,1241.0,55845.0,2024-12-18
2024121803012988,SMFBS,45,49,170.0,1965.0,334050.0,2024-12-18
2024121803012987,SMFBS,45,7,30.0,1964.0,58920.0,2024-12-18
2024121801016359,GBIME,33,43,20.0,224.3,4486.0,2024-12-18
2024121805008186,GIBF1,17,58,500.0,10.14,5070.0,2024-12-18
2024121803012986,MATRI,1,42,10.0,1250.1,12501.0,2024-12-18
2024121803012985,MATRI,44,42,40.0,1255.0,50200.0,2024-12-18
2024121803012984,MATRI,56,42,100.0,1255.1,125510.0,2024-12-18
2024121803012983,JFL,42,1,90.0,910.0,81900.0,2024-12-18
2024121803012982,JFL,42,58,10.0,910.0,9100.0,2024-12-18
2024121804010879,SPDL,74,13,380.0,322.6,122588.0,2024-12-18
2024121804010878,NGPL,8,77,200.0,265.8,53160.0,2024-12-18
2024121803012981,MERO,39,17,10.0,727.0,7270.0,2024-12-18
2024121804010877,CHL,35,34,13.0,408.1,5305.3,2024-12-18
2024121805008185,CLI,14,50,99.0,685.0,67815.0,2024-12-18
2024121805008184,CLI,14,62,10.0,685.0,6850.0,2024-12-18
2024121805008183,CLI,14,40,71.0,684.9,48627.9,2024-12-18
2024121805008182,CLI,14,58,10.0,684.0,6840.0,2024-12-18
2024121805008181,CLI,14,63,100.0,684.0,68400.0,2024-12-18
2024121805008180,CLI,14,58,10.0,681.0,6810.0,2024-12-18
2024121801016358,DOLTI,55,32,100.0,697.0,69700.0,2024-12-18
2024121801016357,BNHC,47,33,371.0,480.5,178265.5,2024-12-18
2024121805008179,CIT,59,56,89.0,2148.0,191172.0,2024-12-18
2024121801016356,ULBSL,62,54,10.0,3418.8,34188.0,2024-12-18
2024121805008178,STC,54,67,10.0,5739.0,57390.0,2024-12-18
2024121804010876,PPCL,13,58,200.0,297.0,59400.0,2024-12-18
2024121801016355,ULHC,29,65,10.0,496.0,4960.0,2024-12-18
2024121801016354,ULHC,29,58,10.0,495.0,4950.0,2024-12-18
2024121801016353,MMKJL,58,35,10.0,689.0,6890.0,2024-12-18
2024121804010875,HDHPC,57,59,375.0,201.0,75375.0,2024-12-18
2024121804010874,HDHPC,57,19,125.0,201.0,25125.0,2024-12-18
2024121804010873,HDHPC,57,49,500.0,200.9,100450.0,2024-12-18
2024121804010872,UNHPL,49,47,10.0,284.4,2844.0,2024-12-18
2024121805008177,VLUCL,98,4,100.0,663.0,66300.0,2024-12-18
2024121801016352,MEHL,58,4,20.0,453.8,9076.0,2024-12-18
2024121805008176,ENL,19,56,10.0,1250.0,12500.0,2024-12-18
2024121804010871,SPDL,34,50,30.0,323.0,9690.0,2024-12-18
2024121803012980,ICFC,26,44,20.0,696.0,13920.0,2024-12-18
2024121801016351,CKHL,35,38,15.0,724.0,10860.0,2024-12-18
2024121801016350,CKHL,35,62,50.0,724.0,36200.0,2024-12-18
2024121801016349,CKHL,35,62,390.0,724.0,282360.0,2024-12-18
2024121801016348,CKHL,35,46,10.0,724.0,7240.0,2024-12-18
2024121801016347,CKHL,35,34,20.0,724.0,14480.0,2024-12-18
2024121801016346,CKHL,35,19,15.0,723.9,10858.5,2024-12-18
2024121805008175,RNLI,75,16,89.0,505.0,44945.0,2024-12-18
2024121805008174,RNLI,75,19,11.0,505.0,5555.0,2024-12-18
2024121803012979,SHINE,97,29,90.0,443.0,39870.0,2024-12-18
2024121803012978,SHINE,97,6,100.0,443.0,44300.0,2024-12-18
2024121803012977,SHINE,97,17,90.0,442.0,39780.0,2024-12-18
2024121805008173,SAHAS,52,76,50.0,480.5,24025.0,2024-12-18
2024121803012976,SADBL,13,34,300.0,419.0,125700.0,2024-12-18
2024121801016345,UHEWA,99,58,100.0,688.0,68800.0,2024-12-18
2024121801016344,UHEWA,74,58,50.0,688.0,34400.0,2024-12-18
2024121801016343,UHEWA,33,58,89.0,689.0,61321.0,2024-12-18
2024121803012975,SFCL,60,58,10.0,680.0,6800.0,2024-12-18
2024121803012974,SAPDBL,18,92,100.0,1081.1,108110.0,2024-12-18
2024121803012973,SAPDBL,55,92,10.0,1090.0,10900.0,2024-12-18
2024121803012972,SAPDBL,57,92,10.0,1090.0,10900.0,2024-12-18
2024121801016342,KBL,29,4,130.0,213.3,27729.0,2024-12-18
2024121803012971,KRBL,68,55,10.0,790.0,7900.0,2024-12-18
2024121804010870,KKHC,10,42,90.0,385.7,34713.0,2024-12-18
2024121801016341,SCB,42,35,500.0,668.5,334250.0,2024-12-18
2024121805008172,CLI,42,36,10.0,683.0,6830.0,2024-12-18
2024121805008171,CLI,42,49,10.0,682.0,6820.0,2024-12-18
2024121805008170,CLI,42,98,10.0,682.0,6820.0,2024-12-18
2024121805008169,CLI,42,58,10.0,681.3,6813.0,2024-12-18
2024121805008168,CLI,42,49,10.0,681.0,6810.0,2024-12-18
2024121804010869,AKJCL,54,50,558.0,203.1,113329.8,2024-12-18
2024121804010868,AKJCL,49,50,20.0,203.1,4062.0,2024-12-18
2024121804010867,AKJCL,33,50,155.0,203.1,31480.5,2024-12-18
2024121804010866,AKJCL,14,50,50.0,203.1,10155.0,2024-12-18
2024121804010865,AKJCL,4,50,217.0,203.1,44072.7,2024-12-18
2024121801016340,KBL,46,8,10.0,213.4,2134.0,2024-12-18
2024121804010864,HURJA,6,80,120.0,229.1,27492.0,2024-12-18
2024121804010863,HURJA,41,80,400.0,229.1,91640.0,2024-12-18
2024121804010862,HURJA,34,80,500.0,229.1,114550.0,2024-12-18
2024121804010861,HURJA,49,80,30.0,229.5,6885.0,2024-12-18
2024121803012970,SFCL,6,6,15.0,679.0,10185.0,2024-12-18
2024121801016339,NICA,57,81,30.0,392.0,11760.0,2024-12-18
2024121805008167,HRL,57,65,20.0,800.6,16012.0,2024-12-18
2024121805008166,HRL,57,59,80.0,800.5,64040.0,2024-12-18
2024121803012969,MLBL,84,32,2000.0,392.0,784000.0,2024-12-18
2024121801016338,ULBSL,62,36,10.0,3418.8,34188.0,2024-12-18
2024121804010860,AKPL,65,43,600.0,238.1,142860.0,2024-12-18
2024121803012968,RLFL,44,35,110.0,605.0,66550.0,2024-12-18
2024121803012967,RLFL,58,35,100.0,605.1,60510.0,2024-12-18
2024121803012966,RLFL,57,35,190.0,605.2,114988.0,2024-12-18
2024121803012965,RLFL,58,35,100.0,605.5,60550.0,2024-12-18
2024121804010859,RHPL,14,38,80.0,445.0,35600.0,2024-12-18
2024121804010858,RHPL,14,58,20.0,445.0,8900.0,2024-12-18
2024121803012964,MDB,4,56,70.0,711.0,49770.0,2024-12-18
2024121803012963,MDB,88,56,30.0,711.0,21330.0,2024-12-18
2024121801016337,IHL,16,81,389.0,641.3,249465.7,2024-12-18
2024121801016336,MKHC,47,41,92.0,568.0,52256.0,2024-12-18
2024121801016335,MKHC,47,64,50.0,566.1,28305.0,2024-12-18
2024121801016334,MKHC,47,21,10.0,566.1,5661.0,2024-12-18
2024121801016333,MKHC,47,32,500.0,566.0,283000.0,2024-12-18
2024121801016332,MKHC,47,35,348.0,566.0,196968.0,2024-12-18
2024121801016331,SGHC,45,14,10.0,464.0,4640.0,2024-12-18
2024121804010857,AKPL,65,59,400.0,238.1,95240.0,2024-12-18
2024121804010856,AKPL,49,59,100.0,238.1,23810.0,2024-12-18
2024121803012962,DDBL,6,17,22.0,863.0,18986.0,2024-12-18
2024121805008165,PSF,5,25,8750.0,10.01,87587.5,2024-12-18
2024121801016330,KDL,72,54,10.0,1179.0,11790.0,2024-12-18
2024121805008164,NRIC,78,41,126.0,750.1,94512.6,2024-12-18
2024121805008163,NRIC,50,41,50.0,750.5,37525.0,2024-12-18
2024121805008162,NRIC,45,41,24.0,751.0,18024.0,2024-12-18
2024121804010855,GHL,58,22,200.0,211.0,42200.0,2024-12-18
2024121805008161,HRL,58,65,100.0,800.6,80060.0,2024-12-18
2024121801016329,NIMB,39,98,15.0,218.5,3277.5,2024-12-18
2024121801016328,NIMB,39,38,410.0,218.5,89585.0,2024-12-18
2024121801016327,NIMB,39,34,75.0,218.1,16357.5,2024-12-18
2024121803012961,JFL,41,4,20.0,909.9,18198.0,2024-12-18
2024121801016326,SBI,32,8,472.0,448.8,211833.6,2024-12-18
2024121804010854,CHL,26,1,100.0,408.2,40820.0,2024-12-18
2024121803012960,SJLIC,1,44,500.0,448.0,224000.0,2024-12-18
2024121803012959,SJLIC,1,48,600.0,447.9,268740.0,2024-12-18
2024121804010853,SHEL,35,48,40.0,243.0,9720.0,2024-12-18
2024121805008160,NIFRA,54,35,536.0,252.0,135072.0,2024-12-18
2024121805008159,NIFRA,54,35,100.0,252.0,25200.0,2024-12-18
2024121805008158,NIFRA,49,35,100.0,252.0,25200.0,2024-12-18
2024121805008157,NIFRA,11,35,100.0,252.0,25200.0,2024-12-18
2024121805008156,NIFRA,34,35,282.0,252.0,71064.0,2024-12-18
2024121801016325,HHL,51,35,60.0,523.0,31380.0,2024-12-18
2024121801016324,HHL,51,25,500.0,523.0,261500.0,2024-12-18
2024121801016323,HHL,51,58,10.0,523.0,5230.0,2024-12-18
2024121801016322,HHL,51,62,430.0,521.0,224030.0,2024-12-18
2024121803012958,MFIL,45,59,100.0,685.0,68500.0,2024-12-18
2024121801016321,DOLTI,35,52,40.0,696.0,27840.0,2024-12-18
2024121801016320,DOLTI,57,52,60.0,696.0,41760.0,2024-12-18
2024121801016319,DOLTI,7,52,50.0,696.1,34805.0,2024-12-18
2024121801016318,DOLTI,6,52,30.0,696.1,20883.0,2024-12-18
2024121801016317,DOLTI,68,52,20.0,696.2,13924.0,2024-12-18
2024121801016316,DOLTI,39,52,50.0,696.3,34815.0,2024-12-18
2024121801016315,MKCL,50,17,10.0,1476.0,14760.0,2024-12-18
2024121804010852,PPCL,40,58,10.0,297.0,2970.0,2024-12-18
2024121801016314,KDL,42,54,10.0,1179.0,11790.0,2024-12-18
2024121803012957,NFS,83,57,15.0,1120.0,16800.0,2024-12-18
2024121801016313,NWCL,36,6,10.0,970.0,9700.0,2024-12-18
2024121803012956,MLBL,41,36,50.0,391.2,19560.0,2024-12-18
2024121803012955,JFL,49,58,50.0,910.0,45500.0,2024-12-18
2024121803012954,CFCL,48,34,500.0,623.2,311600.0,2024-12-18
2024121801016312,TSHL,49,34,30.0,860.0,25800.0,2024-12-18
2024121804010851,SHEL,57,48,60.0,243.0,14580.0,2024-12-18
2024121804010850,SHEL,18,48,10.0,243.0,2430.0,2024-12-18
2024121804010849,SHEL,11,48,40.0,243.0,9720.0,2024-12-18
2024121803012953,GRDBL,1,54,10.0,1010.0,10100.0,2024-12-18
2024121801016311,BHDC,14,57,160.0,648.1,103696.0,2024-12-18
2024121801016310,TSHL,55,34,10.0,865.0,8650.0,2024-12-18
2024121801016309,SPC,52,56,10.0,515.2,5152.0,2024-12-18
2024121803012952,CFCL,13,14,10.0,624.0,6240.0,2024-12-18
2024121803012951,NADEP,57,42,20.0,957.2,19144.0,2024-12-18
2024121803012950,GMFIL,38,51,70.0,600.0,42000.0,2024-12-18
2024121803012949,GMFIL,38,14,100.0,599.9,59990.0,2024-12-18
2024121803012948,GMFIL,38,6,100.0,599.0,59900.0,2024-12-18
2024121803012947,GMFIL,38,67,130.0,598.0,77740.0,2024-12-18
2024121804010848,KKHC,10,38,30.0,385.7,11571.0,2024-12-18
2024121804010847,AKJCL,38,19,430.0,204.0,87720.0,2024-12-18
2024121804010846,AKJCL,38,41,50.0,203.5,10175.0,2024-12-18
2024121804010845,AKJCL,38,49,20.0,203.5,4070.0,2024-12-18
2024121803012946,FMDBL,84,25,100.0,791.0,79100.0,2024-12-18
2024121801016308,PRVU,42,1,100.0,222.9,22290.0,2024-12-18
2024121801016307,HHL,48,62,500.0,521.0,260500.0,2024-12-18
2024121801016306,HHL,48,45,12.0,521.0,6252.0,2024-12-18
2024121804010844,HURJA,45,47,92.0,230.0,21160.0,2024-12-18
2024121803012945,CORBL,96,54,20.0,1610.0,32200.0,2024-12-18
2024121805008155,CIT,56,54,10.0,2147.0,21470.0,2024-12-18
2024121803012944,LICN,42,35,65.0,1179.0,76635.0,2024-12-18
2024121803012943,LICN,42,58,335.0,1170.0,391950.0,2024-12-18
2024121803012942,SFCL,50,58,163.0,680.0,110840.0,2024-12-18
2024121803012941,SFCL,50,57,250.0,680.0,170000.0,2024-12-18
2024121804010843,SSHL,17,39,200.0,230.3,46060.0,2024-12-18
2024121804010842,SSHL,34,39,100.0,230.4,23040.0,2024-12-18
2024121804010841,SSHL,55,39,200.0,230.5,46100.0,2024-12-18
2024121803012940,BFC,61,32,110.0,725.3,79783.0,2024-12-18
2024121803012939,BFC,6,32,50.0,725.3,36265.0,2024-12-18
2024121801016305,TVCL,57,55,10.0,544.3,5443.0,2024-12-18
2024121804010840,JOSHI,3,57,10.0,449.1,4491.0,2024-12-18
2024121805008154,NRN,6,8,10.0,970.2,9702.0,2024-12-18
2024121803012938,SWBBL,42,49,59.0,876.0,51684.0,2024-12-18
2024121801016304,DORDI,17,22,10.0,532.1,5321.0,2024-12-18
2024121805008153,SAHAS,49,76,10.0,480.5,4805.0,2024-12-18
2024121804010839,CHL,35,48,100.0,408.1,40810.0,2024-12-18
2024121804010838,API,55,48,31.0,260.1,8063.1,2024-12-18
2024121804010837,API,41,48,100.0,260.1,26010.0,2024-12-18
2024121804010836,API,51,48,340.0,260.1,88434.0,2024-12-18
2024121804010835,API,48,48,200.0,260.1,52020.0,2024-12-18
2024121804010834,API,1,48,490.0,260.1,127449.0,2024-12-18
2024121804010833,API,17,48,1035.0,260.2,269307.0,2024-12-18
2024121804010832,API,58,48,100.0,260.2,26020.0,2024-12-18
2024121804010831,API,26,48,264.0,260.2,68692.8,2024-12-18
2024121804010830,API,63,48,50.0,260.3,13015.0,2024-12-18
2024121804010829,API,34,48,100.0,260.3,26030.0,2024-12-18
2024121804010828,API,45,48,100.0,260.5,26050.0,2024-12-18
2024121804010827,API,57,48,100.0,260.5,26050.0,2024-12-18
2024121804010826,API,7,48,30.0,260.6,7818.0,2024-12-18
2024121804010825,API,41,48,60.0,261.0,15660.0,2024-12-18
2024121804010824,IGI,16,32,15.0,591.0,8865.0,2024-12-18
2024121804010823,IGI,16,14,50.0,591.0,29550.0,2024-12-18
2024121804010822,IGI,16,55,10.0,591.0,5910.0,2024-12-18
2024121803012937,JSLBB,68,45,10.0,1588.0,15880.0,2024-12-18
2024121804010821,UMRH,34,59,62.0,623.1,38632.2,2024-12-18
2024121804010820,UMRH,81,59,200.0,623.2,124640.0,2024-12-18
2024121805008152,HDL,58,36,20.0,1335.0,26700.0,2024-12-18
2024121805008151,HDL,66,36,180.0,1335.0,240300.0,2024-12-18
2024121801016303,HBL,55,53,210.0,235.6,49476.0,2024-12-18
2024121801016302,HBL,6,53,40.0,235.6,9424.0,2024-12-18
2024121801016301,HBL,34,53,100.0,235.7,23570.0,2024-12-18
2024121801016300,HBL,38,53,100.0,235.8,23580.0,2024-12-18
2024121803012936,MDB,88,5,70.0,711.0,49770.0,2024-12-18
2024121803012935,MDB,29,5,30.0,712.0,21360.0,2024-12-18
2024121804010819,NHPC,38,54,65.0,219.0,14235.0,2024-12-18
2024121804010818,NHPC,38,38,135.0,219.0,29565.0,2024-12-18
2024121803012934,JBBL,38,48,368.0,367.0,135056.0,2024-12-18
2024121803012933,JBBL,38,6,132.0,367.0,48444.0,2024-12-18
2024121801016299,SRLI,59,6,80.0,419.0,33520.0,2024-12-18
2024121801016298,SRLI,25,6,45.0,419.0,18855.0,2024-12-18
2024121801016297,SRLI,43,6,100.0,419.0,41900.0,2024-12-18
2024121801016296,SRLI,71,6,90.0,419.5,37755.0,2024-12-18
2024121804010817,BARUN,4,16,240.0,414.0,99360.0,2024-12-18
2024121804010816,JOSHI,22,35,67.0,452.2,30297.4,2024-12-18
2024121804010815,JOSHI,22,44,2000.0,452.0,904000.0,2024-12-18
2024121804010814,JOSHI,22,45,130.0,452.0,58760.0,2024-12-18
2024121804010813,JOSHI,22,74,35.0,451.9,15816.5,2024-12-18
2024121804010812,JOSHI,22,41,968.0,451.9,437439.2,2024-12-18
2024121804010811,JOSHI,22,22,750.0,451.5,338625.0,2024-12-18
2024121804010810,JOSHI,22,25,50.0,450.0,22500.0,2024-12-18
2024121801016295,RHGCL,47,1,40.0,496.4,19856.0,2024-12-18
2024121801016294,RHGCL,13,1,120.0,496.5,59580.0,2024-12-18
2024121801016293,RHGCL,7,1,140.0,497.0,69580.0,2024-12-18
2024121801016292,SBI,32,14,100.0,448.8,44880.0,2024-12-18
2024121804010809,NICL,75,74,100.0,969.0,96900.0,2024-12-18
2024121803012932,LICN,58,58,20.0,1170.0,23400.0,2024-12-18
2024121803012931,LICN,39,58,10.0,1170.0,11700.0,2024-12-18
2024121803012930,LICN,35,58,30.0,1170.0,35100.0,2024-12-18
2024121803012929,LICN,38,58,20.0,1170.1,23402.0,2024-12-18
2024121803012928,LICN,34,58,20.0,1171.1,23422.0,2024-12-18
2024121803012927,LICN,57,58,10.0,1172.0,11720.0,2024-12-18
2024121803012926,LICN,32,58,35.0,1174.0,41090.0,2024-12-18
2024121803012925,LICN,57,58,10.0,1175.0,11750.0,2024-12-18
2024121803012924,LICN,49,58,10.0,1176.0,11760.0,2024-12-18
2024121804010808,RURU,58,58,435.0,690.1,300193.5,2024-12-18
2024121804010807,RURU,57,58,40.0,690.2,27608.0,2024-12-18
2024121804010806,RURU,39,58,25.0,690.2,17255.0,2024-12-18
2024121805008150,HDL,66,58,20.0,1335.0,26700.0,2024-12-18
2024121805008149,HDL,53,58,10.0,1335.3,13353.0,2024-12-18
2024121803012923,SIFC,44,42,50.0,601.0,30050.0,2024-12-18
2024121803012922,SIFC,44,42,200.0,600.0,120000.0,2024-12-18
2024121803012921,SIFC,44,32,40.0,600.0,24000.0,2024-12-18
2024121804010805,SJCL,96,25,10.0,362.0,3620.0,2024-12-18
2024121804010804,SJCL,96,19,20.0,359.5,7190.0,2024-12-18
2024121804010803,UMHL,13,75,242.0,324.0,78408.0,2024-12-18
2024121801016291,NBL,52,29,283.0,265.1,75023.3,2024-12-18
2024121801016290,NBL,52,29,500.0,265.1,132550.0,2024-12-18
2024121801016289,NBL,57,29,500.0,265.2,132600.0,2024-12-18
2024121801016288,NBL,44,29,500.0,265.3,132650.0,2024-12-18
2024121801016287,NBL,49,29,19.0,265.5,5044.5,2024-12-18
2024121803012920,SWBBL,50,41,296.0,886.0,262256.0,2024-12-18
2024121803012919,SWBBL,50,62,200.0,885.0,177000.0,2024-12-18
2024121803012918,SWBBL,50,62,200.0,885.0,177000.0,2024-12-18
2024121803012917,SWBBL,50,19,500.0,884.9,442450.0,2024-12-18
2024121803012916,SWBBL,50,22,371.0,880.0,326480.0,2024-12-18
2024121803012915,SWBBL,50,47,30.0,880.0,26400.0,2024-12-18
2024121803012914,SWBBL,50,60,218.0,880.0,191840.0,2024-12-18
2024121803012913,SWBBL,50,43,185.0,879.0,162615.0,2024-12-18
2024121804010802,BPCL,41,13,400.0,392.0,156800.0,2024-12-18
2024121801016286,SHLB,4,34,10.0,2417.0,24170.0,2024-12-18
2024121804010801,UPPER,18,1,700.0,205.5,143850.0,2024-12-18
2024121801016285,GBIME,42,49,1250.0,224.2,280250.0,2024-12-18
2024121801016284,MHCL,19,49,32.0,548.0,17536.0,2024-12-18
2024121801016283,MMKJL,78,34,190.0,687.0,130530.0,2024-12-18
2024121801016282,MMKJL,35,34,40.0,687.0,27480.0,2024-12-18
2024121801016281,PRVU,48,48,101.0,223.0,22523.0,2024-12-18
2024121801016280,PRVU,48,7,49.0,223.0,10927.0,2024-12-18
2024121803012912,BFC,42,55,82.0,725.0,59450.0,2024-12-18
2024121803012911,BFC,56,55,500.0,725.0,362500.0,2024-12-18
2024121803012910,BFC,28,55,50.0,725.1,36255.0,2024-12-18
2024121803012909,BFC,57,55,10.0,725.2,7252.0,2024-12-18
2024121803012908,BFC,45,55,200.0,725.2,145040.0,2024-12-18
2024121803012907,BFC,34,55,30.0,726.0,21780.0,2024-12-18
2024121803012906,MATRI,45,34,10.0,1265.0,12650.0,2024-12-18
2024121804010800,SPDL,29,50,10.0,323.0,3230.0,2024-12-18
2024121803012905,SWMF,62,70,10.0,770.0,7700.0,2024-12-18
2024121804010799,API,41,65,40.0,261.0,10440.0,2024-12-18
2024121804010798,HDHPC,55,38,190.0,200.0,38000.0,2024-12-18
2024121804010797,HDHPC,48,38,300.0,200.5,60150.0,2024-12-18
2024121804010796,UPPER,49,1,480.0,205.5,98640.0,2024-12-18
2024121803012904,PROFL,48,34,275.0,652.0,179300.0,2024-12-18
2024121805008148,SMATA,57,35,10.0,811.1,8111.0,2024-12-18
2024121804010795,HURJA,11,47,400.0,230.0,92000.0,2024-12-18
2024121804010794,UPPER,58,1,100.0,205.5,20550.0,2024-12-18
2024121801016279,SPL,44,88,154.0,999.0,153846.0,2024-12-18
2024121801016278,SPL,44,5,100.0,996.5,99650.0,2024-12-18
2024121801016277,SPL,44,6,50.0,995.5,49775.0,2024-12-18
2024121801016276,SPL,44,53,100.0,995.0,99500.0,2024-12-18
2024121801016275,SPL,44,49,10.0,995.0,9950.0,2024-12-18
2024121801016274,SPL,44,88,500.0,995.0,497500.0,2024-12-18
2024121801016273,SPL,44,87,50.0,995.0,49750.0,2024-12-18
2024121801016272,SPL,44,5,20.0,993.0,19860.0,2024-12-18
2024121801016271,SPL,44,70,10.0,993.0,9930.0,2024-12-18
2024121801016270,SPL,44,58,10.0,992.0,9920.0,2024-12-18
2024121801016269,SPL,44,22,10.0,991.9,9919.0,2024-12-18
2024121801016268,SPL,44,57,290.0,990.0,287100.0,2024-12-18
2024121801016267,SPL,44,57,100.0,990.0,99000.0,2024-12-18
2024121801016266,SPL,44,7,200.0,989.0,197800.0,2024-12-18
2024121801016265,SPL,44,38,70.0,987.0,69090.0,2024-12-18
2024121801016264,SPL,44,8,31.0,987.0,30597.0,2024-12-18
2024121801016263,SPL,44,5,30.0,986.0,29580.0,2024-12-18
2024121801016262,SPL,44,17,10.0,986.0,9860.0,2024-12-18
2024121801016261,SPL,44,57,100.0,985.0,98500.0,2024-12-18
2024121801016260,SPL,44,57,15.0,984.9,14773.5,2024-12-18
2024121801016259,SPL,44,80,10.0,984.9,9849.0,2024-12-18
2024121801016258,SPL,44,17,50.0,983.0,49150.0,2024-12-18
2024121801016257,SPL,44,38,25.0,982.0,24550.0,2024-12-18
2024121801016256,SPL,44,5,55.0,981.0,53955.0,2024-12-18
2024121805008147,CLI,49,58,10.0,677.4,6774.0,2024-12-18
2024121801016255,SGHC,45,58,10.0,463.0,4630.0,2024-12-18
2024121801016254,SGHC,45,36,10.0,462.0,4620.0,2024-12-18
2024121801016253,SPL,14,45,10.0,970.0,9700.0,2024-12-18
2024121801016252,SPL,33,45,100.0,971.0,97100.0,2024-12-18
2024121803012903,JBBL,49,59,64.0,366.0,23424.0,2024-12-18
2024121803012902,JBBL,41,59,36.0,366.0,13176.0,2024-12-18
2024121803012901,ACLBSL,40,88,100.0,1010.0,101000.0,2024-12-18
2024121804010793,NICL,6,42,170.0,966.0,164220.0,2024-12-18
2024121804010792,NICL,49,42,30.0,966.1,28983.0,2024-12-18
2024121801016251,ULHC,36,48,200.0,495.0,99000.0,2024-12-18
2024121801016250,ULHC,36,36,200.0,494.9,98980.0,2024-12-18
2024121804010791,UPCL,65,53,90.0,275.0,24750.0,2024-12-18
2024121804010790,UPCL,46,53,10.0,275.0,2750.0,2024-12-18
2024121804010789,UPCL,55,53,100.0,275.0,27500.0,2024-12-18
2024121804010788,AKJCL,41,19,100.0,204.0,20400.0,2024-12-18
2024121805008146,MBJC,16,41,455.0,340.1,154745.5,2024-12-18
2024121805008145,MBJC,45,41,45.0,340.1,15304.5,2024-12-18
2024121804010787,PPCL,19,6,30.0,296.0,8880.0,2024-12-18
2024121801016249,MKCL,64,21,10.0,1480.0,14800.0,2024-12-18
2024121801016248,BNHC,45,32,37.0,480.4,17774.8,2024-12-18
2024121801016247,BNHC,49,32,30.0,480.4,14412.0,2024-12-18
2024121801016246,BNHC,58,32,235.0,480.4,112894.0,2024-12-18
2024121804010786,RADHI,65,18,3195.0,383.2,1224324.0,2024-12-18
2024121804010785,RADHI,43,18,50.0,383.4,19170.0,2024-12-18
2024121804010784,RADHI,17,18,10.0,383.5,3835.0,2024-12-18
2024121804010783,RADHI,45,18,697.0,383.5,267299.5,2024-12-18
2024121804010782,RADHI,36,18,450.0,384.0,172800.0,2024-12-18
2024121804010781,RADHI,26,18,100.0,384.0,38400.0,2024-12-18
2024121804010780,RADHI,45,18,14.0,384.0,5376.0,2024-12-18
2024121804010779,RADHI,41,18,22.0,384.1,8450.2,2024-12-18
2024121804010778,RADHI,22,18,500.0,384.1,192050.0,2024-12-18
2024121804010777,RADHI,58,18,100.0,384.4,38440.0,2024-12-18
2024121804010776,RADHI,6,18,1820.0,384.5,699790.0,2024-12-18
2024121804010775,RADHI,51,18,42.0,385.0,16170.0,2024-12-18
2024121801016245,CITY,54,43,190.0,871.1,165509.0,2024-12-18
2024121801016244,CITY,42,43,10.0,872.0,8720.0,2024-12-18
2024121801016243,MEHL,34,57,50.0,455.0,22750.0,2024-12-18
2024121801016242,MEHL,34,11,10.0,455.0,4550.0,2024-12-18
2024121801016241,MEHL,34,6,650.0,454.0,295100.0,2024-12-18
2024121805008144,NRN,6,14,25.0,970.2,24255.0,2024-12-18
2024121804010774,GHL,42,48,440.0,210.8,92752.0,2024-12-18
2024121804010773,GHL,18,48,100.0,211.0,21100.0,2024-12-18
2024121804010772,GHL,36,48,460.0,211.0,97060.0,2024-12-18
2024121804010771,PMHPL,14,55,100.0,273.5,27350.0,2024-12-18
2024121805008143,NIFRA,34,58,54.0,252.0,13608.0,2024-12-18
2024121804010770,UPPER,45,1,100.0,205.5,20550.0,2024-12-18
2024121803012900,NLIC,45,95,50.0,771.0,38550.0,2024-12-18
2024121805008142,HATHY,25,49,40.0,1347.0,53880.0,2024-12-18
2024121804010769,UPPER,13,50,100.0,205.4,20540.0,2024-12-18
2024121804010768,UPCL,55,5,500.0,275.0,137500.0,2024-12-18
2024121801016240,SNLI,17,8,12.0,639.0,7668.0,2024-12-18
2024121804010767,CGH,32,57,70.0,912.2,63854.0,2024-12-18
2024121804010766,CGH,22,57,30.0,913.0,27390.0,2024-12-18
2024121804010765,PPCL,57,58,60.0,297.0,17820.0,2024-12-18
2024121801016239,NBL,34,28,10.0,266.0,2660.0,2024-12-18
2024121804010764,NLG,55,48,280.0,937.1,262388.0,2024-12-18
2024121804010763,NLG,57,48,120.0,937.1,112452.0,2024-12-18
2024121801016238,MLBS,19,60,10.0,2095.0,20950.0,2024-12-18
2024121801016237,MKHC,47,35,15.0,566.0,8490.0,2024-12-18
2024121801016236,MKHC,47,19,40.0,566.0,22640.0,2024-12-18
2024121801016235,MKHC,47,32,445.0,565.0,251425.0,2024-12-18
2024121805008141,NIFRA,34,58,210.0,252.0,52920.0,2024-12-18
2024121801016234,TSHL,28,45,13.0,860.0,11180.0,2024-12-18
2024121801016233,TSHL,42,45,10.0,860.1,8601.0,2024-12-18
2024121801016232,TSHL,32,45,40.0,860.1,34404.0,2024-12-18
2024121801016231,TSHL,41,45,25.0,860.2,21505.0,2024-12-18
2024121801016230,TSHL,6,45,10.0,860.2,8602.0,2024-12-18
2024121803012899,ICFC,57,45,10.0,695.1,6951.0,2024-12-18
2024121804010762,KKHC,58,45,500.0,386.0,193000.0,2024-12-18
2024121804010761,KKHC,42,45,200.0,386.0,77200.0,2024-12-18
2024121804010760,KKHC,34,45,30.0,386.2,11586.0,2024-12-18
2024121804010759,KKHC,57,45,100.0,386.4,38640.0,2024-12-18
2024121804010758,KKHC,42,45,60.0,386.5,23190.0,2024-12-18
2024121804010757,KKHC,36,45,100.0,387.0,38700.0,2024-12-18
2024121804010756,KKHC,42,45,10.0,387.1,3871.0,2024-12-18
2024121804010755,KKHC,56,45,25.0,388.0,9700.0,2024-12-18
2024121804010754,KKHC,41,45,590.0,388.0,228920.0,2024-12-18
2024121804010753,KKHC,13,45,60.0,388.1,23286.0,2024-12-18
2024121803012898,PMLI,38,54,21.0,531.0,11151.0,2024-12-18
2024121801016229,SIKLES,39,42,5.0,860.0,4300.0,2024-12-18
2024121801016228,SIKLES,55,42,100.0,861.1,86110.0,2024-12-18
2024121801016227,SIKLES,36,42,100.0,861.9,86190.0,2024-12-18
2024121801016226,SIKLES,4,42,20.0,862.0,17240.0,2024-12-18
2024121804010752,RADHI,51,29,58.0,385.0,22330.0,2024-12-18
2024121801016225,EBL,17,6,34.0,588.0,19992.0,2024-12-18
2024121801016224,EBL,58,6,40.0,588.0,23520.0,2024-12-18
2024121801016223,EBL,41,6,185.0,588.0,108780.0,2024-12-18
2024121801016222,EBL,44,6,137.0,588.0,80556.0,2024-12-18
2024121801016221,EBL,58,6,16.0,588.0,9408.0,2024-12-18
2024121801016220,EBL,22,6,50.0,588.6,29430.0,2024-12-18
2024121801016219,EBL,16,6,500.0,588.8,294400.0,2024-12-18
2024121803012897,ALBSL,57,45,91.0,805.0,73255.0,2024-12-18
2024121803012896,ALBSL,57,48,69.0,805.0,55545.0,2024-12-18
2024121803012895,NFS,42,43,217.0,1116.0,242172.0,2024-12-18
2024121803012894,NFS,74,43,230.0,1116.0,256680.0,2024-12-18
2024121803012893,NFS,38,43,20.0,1116.1,22322.0,2024-12-18
2024121803012892,NFS,62,43,885.0,1117.0,988545.0,2024-12-18
2024121801016218,SPL,35,38,30.0,982.0,29460.0,2024-12-18
2024121801016217,KBL,35,80,680.0,213.2,144976.0,2024-12-18
2024121805008140,ILI,58,34,78.0,467.3,36449.4,2024-12-18
2024121805008139,ILI,32,34,25.0,467.5,11687.5,2024-12-18
2024121805008138,ILI,52,34,88.0,467.6,41148.8,2024-12-18
2024121801016216,TAMOR,81,81,300.0,515.0,154500.0,2024-12-18
2024121801016215,TAMOR,81,81,500.0,515.0,257500.0,2024-12-18
2024121801016214,TAMOR,8,81,60.0,515.0,30900.0,2024-12-18
2024121801016213,TAMOR,63,81,50.0,515.1,25755.0,2024-12-18
2024121801016212,TAMOR,48,81,50.0,515.1,25755.0,2024-12-18
2024121801016211,TAMOR,21,81,10.0,515.2,5152.0,2024-12-18
2024121801016210,TPC,56,45,40.0,541.0,21640.0,2024-12-18
2024121803012891,CORBL,96,49,20.0,1610.0,32200.0,2024-12-18
2024121803012890,CORBL,96,32,17.0,1592.2,27067.4,2024-12-18
2024121803012889,CORBL,96,65,282.0,1591.7,448859.4,2024-12-18
2024121803012888,CORBL,96,56,10.0,1591.7,15917.0,2024-12-18
2024121803012887,CORBL,96,17,32.0,1590.0,50880.0,2024-12-18
2024121805008137,HRL,72,65,10.0,800.6,8006.0,2024-12-18
2024121803012886,PROFL,54,34,10.0,652.0,6520.0,2024-12-18
2024121804010751,BPCL,42,13,150.0,392.0,58800.0,2024-12-18
2024121804010750,RHPL,58,58,10.0,445.0,4450.0,2024-12-18
2024121801016209,MKHC,47,58,100.0,557.0,55700.0,2024-12-18
2024121801016208,SGHC,41,58,10.0,460.2,4602.0,2024-12-18
2024121805008136,SONA,6,70,90.0,453.0,40770.0,2024-12-18
2024121804010749,CHL,35,53,37.0,408.1,15099.7,2024-12-18
2024121803012885,SHINE,28,39,600.0,441.3,264780.0,2024-12-18
2024121801016207,TSHL,6,34,10.0,865.0,8650.0,2024-12-18
2024121805008135,HIDCL,22,57,100.0,240.3,24030.0,2024-12-18
2024121805008134,NRIC,34,49,50.0,751.0,37550.0,2024-12-18
2024121803012884,HLBSL,8,75,40.0,937.3,37492.0,2024-12-18
2024121801016206,EHPL,81,44,10.0,729.8,7298.0,2024-12-18
2024121805008133,SONA,17,14,300.0,454.0,136200.0,2024-12-18
2024121803012883,NLIC,42,95,10.0,771.0,7710.0,2024-12-18
2024121805008132,CLI,42,42,10.0,681.0,6810.0,2024-12-18
2024121805008131,CLI,42,70,10.0,681.0,6810.0,2024-12-18
2024121805008130,CLI,42,32,10.0,680.0,6800.0,2024-12-18
2024121805008129,CLI,42,34,10.0,680.0,6800.0,2024-12-18
2024121805008128,CLI,42,16,300.0,680.0,204000.0,2024-12-18
2024121805008127,CLI,42,77,10.0,680.0,6800.0,2024-12-18
2024121805008126,CLI,42,42,48.0,677.5,32520.0,2024-12-18
2024121801016205,BNHC,58,33,100.0,480.5,48050.0,2024-12-18
2024121801016204,KBL,57,80,300.0,213.4,64020.0,2024-12-18
2024121801016203,MSHL,56,32,100.0,980.0,98000.0,2024-12-18
2024121801016202,GBIME,26,43,100.0,224.3,22430.0,2024-12-18
2024121801016201,GBIME,26,25,100.0,224.2,22420.0,2024-12-18
2024121803012882,GRDBL,60,81,12.0,1010.0,12120.0,2024-12-18
2024121801016200,MKHC,47,21,10.0,555.0,5550.0,2024-12-18
2024121804010748,RADHI,6,21,180.0,384.5,69210.0,2024-12-18
2024121804010747,RADHI,62,21,820.0,385.0,315700.0,2024-12-18
2024121803012881,SHINE,28,34,100.0,441.3,44130.0,2024-12-18
2024121805008125,VLUCL,1,34,10.0,662.5,6625.0,2024-12-18
2024121801016199,MKHC,47,32,55.0,565.0,31075.0,2024-12-18
2024121801016198,MKHC,47,17,10.0,565.0,5650.0,2024-12-18
2024121801016197,MKHC,47,57,150.0,565.0,84750.0,2024-12-18
2024121801016196,MKHC,47,41,10.0,565.0,5650.0,2024-12-18
2024121801016195,MKHC,47,18,10.0,565.0,5650.0,2024-12-18
2024121801016194,MKHC,47,41,40.0,565.0,22600.0,2024-12-18
2024121801016193,MKHC,47,6,530.0,564.9,299397.0,2024-12-18
2024121801016192,MKHC,47,42,10.0,564.0,5640.0,2024-12-18
2024121801016191,MKHC,47,49,490.0,564.0,276360.0,2024-12-18
2024121801016190,MKHC,47,13,26.0,563.9,14661.4,2024-12-18
2024121801016189,MKHC,47,19,10.0,563.8,5638.0,2024-12-18
2024121801016188,MKHC,47,49,10.0,563.2,5632.0,2024-12-18
2024121801016187,MKHC,47,57,160.0,563.2,90112.0,2024-12-18
2024121801016186,MKHC,47,58,126.0,561.0,70686.0,2024-12-18
2024121801016185,MKHC,47,42,80.0,561.0,44880.0,2024-12-18
2024121801016184,MKHC,47,59,10.0,561.0,5610.0,2024-12-18
2024121801016183,MKHC,47,22,10.0,561.0,5610.0,2024-12-18
2024121801016182,MKHC,47,41,50.0,560.0,28000.0,2024-12-18
2024121801016181,MKHC,47,65,80.0,560.0,44800.0,2024-12-18
2024121801016180,MKHC,47,54,133.0,560.0,74480.0,2024-12-18
2024121804010746,HEI,58,62,10.0,635.0,6350.0,2024-12-18
2024121805008124,SHIVM,45,44,50.0,558.0,27900.0,2024-12-18
2024121801016179,ULHC,58,45,200.0,492.2,98440.0,2024-12-18
2024121801016178,ULHC,38,45,100.0,492.3,49230.0,2024-12-18
2024121805008123,MEL,13,44,80.0,316.0,25280.0,2024-12-18
2024121804010745,AKJCL,4,50,1611.0,203.1,327194.1,2024-12-18
2024121804010744,AKJCL,45,50,100.0,203.2,20320.0,2024-12-18
2024121804010743,AKJCL,42,50,239.0,203.2,48564.8,2024-12-18
2024121804010742,AKJCL,16,50,50.0,203.5,10175.0,2024-12-18
2024121803012880,NLIC,51,95,10.0,771.0,7710.0,2024-12-18
2024121803012879,NLIC,59,95,100.0,771.0,77100.0,2024-12-18
2024121805008122,SHIVM,4,95,276.0,555.3,153262.8,2024-12-18
2024121805008121,SHIVM,37,95,22.0,555.4,12218.8,2024-12-18
2024121805008120,SHIVM,58,95,535.0,555.5,297192.5,2024-12-18
2024121805008119,SHIVM,46,95,20.0,556.0,11120.0,2024-12-18
2024121805008118,SHIVM,21,95,10.0,556.0,5560.0,2024-12-18
2024121805008117,SHIVM,62,95,137.0,556.0,76172.0,2024-12-18
2024121803012878,NABBC,32,17,200.0,1285.0,257000.0,2024-12-18
2024121801016177,KBL,57,22,200.0,213.4,42680.0,2024-12-18
2024121805008116,CMF1,5,51,3000.0,10.56,31680.0,2024-12-18
2024121803012877,SLBBL,47,49,27.0,913.0,24651.0,2024-12-18
2024121803012876,NABBC,42,34,30.0,1275.1,38253.0,2024-12-18
2024121803012875,NABBC,49,34,10.0,1276.0,12760.0,2024-12-18
2024121803012874,NABBC,32,34,10.0,1276.1,12761.0,2024-12-18
2024121803012873,NABBC,8,34,21.0,1277.0,26817.0,2024-12-18
2024121803012872,NABBC,42,34,100.0,1277.0,127700.0,2024-12-18
2024121803012871,NABBC,91,34,29.0,1277.0,37033.0,2024-12-18
2024121803012870,PFL,56,58,418.0,644.0,269192.0,2024-12-18
2024121803012869,PFL,56,43,65.0,644.0,41860.0,2024-12-18
2024121803012868,PFL,56,25,957.0,642.0,614394.0,2024-12-18
2024121803012867,PFL,56,32,15.0,641.9,9628.5,2024-12-18
2024121803012866,PFL,56,95,45.0,639.0,28755.0,2024-12-18
2024121804010741,NHPC,11,38,200.0,219.0,43800.0,2024-12-18
2024121804010740,MHNL,19,44,500.0,266.8,133400.0,2024-12-18
2024121803012865,NFS,33,57,25.0,1120.0,28000.0,2024-12-18
2024121804010739,RADHI,62,77,1180.0,385.0,454300.0,2024-12-18
2024121801016176,KDL,64,54,245.0,1170.3,286723.5,2024-12-18
2024121801016175,SIKLES,13,81,200.0,865.0,173000.0,2024-12-18
2024121801016174,SIKLES,13,6,110.0,865.0,95150.0,2024-12-18
2024121801016173,SIKLES,13,58,10.0,865.0,8650.0,2024-12-18
2024121801016172,SIKLES,13,33,180.0,865.0,155700.0,2024-12-18
2024121803012864,CBBL,4,29,200.0,918.0,183600.0,2024-12-18
2024121804010738,PPCL,29,58,100.0,297.0,29700.0,2024-12-18
2024121803012863,JFL,41,29,10.0,910.0,9100.0,2024-12-18
2024121803012862,SINDU,74,38,66.0,910.1,60066.6,2024-12-18
2024121803012861,SINDU,40,38,60.0,911.0,54660.0,2024-12-18
2024121801016171,JBLB,21,38,116.0,1508.0,174928.0,2024-12-18
2024121805008115,HRL,58,65,50.0,800.6,40030.0,2024-12-18
2024121805008114,HRL,57,65,10.0,800.7,8007.0,2024-12-18
2024121805008113,HRL,57,4,25.0,801.0,20025.0,2024-12-18
2024121801016170,BHDC,57,57,140.0,648.1,90734.0,2024-12-18
2024121804010737,NHPC,26,38,1000.0,219.0,219000.0,2024-12-18
2024121804010736,GHL,36,35,40.0,211.0,8440.0,2024-12-18
2024121804010735,GHL,18,35,50.0,211.0,10550.0,2024-12-18
2024121804010734,GHL,18,35,100.0,211.0,21100.0,2024-12-18
2024121804010733,GHL,18,35,50.0,211.0,10550.0,2024-12-18
2024121801016169,KBSH,21,70,10.0,2677.0,26770.0,2024-12-18
2024121803012860,SADBL,100,34,500.0,417.4,208700.0,2024-12-18
2024121804010732,KKHC,41,47,80.0,388.0,31040.0,2024-12-18
2024121801016168,MKHC,47,54,147.0,560.0,82320.0,2024-12-18
2024121801016167,MKHC,47,51,20.0,560.0,11200.0,2024-12-18
2024121801016166,MKHC,47,49,10.0,560.0,5600.0,2024-12-18
2024121801016165,MKHC,47,49,10.0,560.0,5600.0,2024-12-18
2024121801016164,MKHC,47,42,10.0,560.0,5600.0,2024-12-18
2024121801016163,MKHC,47,7,10.0,559.0,5590.0,2024-12-18
2024121801016162,MKHC,47,36,10.0,558.0,5580.0,2024-12-18
2024121801016161,MKHC,47,1,10.0,558.0,5580.0,2024-12-18
2024121801016160,MKHC,47,11,10.0,558.0,5580.0,2024-12-18
2024121801016159,MKHC,47,40,100.0,558.0,55800.0,2024-12-18
2024121801016158,MKHC,47,40,99.0,558.0,55242.0,2024-12-18
2024121801016157,MKHC,47,49,10.0,557.9,5579.0,2024-12-18
2024121801016156,MKHC,47,51,10.0,557.9,5579.0,2024-12-18
2024121801016155,MKHC,47,48,200.0,557.4,111480.0,2024-12-18
2024121801016154,MKHC,47,14,104.0,557.0,57928.0,2024-12-18
2024121801016153,MKHC,47,19,10.0,556.9,5569.0,2024-12-18
2024121801016152,MKHC,47,58,10.0,556.4,5564.0,2024-12-18
2024121801016151,MKHC,47,34,10.0,556.0,5560.0,2024-12-18
2024121801016150,MKHC,47,32,10.0,556.0,5560.0,2024-12-18
2024121803012859,NFS,44,57,10.0,1120.0,11200.0,2024-12-18
2024121801016149,BNHC,57,33,149.0,480.5,71594.5,2024-12-18
2024121804010731,API,62,65,1000.0,261.0,261000.0,2024-12-18
2024121805008112,HATHY,75,25,114.0,1345.0,153330.0,2024-12-18
2024121805008111,NTC,6,3,100.0,940.0,94000.0,2024-12-18
2024121803012858,SAPDBL,96,92,400.0,1094.0,437600.0,2024-12-18
2024121804010730,NHDL,50,34,42.0,730.0,30660.0,2024-12-18
2024121804010729,NHDL,50,44,58.0,730.0,42340.0,2024-12-18
2024121801016148,HIDCLP,70,41,100.0,167.0,16700.0,2024-12-18
2024121803012857,LICN,32,94,15.0,1174.0,17610.0,2024-12-18
2024121803012856,LICN,4,94,10.0,1174.0,11740.0,2024-12-18
2024121803012855,LICN,71,94,25.0,1176.0,29400.0,2024-12-18
2024121803012854,LICN,58,94,50.0,1176.1,58805.0,2024-12-18
2024121803012853,GFCL,38,36,25.0,800.0,20000.0,2024-12-18
2024121803012852,GFCL,25,36,70.0,801.0,56070.0,2024-12-18
2024121804010728,BARUN,4,16,250.0,414.0,103500.0,2024-12-18
2024121801016147,DOLTI,26,32,50.0,697.5,34875.0,2024-12-18
2024121801016146,SIKLES,6,33,50.0,865.0,43250.0,2024-12-18
2024121805008110,SAGF,42,6,100.0,9.55,955.0,2024-12-18
2024121803012851,DDBL,6,72,40.0,863.0,34520.0,2024-12-18
2024121801016145,NESDO,1,35,10.0,2185.0,21850.0,2024-12-18
2024121803012850,SHINE,28,1,100.0,441.3,44130.0,2024-12-18
2024121803012849,GMFBS,49,32,10.0,1719.8,17198.0,2024-12-18
2024121801016144,GBIME,22,18,1000.0,224.1,224100.0,2024-12-18
2024121801016143,MLBS,22,60,75.0,2105.0,157875.0,2024-12-18
2024121801016142,RHGCL,7,21,10.0,497.0,4970.0,2024-12-18
2024121805008109,HRL,29,16,12.0,800.7,9608.4,2024-12-18
2024121803012848,FMDBL,89,34,124.0,796.6,98778.4,2024-12-18
2024121803012847,FMDBL,89,7,100.0,796.6,79660.0,2024-12-18
2024121803012846,FMDBL,89,17,50.0,796.6,39830.0,2024-12-18
2024121803012845,FMDBL,89,39,503.0,796.6,400689.8,2024-12-18
2024121803012844,FMDBL,89,7,20.0,796.6,15932.0,2024-12-18
2024121803012843,FMDBL,89,32,300.0,796.0,238800.0,2024-12-18
2024121803012842,FMDBL,89,22,29.0,796.0,23084.0,2024-12-18
2024121803012841,FMDBL,89,49,10.0,796.0,7960.0,2024-12-18
2024121803012840,FMDBL,89,45,300.0,796.0,238800.0,2024-12-18
2024121803012839,FMDBL,89,16,100.0,796.0,79600.0,2024-12-18
2024121803012838,FMDBL,89,6,200.0,796.0,159200.0,2024-12-18
2024121803012837,FMDBL,89,58,194.0,795.9,154404.6,2024-12-18
2024121803012836,FMDBL,89,22,10.0,795.7,7957.0,2024-12-18
2024121803012835,FMDBL,89,49,400.0,795.6,318240.0,2024-12-18
2024121803012834,FMDBL,89,44,100.0,795.3,79530.0,2024-12-18
2024121803012833,FMDBL,89,42,550.0,795.0,437250.0,2024-12-18
2024121803012832,FMDBL,89,58,12.0,795.0,9540.0,2024-12-18
2024121803012831,FMDBL,89,1,100.0,795.0,79500.0,2024-12-18
2024121803012830,FMDBL,89,45,50.0,795.0,39750.0,2024-12-18
2024121803012829,FMDBL,89,45,15.0,795.0,11925.0,2024-12-18
2024121803012828,FMDBL,89,45,25.0,795.0,19875.0,2024-12-18
2024121803012827,FMDBL,89,49,20.0,795.0,15900.0,2024-12-18
2024121803012826,FMDBL,89,43,50.0,795.0,39750.0,2024-12-18
2024121803012825,FMDBL,89,49,14.0,795.0,11130.0,2024-12-18
2024121803012824,FMDBL,89,51,50.0,795.0,39750.0,2024-12-18
2024121803012823,FMDBL,89,49,90.0,795.0,71550.0,2024-12-18
2024121803012822,FMDBL,89,83,71.0,795.0,56445.0,2024-12-18
2024121803012821,FMDBL,89,19,50.0,795.0,39750.0,2024-12-18
2024121803012820,FMDBL,89,14,500.0,795.0,397500.0,2024-12-18
2024121803012819,FMDBL,89,38,100.0,795.0,79500.0,2024-12-18
2024121803012818,FMDBL,89,22,100.0,793.8,79380.0,2024-12-18
2024121803012817,FMDBL,89,34,209.0,793.0,165737.0,2024-12-18
2024121803012816,FMDBL,89,32,400.0,792.0,316800.0,2024-12-18
2024121803012815,FMDBL,89,42,154.0,791.0,121814.0,2024-12-18
2024121801016141,KBL,17,22,500.0,213.4,106700.0,2024-12-18
2024121804010727,HDHPC,55,42,60.0,200.0,12000.0,2024-12-18
2024121803012814,NFS,38,57,30.0,1116.1,33483.0,2024-12-18
2024121803012813,MFIL,42,8,100.0,684.5,68450.0,2024-12-18
2024121803012812,SMPDA,5,51,17.0,910.0,15470.0,2024-12-18
2024121803012811,SMPDA,38,51,50.0,910.2,45510.0,2024-12-18
2024121803012810,SMPDA,38,51,33.0,911.4,30076.2,2024-12-18
2024121803012809,JFL,41,21,100.0,909.9,90990.0,2024-12-18
2024121804010726,JOSHI,3,22,925.0,449.1,415417.5,2024-12-18
2024121804010725,JOSHI,42,22,75.0,450.0,33750.0,2024-12-18
2024121801016140,BNT,62,55,20.0,14050.0,281000.0,2024-12-18
2024121801016139,BNT,62,55,10.0,14050.0,140500.0,2024-12-18
2024121801016138,BNT,58,55,10.0,14050.0,140500.0,2024-12-18
2024121801016137,BNT,25,55,35.0,14052.0,491820.0,2024-12-18
2024121801016136,BNT,62,55,11.0,14052.1,154573.1,2024-12-18
2024121801016135,BNT,41,55,10.0,14053.0,140530.0,2024-12-18
2024121801016134,BNT,41,55,10.0,14054.0,140540.0,2024-12-18
2024121804010724,PMHPL,57,55,10.0,276.0,2760.0,2024-12-18
2024121801016133,SARBTM,56,33,45.0,759.8,34191.0,2024-12-18
2024121801016132,SARBTM,56,16,37.0,755.4,27949.8,2024-12-18
2024121801016131,SARBTM,56,48,668.0,755.0,504340.0,2024-12-18
2024121804010723,SHPC,28,34,25.0,521.0,13025.0,2024-12-18
2024121804010722,SHPC,6,34,150.0,521.0,78150.0,2024-12-18
2024121804010721,SHPC,42,34,80.0,521.0,41680.0,2024-12-18
2024121804010720,SHPC,1,34,100.0,521.2,52120.0,2024-12-18
2024121804010719,AHPC,72,78,150.0,251.9,37785.0,2024-12-18
2024121804010718,AHPC,72,81,50.0,251.5,12575.0,2024-12-18
2024121804010717,KKHC,41,45,30.0,388.0,11640.0,2024-12-18
2024121805008108,VLUCL,50,22,50.0,663.0,33150.0,2024-12-18
2024121801016130,PPL,64,13,60.0,526.9,31614.0,2024-12-18
2024121801016129,PPL,64,45,10.0,526.2,5262.0,2024-12-18
2024121801016128,SIKLES,39,33,55.0,865.0,47575.0,2024-12-18
2024121801016127,SIKLES,39,29,156.0,864.8,134908.8,2024-12-18
2024121801016126,SIKLES,39,11,10.0,864.7,8647.0,2024-12-18
2024121801016125,SIKLES,39,42,279.0,864.7,241251.3,2024-12-18
2024121804010716,AHPC,45,38,100.0,250.9,25090.0,2024-12-18
2024121804010715,AHPC,19,38,100.0,251.0,25100.0,2024-12-18
2024121804010714,AHPC,38,38,200.0,251.0,50200.0,2024-12-18
2024121804010713,CHL,17,74,313.0,406.1,127109.3,2024-12-18
2024121804010712,CHL,58,74,150.0,406.1,60915.0,2024-12-18
2024121804010711,CHL,58,74,50.0,406.2,20310.0,2024-12-18
2024121804010710,CHL,34,74,150.0,406.2,60930.0,2024-12-18
2024121804010709,CHL,32,74,100.0,407.0,40700.0,2024-12-18
2024121804010708,CHL,42,74,200.0,407.0,81400.0,2024-12-18
2024121804010707,CHL,22,74,500.0,408.0,204000.0,2024-12-18
2024121804010706,CHL,62,74,50.0,408.0,20400.0,2024-12-18
2024121804010705,CHL,48,74,100.0,408.0,40800.0,2024-12-18
2024121804010704,CHL,5,74,200.0,408.0,81600.0,2024-12-18
2024121804010703,CHL,57,74,50.0,408.0,20400.0,2024-12-18
2024121803012808,GFCL,25,14,30.0,801.0,24030.0,2024-12-18
2024121804010702,SHPC,60,49,10.0,522.9,5229.0,2024-12-18
2024121804010701,UAIL,50,36,15.0,632.0,9480.0,2024-12-18
2024121805008107,GCIL,22,21,33.0,476.2,15714.6,2024-12-18
2024121805008106,VLUCL,1,22,20.0,662.5,13250.0,2024-12-18
2024121801016124,SAMAJ,80,56,100.0,3469.2,346920.0,2024-12-18
2024121801016123,SAMAJ,22,56,15.0,3479.6,52194.0,2024-12-18
2024121801016122,SAMAJ,32,56,10.0,3480.0,34800.0,2024-12-18
2024121801016121,SAMAJ,26,56,10.0,3485.1,34851.0,2024-12-18
2024121801016120,SAMAJ,51,56,10.0,3486.0,34860.0,2024-12-18
2024121801016119,SAMAJ,56,56,10.0,3490.0,34900.0,2024-12-18
2024121801016118,SAMAJ,45,56,10.0,3490.0,34900.0,2024-12-18
2024121801016117,SAMAJ,38,56,20.0,3490.3,69806.0,2024-12-18
2024121801016116,SAMAJ,21,56,10.0,3492.0,34920.0,2024-12-18
2024121801016115,SAMAJ,45,56,30.0,3493.0,104790.0,2024-12-18
2024121801016114,SAMAJ,38,56,10.0,3496.1,34961.0,2024-12-18
2024121801016113,SAMAJ,38,56,50.0,3499.0,174950.0,2024-12-18
2024121805008105,ILI,52,7,12.0,469.0,5628.0,2024-12-18
2024121803012807,PFL,52,95,55.0,639.0,35145.0,2024-12-18
2024121804010700,NLG,57,17,60.0,937.1,56226.0,2024-12-18
2024121804010699,LEC,41,45,20.0,204.0,4080.0,2024-12-18
2024121804010698,SPDL,74,29,250.0,322.6,80650.0,2024-12-18
2024121803012806,MPFL,58,63,10.0,721.0,7210.0,2024-12-18
2024121803012805,NFS,38,42,50.0,1116.1,55805.0,2024-12-18
