transaction,symbol,buyer,seller,quantity,rate,amount,date
2024062704009753,BARUN,7,17,88.0,307.9,27095.2,2024-06-27
2024062704009752,BARUN,7,6,60.0,307.9,18474.0,2024-06-27
2024062704009751,BARUN,7,32,52.0,307.0,15964.0,2024-06-27
2024062704009750,DHPL,36,35,200.0,201.5,40300.0,2024-06-27
2024062701020918,SHIVM,56,36,847.0,473.0,400631.0,2024-06-27
2024062701020917,SHIVM,56,36,153.0,473.0,72369.0,2024-06-27
2024062701020916,NRM,59,45,20.0,386.0,7720.0,2024-06-27
2024062704009749,MEN,7,11,100.0,580.1,58010.0,2024-06-27
2024062703013829,NFS,58,57,10.0,929.7,9297.0,2024-06-27
2024062704009748,MEN,67,57,37.0,580.1,21463.7,2024-06-27
2024062701020915,SNLI,29,49,10.0,455.4,4554.0,2024-06-27
2024062701020914,SBI,14,45,10.0,287.0,2870.0,2024-06-27
2024062704009747,HEI,45,62,50.0,573.2,28660.0,2024-06-27
2024062701020913,BGWT,45,22,10.0,927.0,9270.0,2024-06-27
2024062701020912,NWCL,43,45,10.0,855.0,8550.0,2024-06-27
2024062703013828,HLBSL,38,52,42.0,1300.0,54600.0,2024-06-27
2024062703013827,HLBSL,38,43,32.0,1300.0,41600.0,2024-06-27
2024062703013826,HLBSL,38,6,32.0,1300.0,41600.0,2024-06-27
2024062703013825,HLBSL,38,74,100.0,1299.0,129900.0,2024-06-27
2024062703013824,HLBSL,38,55,54.0,1299.0,70146.0,2024-06-27
2024062703013823,HLBSL,38,34,440.0,1298.0,571120.0,2024-06-27
2024062704009746,PMHPL,42,52,40.0,226.5,9060.0,2024-06-27
2024062704009745,PMHPL,42,1,10.0,226.0,2260.0,2024-06-27
2024062704009744,API,62,22,1177.0,166.1,195499.7,2024-06-27
2024062704009743,HPPL,42,72,1000.0,307.0,307000.0,2024-06-27
2024062701020911,MKJC,8,29,10.0,660.0,6600.0,2024-06-27
2024062701020910,SIKLES,60,39,10.0,714.0,7140.0,2024-06-27
2024062703013822,MERO,52,33,100.0,682.6,68260.0,2024-06-27
2024062703013821,MERO,58,33,100.0,682.7,68270.0,2024-06-27
2024062703013820,MERO,58,33,147.0,683.0,100401.0,2024-06-27
2024062701020909,MKJC,28,29,10.0,660.0,6600.0,2024-06-27
2024062703013819,GILB,62,58,85.0,1390.6,118201.0,2024-06-27
2024062703013818,GILB,81,58,50.0,1390.6,69530.0,2024-06-27
2024062703013817,GILB,62,58,50.0,1392.1,69605.0,2024-06-27
2024062703013816,GILB,57,58,50.0,1394.0,69700.0,2024-06-27
2024062703013815,GILB,14,58,100.0,1394.0,139400.0,2024-06-27
2024062703013814,GILB,45,58,165.0,1394.0,230010.0,2024-06-27
2024062705005781,NIFRA,1,25,18.0,190.6,3430.8,2024-06-27
2024062705005780,NIFRA,1,58,92.0,190.4,17516.8,2024-06-27
2024062703013813,PFL,13,1,42.0,621.0,26082.0,2024-06-27
2024062703013812,PFL,13,55,58.0,621.0,36018.0,2024-06-27
2024062701020908,SBL,50,34,62.0,241.0,14942.0,2024-06-27
2024062701020907,SBL,50,28,488.0,241.0,117608.0,2024-06-27
2024062704009742,PMHPL,50,41,10.0,226.0,2260.0,2024-06-27
2024062701020906,MKHL,80,66,165.0,478.0,78870.0,2024-06-27
2024062701020905,MKHL,80,26,100.0,477.9,47790.0,2024-06-27
2024062701020904,MKHL,80,22,200.0,477.0,95400.0,2024-06-27
2024062701020903,MKHL,80,41,25.0,477.0,11925.0,2024-06-27
2024062701020902,MKHL,80,42,10.0,476.0,4760.0,2024-06-27
2024062704009741,BARUN,38,56,400.0,305.2,122080.0,2024-06-27
2024062701020901,MKJC,56,29,713.0,660.0,470580.0,2024-06-27
2024062701020900,MKJC,56,57,10.0,660.0,6600.0,2024-06-27
2024062701020899,MKJC,56,29,200.0,637.5,127500.0,2024-06-27
2024062701020898,MKJC,56,28,15.0,634.4,9516.0,2024-06-27
2024062701020897,MKJC,56,64,100.0,633.5,63350.0,2024-06-27
2024062701020896,MKJC,56,70,500.0,633.4,316700.0,2024-06-27
2024062701020895,MKJC,56,28,50.0,633.4,31670.0,2024-06-27
2024062701020894,MKJC,56,32,10.0,633.0,6330.0,2024-06-27
2024062701020893,MKJC,56,40,75.0,632.5,47437.5,2024-06-27
2024062701020892,MKJC,56,70,100.0,632.5,63250.0,2024-06-27
2024062701020891,MKJC,56,70,200.0,632.5,126500.0,2024-06-27
2024062701020890,MKJC,56,34,100.0,632.4,63240.0,2024-06-27
2024062701020889,MKJC,56,70,200.0,632.4,126480.0,2024-06-27
2024062701020888,MKJC,56,28,20.0,632.4,12648.0,2024-06-27
2024062701020887,MKJC,56,70,200.0,632.4,126480.0,2024-06-27
2024062701020886,MKJC,56,70,100.0,632.4,63240.0,2024-06-27
2024062701020885,MKJC,56,28,30.0,632.3,18969.0,2024-06-27
2024062701020884,MKJC,56,38,50.0,632.0,31600.0,2024-06-27
2024062701020883,MKJC,56,44,20.0,630.0,12600.0,2024-06-27
2024062701020882,MKJC,56,29,10.0,630.0,6300.0,2024-06-27
2024062701020881,MKJC,56,29,10.0,629.0,6290.0,2024-06-27
2024062701020880,MKJC,56,3,107.0,628.0,67196.0,2024-06-27
2024062701020879,MKJC,56,29,180.0,624.0,112320.0,2024-06-27
2024062701020878,AVYAN,56,34,100.0,949.0,94900.0,2024-06-27
2024062701020877,AVYAN,56,19,10.0,948.5,9485.0,2024-06-27
2024062701020876,AVYAN,56,35,100.0,941.0,94100.0,2024-06-27
2024062701020875,AVYAN,56,14,10.0,940.0,9400.0,2024-06-27
2024062701020874,AVYAN,56,51,70.0,937.0,65590.0,2024-06-27
2024062701020873,AVYAN,56,45,10.0,936.9,9369.0,2024-06-27
2024062703013811,NFS,72,71,10.0,1080.0,10800.0,2024-06-27
2024062704009740,HURJA,42,67,10.0,276.5,2765.0,2024-06-27
2024062705005779,HRL,41,36,46.0,553.0,25438.0,2024-06-27
2024062705005778,HRL,41,42,124.0,553.0,68572.0,2024-06-27
2024062705005777,HRL,41,40,70.0,552.9,38703.0,2024-06-27
2024062705005776,HRL,41,57,10.0,552.1,5521.0,2024-06-27
2024062703013810,GILB,44,57,10.0,1406.4,14064.0,2024-06-27
2024062703013809,SADBL,62,36,10.0,311.7,3117.0,2024-06-27
2024062701020872,MHL,62,57,20.0,562.0,11240.0,2024-06-27
2024062701020871,MHL,62,57,100.0,562.0,56200.0,2024-06-27
2024062701020870,MHL,62,45,10.0,562.0,5620.0,2024-06-27
2024062701020869,MHL,62,25,50.0,561.9,28095.0,2024-06-27
2024062701020868,MHL,62,44,10.0,560.0,5600.0,2024-06-27
2024062701020867,MHL,62,32,10.0,560.0,5600.0,2024-06-27
2024062701020866,KDL,62,28,166.0,1193.0,198038.0,2024-06-27
2024062701020865,KDL,62,11,30.0,1193.0,35790.0,2024-06-27
2024062701020864,KDL,62,65,50.0,1193.0,59650.0,2024-06-27
2024062701020863,KDL,62,59,10.0,1189.0,11890.0,2024-06-27
2024062701020862,KDL,62,55,200.0,1188.0,237600.0,2024-06-27
2024062701020861,KDL,62,55,500.0,1187.9,593950.0,2024-06-27
2024062701020860,KDL,62,42,20.0,1185.2,23704.0,2024-06-27
2024062701020859,KDL,62,34,60.0,1185.0,71100.0,2024-06-27
2024062701020858,KDL,62,70,100.0,1185.0,118500.0,2024-06-27
2024062701020857,KDL,62,34,400.0,1185.0,474000.0,2024-06-27
2024062701020856,KDL,62,57,10.0,1185.0,11850.0,2024-06-27
2024062701020855,KDL,62,35,20.0,1183.2,23664.0,2024-06-27
2024062701020854,KDL,62,39,30.0,1183.2,35496.0,2024-06-27
2024062701020853,KDL,62,20,100.0,1182.0,118200.0,2024-06-27
2024062701020852,KDL,62,49,94.0,1180.0,110920.0,2024-06-27
2024062701020851,KDL,62,48,100.0,1180.0,118000.0,2024-06-27
2024062701020850,KDL,62,5,200.0,1180.0,236000.0,2024-06-27
2024062701020849,KDL,62,28,200.0,1180.0,236000.0,2024-06-27
2024062701020848,KDL,62,19,10.0,1180.0,11800.0,2024-06-27
2024062701020847,KDL,62,7,200.0,1180.0,236000.0,2024-06-27
2024062701020846,KDL,62,36,60.0,1180.0,70800.0,2024-06-27
2024062701020845,KDL,62,43,100.0,1179.0,117900.0,2024-06-27
2024062701020844,KDL,62,20,100.0,1178.0,117800.0,2024-06-27
2024062701020843,KDL,62,28,200.0,1177.0,235400.0,2024-06-27
2024062701020842,KDL,62,4,20.0,1176.0,23520.0,2024-06-27
2024062701020841,KDL,62,20,100.0,1176.0,117600.0,2024-06-27
2024062701020840,KDL,62,55,200.0,1175.0,235000.0,2024-06-27
2024062701020839,KDL,62,58,10.0,1175.0,11750.0,2024-06-27
2024062701020838,KDL,62,21,10.0,1175.0,11750.0,2024-06-27
2024062701020837,KDL,62,28,200.0,1175.0,235000.0,2024-06-27
2024062701020836,MKJC,71,29,10.0,624.0,6240.0,2024-06-27
2024062701020835,MKJC,71,29,10.0,624.0,6240.0,2024-06-27
2024062703013808,NFS,52,71,10.0,1080.0,10800.0,2024-06-27
2024062701020834,MAKAR,51,39,20.0,448.2,8964.0,2024-06-27
2024062705005775,HIDCL,7,44,1705.0,162.9,277744.5,2024-06-27
2024062705005774,HIDCL,7,68,300.0,162.8,48840.0,2024-06-27
2024062705005773,HIDCL,7,45,400.0,162.8,65120.0,2024-06-27
2024062705005772,HIDCL,7,47,400.0,162.8,65120.0,2024-06-27
2024062705005771,HIDCL,7,51,240.0,162.7,39048.0,2024-06-27
2024062705005770,HIDCL,7,44,300.0,162.7,48810.0,2024-06-27
2024062705005769,HIDCL,7,47,50.0,162.6,8130.0,2024-06-27
2024062705005768,HIDCL,7,47,90.0,162.6,14634.0,2024-06-27
2024062703013807,GUFL,17,29,100.0,711.0,71100.0,2024-06-27
2024062703013806,SLBSL,16,34,10.0,1239.8,12398.0,2024-06-27
2024062703013805,NFS,49,71,10.0,1080.0,10800.0,2024-06-27
2024062703013804,LICN,49,58,10.0,1354.0,13540.0,2024-06-27
2024062703013803,NABBC,74,38,34.0,533.0,18122.0,2024-06-27
2024062703013802,NABBC,63,38,100.0,533.1,53310.0,2024-06-27
2024062703013801,NABBC,63,38,70.0,533.1,37317.0,2024-06-27
2024062703013800,NABBC,16,38,790.0,533.2,421228.0,2024-06-27
2024062704009739,DHPL,43,35,100.0,201.5,20150.0,2024-06-27
2024062701020833,SHLB,42,45,20.0,1735.0,34700.0,2024-06-27
2024062701020832,SPHL,45,21,10.0,554.0,5540.0,2024-06-27
2024062701020831,SGHC,45,45,38.0,336.0,12768.0,2024-06-27
2024062701020830,SGHC,5,45,300.0,336.0,100800.0,2024-06-27
2024062701020829,SGHC,45,45,50.0,336.0,16800.0,2024-06-27
2024062701020828,SGHC,41,45,100.0,336.0,33600.0,2024-06-27
2024062701020827,SGHC,19,45,100.0,336.0,33600.0,2024-06-27
2024062701020826,SGHC,8,45,200.0,336.1,67220.0,2024-06-27
2024062701020825,SGHC,18,45,131.0,336.1,44029.1,2024-06-27
2024062703013799,NFS,46,71,10.0,1080.0,10800.0,2024-06-27
2024062701020824,GCIL,13,45,332.0,466.7,154944.4,2024-06-27
2024062701020823,MKCL,69,17,30.0,1190.0,35700.0,2024-06-27
2024062701020822,MMKJL,58,64,301.0,516.0,155316.0,2024-06-27
2024062701020821,MMKJL,58,64,200.0,515.9,103180.0,2024-06-27
2024062701020820,MMKJL,58,39,1565.0,515.0,805975.0,2024-06-27
2024062701020819,MMKJL,58,58,10.0,515.0,5150.0,2024-06-27
2024062701020818,MMKJL,58,20,300.0,515.0,154500.0,2024-06-27
2024062701020817,MMKJL,58,67,500.0,515.0,257500.0,2024-06-27
2024062701020816,MMKJL,58,26,124.0,515.0,63860.0,2024-06-27
2024062701020815,SGHC,58,1,140.0,337.9,47306.0,2024-06-27
2024062701020814,SGHC,58,56,360.0,337.0,121320.0,2024-06-27
2024062701020813,JALPA,13,58,10.0,1319.0,13190.0,2024-06-27
2024062705005767,HRL,50,40,30.0,552.9,16587.0,2024-06-27
2024062705005766,HRL,50,39,50.0,552.0,27600.0,2024-06-27
2024062705005765,HRL,50,34,120.0,552.0,66240.0,2024-06-27
2024062701020812,KDL,72,11,10.0,1175.0,11750.0,2024-06-27
2024062701020811,KDL,72,58,10.0,1175.0,11750.0,2024-06-27
2024062701020810,KDL,72,28,34.0,1174.0,39916.0,2024-06-27
2024062701020809,KDL,72,42,142.0,1165.0,165430.0,2024-06-27
2024062703013798,LICN,41,58,10.0,1354.0,13540.0,2024-06-27
2024062701020808,PCBL,44,22,10.0,197.3,1973.0,2024-06-27
2024062701020807,PCBL,44,59,140.0,197.0,27580.0,2024-06-27
2024062703013797,MFIL,16,44,434.0,530.2,230106.8,2024-06-27
2024062703013796,NABBC,16,62,110.0,533.2,58652.0,2024-06-27
2024062703013795,NABBC,61,62,200.0,533.2,106640.0,2024-06-27
2024062703013794,NABBC,25,62,90.0,533.2,47988.0,2024-06-27
2024062703013793,NABBC,19,62,50.0,534.0,26700.0,2024-06-27
2024062701020806,MANDU,65,51,50.0,1090.0,54500.0,2024-06-27
2024062701020805,MANDU,65,5,200.0,1090.0,218000.0,2024-06-27
2024062701020804,MANDU,65,58,10.0,1090.0,10900.0,2024-06-27
2024062701020803,MANDU,65,58,10.0,1090.0,10900.0,2024-06-27
2024062701020802,MANDU,65,41,10.0,1090.0,10900.0,2024-06-27
2024062701020801,MANDU,65,52,10.0,1090.0,10900.0,2024-06-27
2024062701020800,MANDU,65,42,10.0,1090.0,10900.0,2024-06-27
2024062701020799,MANDU,65,38,10.0,1090.0,10900.0,2024-06-27
2024062701020798,MANDU,65,49,10.0,1090.0,10900.0,2024-06-27
2024062701020797,MANDU,65,70,20.0,1090.0,21800.0,2024-06-27
2024062701020796,MANDU,65,48,10.0,1090.0,10900.0,2024-06-27
2024062701020795,MANDU,65,21,20.0,1089.0,21780.0,2024-06-27
2024062701020794,MANDU,65,32,300.0,1088.0,326400.0,2024-06-27
2024062701020793,MANDU,65,56,10.0,1088.0,10880.0,2024-06-27
2024062701020792,MANDU,65,42,100.0,1085.0,108500.0,2024-06-27
2024062701020791,MANDU,65,58,80.0,1085.0,86800.0,2024-06-27
2024062701020790,MANDU,65,21,10.0,1085.0,10850.0,2024-06-27
2024062701020789,MANDU,65,54,10.0,1085.0,10850.0,2024-06-27
2024062701020788,MANDU,65,57,10.0,1085.0,10850.0,2024-06-27
2024062701020787,MANDU,65,1,10.0,1085.0,10850.0,2024-06-27
2024062701020786,MANDU,65,66,400.0,1085.0,434000.0,2024-06-27
2024062701020785,MANDU,65,59,72.0,1085.0,78120.0,2024-06-27
2024062701020784,MANDU,65,17,400.0,1085.0,434000.0,2024-06-27
2024062701020783,MANDU,65,43,20.0,1084.3,21686.0,2024-06-27
2024062701020782,MANDU,65,52,10.0,1084.0,10840.0,2024-06-27
2024062701020781,MANDU,65,58,10.0,1084.0,10840.0,2024-06-27
2024062701020780,MANDU,65,14,98.0,1083.0,106134.0,2024-06-27
2024062701020779,MANDU,65,53,85.0,1082.0,91970.0,2024-06-27
2024062701020778,KBL,48,41,266.0,136.0,36176.0,2024-06-27
2024062701020777,KBL,48,17,200.0,135.8,27160.0,2024-06-27
2024062701020776,KBL,48,17,2000.0,135.4,270800.0,2024-06-27
2024062701020775,KBL,48,25,289.0,135.3,39101.7,2024-06-27
2024062701020774,KBL,48,32,745.0,135.3,100798.5,2024-06-27
2024062701020773,SONA,48,55,500.0,430.0,215000.0,2024-06-27
2024062701020772,IHL,34,7,10.0,427.0,4270.0,2024-06-27
2024062701020771,VLUCL,34,7,20.0,512.2,10244.0,2024-06-27
2024062701020770,TAMOR,34,49,20.0,397.6,7952.0,2024-06-27
2024062704009738,SALICO,39,46,10.0,678.9,6789.0,2024-06-27
2024062703013792,SLBSL,34,34,10.0,1239.8,12398.0,2024-06-27
2024062703013791,SLBSL,34,65,10.0,1234.9,12349.0,2024-06-27
2024062701020769,CYCL,43,26,10.0,1475.1,14751.0,2024-06-27
2024062704009737,GHL,7,17,10.0,147.3,1473.0,2024-06-27
2024062703013790,MLBBL,20,17,50.0,1395.0,69750.0,2024-06-27
2024062701020768,DLBS,41,17,20.0,1256.0,25120.0,2024-06-27
2024062701020767,SHIVM,56,57,210.0,473.0,99330.0,2024-06-27
2024062701020766,SHIVM,16,57,90.0,473.1,42579.0,2024-06-27
2024062701020765,MEHL,57,5,10.0,345.9,3459.0,2024-06-27
2024062701020764,PHCL,42,57,100.0,305.0,30500.0,2024-06-27
2024062703013789,PFL,49,43,680.0,620.8,422144.0,2024-06-27
2024062703013788,PFL,49,43,320.0,620.8,198656.0,2024-06-27
2024062705005764,HRL,3,34,61.0,552.0,33672.0,2024-06-27
2024062703013787,CFCL,43,21,50.0,455.2,22760.0,2024-06-27
2024062705005763,HRL,3,57,139.0,552.0,76728.0,2024-06-27
2024062705005762,NRN,55,26,10.0,664.0,6640.0,2024-06-27
2024062705005761,NRN,55,28,300.0,664.0,199200.0,2024-06-27
2024062705005760,NRN,55,60,150.0,663.9,99585.0,2024-06-27
2024062705005759,NRN,55,55,40.0,663.5,26540.0,2024-06-27
2024062701020763,SPHL,45,38,370.0,550.0,203500.0,2024-06-27
2024062701020762,SPHL,82,38,630.0,550.0,346500.0,2024-06-27
2024062703013786,GBLBS,8,63,15.0,762.0,11430.0,2024-06-27
2024062703013785,GBLBS,8,95,200.0,762.0,152400.0,2024-06-27
2024062703013784,GBLBS,8,44,130.0,762.0,99060.0,2024-06-27
2024062703013783,CFCL,49,55,50.0,455.0,22750.0,2024-06-27
2024062701020761,MEHL,38,5,20.0,345.9,6918.0,2024-06-27
2024062701020760,NRM,45,14,10.0,386.0,3860.0,2024-06-27
2024062701020759,NRM,45,56,40.0,384.0,15360.0,2024-06-27
2024062701020758,NRM,45,33,10.0,383.9,3839.0,2024-06-27
2024062701020757,NRM,45,33,150.0,383.0,57450.0,2024-06-27
2024062703013782,MFIL,45,34,10.0,531.0,5310.0,2024-06-27
2024062701020756,MKHC,45,43,300.0,333.9,100170.0,2024-06-27
2024062701020755,MKHC,45,57,70.0,333.9,23373.0,2024-06-27
2024062701020754,MKHC,45,52,120.0,333.5,40020.0,2024-06-27
2024062701020753,MKHC,45,58,10.0,333.0,3330.0,2024-06-27
2024062704009736,HPPL,64,36,220.0,307.7,67694.0,2024-06-27
2024062704009735,HPPL,64,42,80.0,307.0,24560.0,2024-06-27
2024062704009734,HPPL,64,44,200.0,307.0,61400.0,2024-06-27
2024062701020752,RHGCL,32,21,30.0,343.7,10311.0,2024-06-27
2024062701020751,RHGCL,32,21,200.0,343.8,68760.0,2024-06-27
2024062701020750,RHGCL,57,21,100.0,344.0,34400.0,2024-06-27
2024062701020749,RHGCL,42,21,50.0,344.0,17200.0,2024-06-27
2024062701020748,RHGCL,63,21,40.0,344.1,13764.0,2024-06-27
2024062701020747,RHGCL,32,21,40.0,344.2,13768.0,2024-06-27
2024062701020746,RHGCL,36,21,50.0,344.5,17225.0,2024-06-27
2024062701020745,MHL,35,42,50.0,550.0,27500.0,2024-06-27
2024062701020744,MHL,66,42,50.0,550.0,27500.0,2024-06-27
2024062701020743,MHL,55,42,42.0,550.0,23100.0,2024-06-27
2024062704009733,MEN,67,81,530.0,580.1,307453.0,2024-06-27
2024062704009732,MEN,21,81,60.0,580.5,34830.0,2024-06-27
2024062705005758,HRL,32,57,100.0,552.0,55200.0,2024-06-27
2024062704009731,NGPL,1,32,50.0,305.1,15255.0,2024-06-27
2024062704009730,GLH,1,1,100.0,208.1,20810.0,2024-06-27
2024062703013781,CORBL,1,43,13.0,524.0,6812.0,2024-06-27
2024062703013780,SIFC,33,13,30.0,456.1,13683.0,2024-06-27
2024062703013779,SIFC,44,13,10.0,456.2,4562.0,2024-06-27
2024062703013778,SIFC,44,13,10.0,456.3,4563.0,2024-06-27
2024062704009729,GHL,13,17,200.0,147.3,29460.0,2024-06-27
2024062703013777,PROFL,58,56,668.0,405.0,270540.0,2024-06-27
2024062703013776,PROFL,58,56,50.0,405.0,20250.0,2024-06-27
2024062703013775,DDBL,6,35,122.0,780.2,95184.4,2024-06-27
2024062705005757,CIT,57,35,40.0,2085.0,83400.0,2024-06-27
2024062705005756,CIT,48,35,10.0,2086.5,20865.0,2024-06-27
2024062703013774,MLBSL,5,59,10.0,1914.0,19140.0,2024-06-27
2024062701020742,HHL,50,53,150.0,364.5,54675.0,2024-06-27
2024062701020741,MKHC,45,62,510.0,331.1,168861.0,2024-06-27
2024062701020740,MKHC,22,62,100.0,331.2,33120.0,2024-06-27
2024062701020739,MKHC,45,62,500.0,331.2,165600.0,2024-06-27
2024062701020738,MKHC,91,62,370.0,331.2,122544.0,2024-06-27
2024062701020737,MKHC,62,62,10.0,331.3,3313.0,2024-06-27
2024062701020736,MKHC,59,62,10.0,331.3,3313.0,2024-06-27
2024062703013773,ILBS,45,77,61.0,1204.5,73474.5,2024-06-27
2024062703013772,ILBS,62,77,30.0,1204.6,36138.0,2024-06-27
2024062703013771,ILBS,62,77,10.0,1205.0,12050.0,2024-06-27
2024062703013770,ILBS,32,77,20.0,1206.0,24120.0,2024-06-27
2024062703013769,ILBS,42,77,10.0,1206.0,12060.0,2024-06-27
2024062703013768,GMFBS,65,49,10.0,1753.0,17530.0,2024-06-27
2024062703013767,MDB,58,17,885.0,503.0,445155.0,2024-06-27
2024062703013766,MDB,58,51,115.0,503.0,57845.0,2024-06-27
2024062703013765,MDB,58,44,500.0,501.0,250500.0,2024-06-27
2024062703013764,RLFL,33,48,180.0,418.1,75258.0,2024-06-27
2024062704009728,SPDL,39,45,260.0,238.5,62010.0,2024-06-27
2024062704009727,SPDL,39,45,30.0,238.5,7155.0,2024-06-27
2024062704009726,SPDL,39,38,30.0,238.4,7152.0,2024-06-27
2024062704009725,SPDL,39,38,200.0,238.4,47680.0,2024-06-27
2024062704009724,SPDL,39,45,680.0,235.5,160140.0,2024-06-27
2024062701020735,UHEWA,34,14,10.0,461.5,4615.0,2024-06-27
2024062703013763,SINDU,34,34,50.0,408.8,20440.0,2024-06-27
2024062704009723,UMRH,74,34,100.0,435.6,43560.0,2024-06-27
2024062701020734,IHL,29,7,10.0,428.0,4280.0,2024-06-27
2024062703013762,GFCL,45,10,130.0,599.0,77870.0,2024-06-27
2024062703013761,GFCL,45,10,100.0,599.0,59900.0,2024-06-27
2024062703013760,GFCL,16,10,120.0,599.0,71880.0,2024-06-27
2024062704009722,BPCL,42,14,38.0,289.5,11001.0,2024-06-27
2024062701020733,NBL,19,57,300.0,205.5,61650.0,2024-06-27
2024062701020732,SMHL,60,49,300.0,610.0,183000.0,2024-06-27
2024062701020731,SBL,22,28,10.0,241.0,2410.0,2024-06-27
2024062703013759,NFS,22,5,2234.0,1099.0,2455166.0,2024-06-27
2024062703013758,NFS,22,69,990.0,1073.0,1062270.0,2024-06-27
2024062703013757,NFS,22,22,400.0,970.0,388000.0,2024-06-27
2024062703013756,NFS,22,45,357.0,970.0,346290.0,2024-06-27
2024062703013755,NFS,22,49,120.0,970.0,116400.0,2024-06-27
2024062703013754,NFS,22,4,15.0,970.0,14550.0,2024-06-27
2024062703013753,NFS,22,38,50.0,970.0,48500.0,2024-06-27
2024062703013752,NFS,22,1,10.0,970.0,9700.0,2024-06-27
2024062703013751,NFS,22,51,4001.0,970.0,3880970.0,2024-06-27
2024062703013750,NFS,22,62,991.0,970.0,961270.0,2024-06-27
2024062703013749,NFS,22,47,15.0,970.0,14550.0,2024-06-27
2024062703013748,NFS,22,11,100.0,970.0,97000.0,2024-06-27
2024062703013747,NFS,22,32,58.0,970.0,56260.0,2024-06-27
2024062703013746,NFS,22,38,300.0,970.0,291000.0,2024-06-27
2024062703013745,NFS,22,29,1000.0,970.0,970000.0,2024-06-27
2024062703013744,NFS,22,49,10.0,970.0,9700.0,2024-06-27
2024062703013743,NFS,22,43,32.0,969.9,31036.8,2024-06-27
2024062703013742,NFS,22,17,50.0,969.9,48495.0,2024-06-27
2024062703013741,NFS,22,38,50.0,969.9,48495.0,2024-06-27
2024062703013740,NFS,22,22,500.0,969.0,484500.0,2024-06-27
2024062703013739,NFS,22,45,170.0,969.0,164730.0,2024-06-27
2024062703013738,NFS,22,41,200.0,969.0,193800.0,2024-06-27
2024062703013737,NFS,22,8,90.0,969.0,87210.0,2024-06-27
2024062703013736,NFS,22,62,500.0,969.0,484500.0,2024-06-27
2024062703013735,NFS,22,34,500.0,969.0,484500.0,2024-06-27
2024062703013734,NFS,22,51,51.0,969.0,49419.0,2024-06-27
2024062703013733,NFS,22,38,50.0,969.0,48450.0,2024-06-27
2024062703013732,NFS,22,32,100.0,969.0,96900.0,2024-06-27
2024062703013731,NFS,22,13,10.0,969.0,9690.0,2024-06-27
2024062703013730,NFS,22,22,10.0,969.0,9690.0,2024-06-27
2024062703013729,NFS,22,49,50.0,969.0,48450.0,2024-06-27
2024062703013728,NFS,22,7,25.0,969.0,24225.0,2024-06-27
2024062703013727,NFS,22,7,450.0,969.0,436050.0,2024-06-27
2024062703013726,NFS,22,7,400.0,969.0,387600.0,2024-06-27
2024062703013725,NFS,22,71,100.0,969.0,96900.0,2024-06-27
2024062703013724,NFS,22,3,100.0,969.0,96900.0,2024-06-27
2024062703013723,NFS,22,17,500.0,969.0,484500.0,2024-06-27
2024062703013722,NFS,22,38,30.0,969.0,29070.0,2024-06-27
2024062703013721,NFS,22,52,100.0,968.0,96800.0,2024-06-27
2024062703013720,NFS,22,16,134.0,968.0,129712.0,2024-06-27
2024062703013719,NFS,22,43,100.0,968.0,96800.0,2024-06-27
2024062703013718,NFS,22,71,200.0,965.0,193000.0,2024-06-27
2024062703013717,NFS,22,22,13.0,962.0,12506.0,2024-06-27
2024062703013716,NFS,22,42,100.0,960.0,96000.0,2024-06-27
2024062703013715,NFS,22,52,300.0,960.0,288000.0,2024-06-27
2024062703013714,NFS,22,22,137.0,960.0,131520.0,2024-06-27
2024062703013713,NFS,22,71,200.0,960.0,192000.0,2024-06-27
2024062703013712,NFS,22,43,100.0,960.0,96000.0,2024-06-27
2024062703013711,NFS,22,13,170.0,959.0,163030.0,2024-06-27
2024062703013710,NFS,22,32,100.0,955.7,95570.0,2024-06-27
2024062703013709,NFS,22,32,100.0,954.7,95470.0,2024-06-27
2024062703013708,NFS,22,34,500.0,951.7,475850.0,2024-06-27
2024062703013707,NFS,22,21,100.0,951.0,95100.0,2024-06-27
2024062703013706,NFS,22,56,800.0,951.0,760800.0,2024-06-27
2024062703013705,NFS,22,38,200.0,950.0,190000.0,2024-06-27
2024062703013704,NFS,22,58,300.0,950.0,285000.0,2024-06-27
2024062703013703,NFS,22,3,20.0,950.0,19000.0,2024-06-27
2024062703013702,NFS,22,62,40.0,948.6,37944.0,2024-06-27
2024062703013701,NFS,22,25,90.0,948.2,85338.0,2024-06-27
2024062703013700,NFS,22,58,70.0,948.2,66374.0,2024-06-27
2024062703013699,NFS,22,45,690.0,948.2,654258.0,2024-06-27
2024062703013698,NFS,22,8,400.0,948.0,379200.0,2024-06-27
2024062703013697,NFS,22,49,77.0,948.0,72996.0,2024-06-27
2024062703013696,NFS,22,5,500.0,948.0,474000.0,2024-06-27
2024062703013695,NFS,22,32,100.0,940.0,94000.0,2024-06-27
2024062703013694,NFS,22,71,200.0,940.0,188000.0,2024-06-27
2024062703013693,NFS,22,3,100.0,940.0,94000.0,2024-06-27
2024062703013692,NFS,22,34,40.0,940.0,37600.0,2024-06-27
2024062703013691,NFS,22,32,250.0,935.0,233750.0,2024-06-27
2024062703013690,NFS,22,45,50.0,935.0,46750.0,2024-06-27
2024062703013689,NFS,22,32,100.0,930.0,93000.0,2024-06-27
2024062704009721,SHEL,22,42,10.0,154.8,1548.0,2024-06-27
2024062701020730,MAKAR,4,45,10.0,455.0,4550.0,2024-06-27
2024062704009720,UMRH,74,8,380.0,435.6,165528.0,2024-06-27
2024062704009719,UMRH,45,8,620.0,436.0,270320.0,2024-06-27
2024062703013688,SFCL,56,49,200.0,431.6,86320.0,2024-06-27
2024062704009718,IGI,40,87,10.0,516.9,5169.0,2024-06-27
2024062705005755,NRN,32,60,331.0,660.1,218493.1,2024-06-27
2024062705005754,NRN,32,60,500.0,660.2,330100.0,2024-06-27
2024062705005753,NRN,34,60,200.0,661.0,132200.0,2024-06-27
2024062705005752,NRN,18,60,300.0,661.0,198300.0,2024-06-27
2024062705005751,NRN,34,60,200.0,661.0,132200.0,2024-06-27
2024062705005750,NRN,42,60,100.0,661.0,66100.0,2024-06-27
2024062705005749,NRN,87,60,100.0,662.0,66200.0,2024-06-27
2024062705005748,NRN,28,60,1000.0,662.0,662000.0,2024-06-27
2024062705005747,NRN,48,60,20.0,662.0,13240.0,2024-06-27
2024062705005746,NRN,16,60,200.0,662.0,132400.0,2024-06-27
2024062705005745,NRN,35,60,45.0,662.1,29794.5,2024-06-27
2024062705005744,NRN,33,60,90.0,662.2,59598.0,2024-06-27
2024062705005743,NRN,11,60,118.0,662.2,78139.6,2024-06-27
2024062705005742,NRN,60,60,122.0,663.0,80886.0,2024-06-27
2024062701020729,SMJC,25,4,10.0,401.0,4010.0,2024-06-27
2024062701020728,SMJC,25,67,11.0,401.0,4411.0,2024-06-27
2024062701020727,EBL,33,28,10.0,520.9,5209.0,2024-06-27
2024062704009717,RADHI,45,58,150.0,254.6,38190.0,2024-06-27
2024062703013687,NMFBS,45,1,21.0,1294.0,27174.0,2024-06-27
2024062703013686,JFL,58,44,5.0,585.0,2925.0,2024-06-27
2024062703013685,JFL,45,44,20.0,585.0,11700.0,2024-06-27
2024062703013684,ILBS,66,39,10.0,1209.0,12090.0,2024-06-27
2024062705005741,BBC,42,52,10.0,3928.0,39280.0,2024-06-27
2024062703013683,SDLBSL,42,58,40.0,1140.0,45600.0,2024-06-27
2024062703013682,MERO,58,75,23.0,683.0,15709.0,2024-06-27
2024062703013681,MERO,8,75,10.0,683.2,6832.0,2024-06-27
2024062701020726,GCIL,13,32,116.0,466.7,54137.2,2024-06-27
2024062701020725,RHGCL,32,52,120.0,350.0,42000.0,2024-06-27
2024062701020724,RHGCL,32,59,10.0,350.0,3500.0,2024-06-27
2024062701020723,RHGCL,32,44,100.0,349.0,34900.0,2024-06-27
2024062701020722,RHGCL,32,14,10.0,349.0,3490.0,2024-06-27
2024062701020721,RHGCL,32,48,200.0,347.8,69560.0,2024-06-27
2024062701020720,RHGCL,32,57,420.0,347.5,145950.0,2024-06-27
2024062701020719,DORDI,32,58,60.0,435.0,26100.0,2024-06-27
2024062701020718,DORDI,32,66,10.0,435.0,4350.0,2024-06-27
2024062701020717,DORDI,32,98,10.0,435.0,4350.0,2024-06-27
2024062701020716,DORDI,32,16,10.0,433.5,4335.0,2024-06-27
2024062701020715,DORDI,32,45,100.0,433.0,43300.0,2024-06-27
2024062701020714,DORDI,32,49,10.0,432.0,4320.0,2024-06-27
2024062705005740,CIT,1,57,10.0,2086.0,20860.0,2024-06-27
2024062705005739,HRL,44,57,50.0,552.0,27600.0,2024-06-27
2024062701020713,TVCL,62,5,93.0,499.9,46490.7,2024-06-27
2024062701020712,TVCL,62,19,30.0,499.7,14991.0,2024-06-27
2024062701020711,TVCL,62,17,100.0,499.0,49900.0,2024-06-27
2024062701020710,TVCL,62,39,100.0,499.0,49900.0,2024-06-27
2024062701020709,TVCL,62,52,20.0,498.0,9960.0,2024-06-27
2024062701020708,TVCL,62,14,40.0,498.0,19920.0,2024-06-27
2024062701020707,TVCL,62,38,30.0,497.0,14910.0,2024-06-27
2024062701020706,TVCL,62,34,87.0,497.0,43239.0,2024-06-27
2024062701020705,VLUCL,77,7,80.0,512.2,40976.0,2024-06-27
2024062701020704,VLUCL,77,19,120.0,512.0,61440.0,2024-06-27
2024062701020703,SMHL,60,65,500.0,610.0,305000.0,2024-06-27
2024062701020702,AHL,77,50,239.0,514.0,122846.0,2024-06-27
2024062701020701,AHL,77,42,10.0,514.0,5140.0,2024-06-27
2024062701020700,AHL,77,65,100.0,513.9,51390.0,2024-06-27
2024062701020699,AHL,77,34,10.0,513.0,5130.0,2024-06-27
2024062701020698,AHL,77,21,471.0,513.0,241623.0,2024-06-27
2024062701020697,AHL,77,58,100.0,510.0,51000.0,2024-06-27
2024062701020696,AHL,77,25,70.0,507.0,35490.0,2024-06-27
2024062701020695,RHGCL,58,57,80.0,347.5,27800.0,2024-06-27
2024062701020694,RHGCL,58,29,20.0,347.4,6948.0,2024-06-27
2024062704009716,SHEL,13,48,625.0,154.1,96312.5,2024-06-27
2024062704009715,SHEL,34,48,375.0,154.6,57975.0,2024-06-27
2024062703013680,PFL,49,39,960.0,620.8,595968.0,2024-06-27
2024062703013679,PFL,33,39,300.0,620.9,186270.0,2024-06-27
2024062703013678,PFL,33,39,100.0,620.9,62090.0,2024-06-27
2024062703013677,PFL,72,39,140.0,620.9,86926.0,2024-06-27
2024062701020693,USHEC,60,26,10.0,461.2,4612.0,2024-06-27
2024062701020692,CYCL,43,59,190.0,1475.1,280269.0,2024-06-27
2024062703013676,CFCL,49,14,20.0,455.0,9100.0,2024-06-27
2024062703013675,ACLBSL,57,19,30.0,1057.9,31737.0,2024-06-27
2024062703013674,ACLBSL,57,34,50.0,1055.0,52750.0,2024-06-27
2024062703013673,ACLBSL,57,25,20.0,1055.0,21100.0,2024-06-27
2024062705005738,NRN,60,48,178.0,663.0,118014.0,2024-06-27
2024062704009714,HPPL,81,45,30.0,305.0,9150.0,2024-06-27
2024062701020691,NWCL,43,64,10.0,855.0,8550.0,2024-06-27
2024062703013672,GMFIL,64,7,300.0,440.0,132000.0,2024-06-27
2024062703013671,GMFIL,64,49,700.0,439.9,307930.0,2024-06-27
2024062703013670,CFCL,49,42,300.0,455.0,136500.0,2024-06-27
2024062704009713,HPPL,81,42,174.0,305.0,53070.0,2024-06-27
2024062704009712,HPPL,34,42,52.0,305.0,15860.0,2024-06-27
2024062704009711,HPPL,42,42,164.0,306.0,50184.0,2024-06-27
2024062705005737,CHDC,32,7,10.0,1000.9,10009.0,2024-06-27
2024062701020690,TVCL,62,34,13.0,497.0,6461.0,2024-06-27
2024062701020689,TVCL,62,14,20.0,496.5,9930.0,2024-06-27
2024062701020688,TVCL,62,58,20.0,496.5,9930.0,2024-06-27
2024062701020687,TVCL,62,53,20.0,496.5,9930.0,2024-06-27
2024062701020686,TVCL,62,16,127.0,495.0,62865.0,2024-06-27
2024062701020685,TVCL,62,16,144.0,495.0,71280.0,2024-06-27
2024062701020684,TVCL,62,21,20.0,495.0,9900.0,2024-06-27
2024062701020683,TVCL,62,74,936.0,495.0,463320.0,2024-06-27
2024062701020682,TVCL,62,39,400.0,494.0,197600.0,2024-06-27
2024062701020681,MKHL,58,41,120.0,477.0,57240.0,2024-06-27
2024062703013669,NFS,58,8,91.0,929.7,84602.7,2024-06-27
2024062701020680,MKHL,39,41,55.0,477.0,26235.0,2024-06-27
2024062701020679,MKHL,39,53,45.0,476.0,21420.0,2024-06-27
2024062704009710,AKJCL,58,35,1000.0,206.9,206900.0,2024-06-27
2024062701020678,SARBTM,32,36,61.0,770.1,46976.1,2024-06-27
2024062701020677,SARBTM,41,36,139.0,770.1,107043.9,2024-06-27
2024062705005736,HRL,53,57,20.0,552.0,11040.0,2024-06-27
2024062705005735,HRL,22,57,50.0,552.0,27600.0,2024-06-27
2024062705005734,HRL,58,57,200.0,552.0,110400.0,2024-06-27
2024062705005733,HRL,36,57,10.0,552.0,5520.0,2024-06-27
2024062705005732,HRL,41,57,271.0,552.0,149592.0,2024-06-27
2024062705005731,HRL,71,57,160.0,552.1,88336.0,2024-06-27
2024062701020676,BEDC,88,48,436.0,425.8,185648.8,2024-06-27
2024062703013668,GILB,45,40,10.0,1394.0,13940.0,2024-06-27
2024062703013667,GILB,45,40,30.0,1394.1,41823.0,2024-06-27
2024062703013666,GUFL,16,49,230.0,710.0,163300.0,2024-06-27
2024062703013665,GUFL,45,49,370.0,710.1,262737.0,2024-06-27
2024062701020675,MHL,66,29,10.0,559.0,5590.0,2024-06-27
2024062701020674,RFPL,1,21,135.0,354.0,47790.0,2024-06-27
2024062701020673,MLBS,81,45,10.0,1415.0,14150.0,2024-06-27
2024062701020672,TVCL,41,35,70.0,493.0,34510.0,2024-06-27
2024062703013664,GLBSL,76,35,10.0,1761.0,17610.0,2024-06-27
2024062704009709,KKHC,35,66,50.0,226.0,11300.0,2024-06-27
2024062704009708,UMRH,70,22,100.0,437.0,43700.0,2024-06-27
2024062703013663,ICFC,58,39,50.0,542.2,27110.0,2024-06-27
2024062701020671,AHL,38,26,80.0,505.0,40400.0,2024-06-27
2024062701020670,AHL,58,26,20.0,505.1,10102.0,2024-06-27
2024062701020669,HDL,44,26,35.0,1187.4,41559.0,2024-06-27
2024062701020668,HDL,58,58,25.0,1187.5,29687.5,2024-06-27
2024062704009707,NHDL,53,7,277.0,520.0,144040.0,2024-06-27
2024062704009706,NHDL,7,7,100.0,520.0,52000.0,2024-06-27
2024062704009705,NHDL,19,7,500.0,520.0,260000.0,2024-06-27
2024062704009704,NHDL,19,7,423.0,520.0,219960.0,2024-06-27
2024062704009703,RIDI,36,34,400.0,162.0,64800.0,2024-06-27
2024062703013662,SIFC,34,62,50.0,456.6,22830.0,2024-06-27
2024062701020667,MHL,55,34,10.0,550.0,5500.0,2024-06-27
2024062701020666,NWCL,34,34,10.0,862.0,8620.0,2024-06-27
2024062703013661,HLBSL,57,34,60.0,1298.0,77880.0,2024-06-27
2024062705005730,NTC,43,51,10.0,812.9,8129.0,2024-06-27
2024062705005729,NTC,43,48,50.0,812.7,40635.0,2024-06-27
2024062705005728,NTC,43,44,10.0,812.5,8125.0,2024-06-27
2024062705005727,NTC,43,34,30.0,812.3,24369.0,2024-06-27
2024062701020665,VLUCL,25,25,10.0,505.0,5050.0,2024-06-27
2024062701020664,MKCL,28,17,20.0,1190.0,23800.0,2024-06-27
2024062701020663,MKCL,28,34,10.0,1186.0,11860.0,2024-06-27
2024062705005726,NRIC,42,34,50.0,646.7,32335.0,2024-06-27
2024062705005725,NRIC,42,26,50.0,646.0,32300.0,2024-06-27
2024062703013660,KSBBL,42,33,479.0,368.2,176367.8,2024-06-27
2024062703013659,RSDC,58,35,10.0,669.0,6690.0,2024-06-27
2024062701020662,NESDO,62,29,10.0,2000.0,20000.0,2024-06-27
2024062704009702,RIDI,58,41,40.0,162.1,6484.0,2024-06-27
2024062704009701,BARUN,7,32,148.0,307.0,45436.0,2024-06-27
2024062704009700,BARUN,7,46,425.0,306.8,130390.0,2024-06-27
2024062704009699,BARUN,7,34,90.0,306.8,27612.0,2024-06-27
2024062704009698,BARUN,7,32,1001.0,306.7,307006.7,2024-06-27
2024062704009697,BARUN,7,4,336.0,306.0,102816.0,2024-06-27
2024062701020661,MMKJL,58,7,10.0,514.0,5140.0,2024-06-27
2024062701020660,HDL,34,58,137.0,1187.5,162687.5,2024-06-27
2024062703013658,SFCL,56,16,120.0,431.6,51792.0,2024-06-27
2024062703013657,SFCL,43,16,20.0,431.8,8636.0,2024-06-27
2024062703013656,SFCL,62,16,60.0,431.8,25908.0,2024-06-27
2024062705005724,CIT,57,57,85.0,2086.0,177310.0,2024-06-27
2024062704009696,SPDL,88,45,200.0,235.5,47100.0,2024-06-27
2024062703013655,USLB,96,8,28.0,1829.0,51212.0,2024-06-27
2024062704009695,HPPL,34,40,200.0,305.0,61000.0,2024-06-27
2024062704009694,SHPC,4,49,40.0,319.1,12764.0,2024-06-27
2024062704009693,SHPC,88,49,300.0,319.1,95730.0,2024-06-27
2024062704009692,SHPC,85,49,168.0,319.2,53625.6,2024-06-27
2024062704009691,JOSHI,47,38,200.0,286.1,57220.0,2024-06-27
2024062703013654,RSDC,38,50,100.0,670.0,67000.0,2024-06-27
2024062705005723,SFMF,43,38,11000.0,10.05,110550.0,2024-06-27
2024062701020659,TSHL,28,45,85.0,537.0,45645.0,2024-06-27
2024062701020658,TSHL,70,45,15.0,537.5,8062.5,2024-06-27
2024062703013653,PROFL,6,45,46.0,405.0,18630.0,2024-06-27
2024062701020657,VLUCL,45,19,10.0,512.0,5120.0,2024-06-27
2024062701020656,DOLTI,34,45,185.0,420.1,77718.5,2024-06-27
2024062705005722,CHDC,44,66,100.0,997.0,99700.0,2024-06-27
2024062705005721,CHDC,94,66,100.0,997.1,99710.0,2024-06-27
2024062703013652,MPFL,49,21,100.0,513.1,51310.0,2024-06-27
2024062701020655,SARBTM,41,13,161.0,770.1,123986.1,2024-06-27
2024062701020654,SARBTM,19,13,451.0,770.1,347315.1,2024-06-27
2024062701020653,SARBTM,67,13,238.0,771.0,183498.0,2024-06-27
2024062701020652,SARBTM,39,13,100.0,771.1,77110.0,2024-06-27
2024062701020651,SARBTM,58,13,50.0,771.1,38555.0,2024-06-27
2024062701020650,USHL,50,62,10.0,548.0,5480.0,2024-06-27
2024062704009690,HPPL,42,1,492.0,307.0,151044.0,2024-06-27
2024062704009689,HPPL,42,48,250.0,307.0,76750.0,2024-06-27
2024062704009688,HPPL,42,21,30.0,307.0,9210.0,2024-06-27
2024062704009687,HPPL,42,57,262.0,307.0,80434.0,2024-06-27
2024062704009686,HPPL,42,19,200.0,306.9,61380.0,2024-06-27
2024062704009685,HPPL,42,25,200.0,306.8,61360.0,2024-06-27
2024062704009684,HPPL,42,45,300.0,306.8,92040.0,2024-06-27
2024062704009683,HPPL,42,8,50.0,306.7,15335.0,2024-06-27
2024062704009682,HPPL,42,45,280.0,306.6,85848.0,2024-06-27
2024062704009681,HPPL,42,47,43.0,306.5,13179.5,2024-06-27
2024062704009680,HPPL,42,34,16.0,306.0,4896.0,2024-06-27
2024062704009679,HPPL,42,32,1100.0,306.0,336600.0,2024-06-27
2024062704009678,HPPL,42,14,100.0,306.0,30600.0,2024-06-27
2024062704009677,HPPL,42,59,50.0,306.0,15300.0,2024-06-27
2024062704009676,HPPL,42,42,1500.0,306.0,459000.0,2024-06-27
2024062704009675,HPPL,42,42,27.0,306.0,8262.0,2024-06-27
2024062704009674,HPPL,42,49,100.0,306.0,30600.0,2024-06-27
2024062703013651,PFL,42,55,100.0,621.0,62100.0,2024-06-27
2024062703013650,GUFL,45,63,130.0,710.1,92313.0,2024-06-27
2024062703013649,GUFL,20,63,50.0,710.1,35505.0,2024-06-27
2024062703013648,GUFL,36,63,180.0,710.3,127854.0,2024-06-27
2024062703013647,GUFL,58,63,50.0,710.4,35520.0,2024-06-27
2024062703013646,GUFL,32,63,20.0,710.5,14210.0,2024-06-27
2024062703013645,GUFL,14,63,50.0,710.5,35525.0,2024-06-27
2024062704009673,RIDI,36,42,300.0,162.0,48600.0,2024-06-27
2024062703013644,CFCL,49,35,120.0,455.0,54600.0,2024-06-27
2024062704009672,HPPL,34,26,248.0,305.0,75640.0,2024-06-27
2024062704009671,HPPL,22,26,1000.0,305.0,305000.0,2024-06-27
2024062704009670,HPPL,64,26,252.0,305.0,76860.0,2024-06-27
2024062705005720,HRL,71,7,20.0,552.1,11042.0,2024-06-27
2024062703013643,NMLBBL,7,14,50.0,667.4,33370.0,2024-06-27
2024062704009669,LEC,11,45,10.0,178.0,1780.0,2024-06-27
2024062705005719,CIT,57,57,15.0,2086.0,31290.0,2024-06-27
2024062703013642,MNBBL,14,57,50.0,344.0,17200.0,2024-06-27
2024062703013641,GMFIL,88,57,234.0,436.1,102047.4,2024-06-27
2024062703013640,GMFIL,56,57,100.0,436.2,43620.0,2024-06-27
2024062703013639,GMFIL,57,57,166.0,437.0,72542.0,2024-06-27
2024062703013638,EDBL,14,20,10.0,382.0,3820.0,2024-06-27
2024062703013637,GUFL,34,29,140.0,711.0,99540.0,2024-06-27
2024062703013636,GUFL,34,39,50.0,711.0,35550.0,2024-06-27
2024062703013635,GUFL,34,36,10.0,711.0,7110.0,2024-06-27
2024062701020649,TPC,85,45,10.0,538.0,5380.0,2024-06-27
2024062703013634,BFC,38,33,100.0,466.0,46600.0,2024-06-27
2024062703013633,PROFL,6,29,100.0,405.0,40500.0,2024-06-27
2024062704009668,UMRH,45,35,380.0,436.0,165680.0,2024-06-27
2024062701020648,MKCL,76,84,700.0,1180.0,826000.0,2024-06-27
2024062703013632,NLIC,29,54,25.0,575.1,14377.5,2024-06-27
2024062703013631,NLIC,58,54,10.0,575.1,5751.0,2024-06-27
2024062704009667,AHPC,22,63,824.0,151.0,124424.0,2024-06-27
2024062704009666,AHPC,8,63,50.0,151.1,7555.0,2024-06-27
2024062704009665,AHPC,6,63,1400.0,151.1,211540.0,2024-06-27
2024062704009664,AHPC,72,63,600.0,151.1,90660.0,2024-06-27
2024062704009663,AHPC,8,63,126.0,151.2,19051.2,2024-06-27
2024062701020647,LSL,1,22,176.0,151.0,26576.0,2024-06-27
2024062701020646,LSL,1,22,54.0,151.0,8154.0,2024-06-27
2024062701020645,LSL,1,28,270.0,151.0,40770.0,2024-06-27
2024062703013630,MSLB,45,89,50.0,1335.2,66760.0,2024-06-27
2024062703013629,MSLB,42,89,44.0,1339.0,58916.0,2024-06-27
2024062701020644,SHIVM,32,44,50.0,473.1,23655.0,2024-06-27
2024062701020643,SHIVM,25,44,50.0,473.1,23655.0,2024-06-27
2024062703013628,KMCDB,77,86,48.0,1075.0,51600.0,2024-06-27
2024062701020642,KBL,6,32,100.0,135.3,13530.0,2024-06-27
2024062701020641,USHEC,60,48,50.0,461.2,23060.0,2024-06-27
2024062704009662,UMRH,52,35,10.0,436.0,4360.0,2024-06-27
2024062704009661,MEN,21,36,200.0,580.5,116100.0,2024-06-27
2024062701020640,SARBTM,58,58,30.0,772.0,23160.0,2024-06-27
2024062704009660,SSHL,11,48,160.0,177.0,28320.0,2024-06-27
2024062704009659,SSHL,11,7,140.0,177.0,24780.0,2024-06-27
2024062701020639,JBLB,16,57,22.0,1314.0,28908.0,2024-06-27
2024062701020638,MAKAR,4,45,10.0,455.0,4550.0,2024-06-27
2024062704009658,NLG,52,49,133.0,742.1,98699.3,2024-06-27
2024062701020637,CLI,49,67,50.0,475.0,23750.0,2024-06-27
2024062703013627,NMLBBL,45,14,13.0,667.4,8676.2,2024-06-27
2024062701020636,GVL,66,66,10.0,608.0,6080.0,2024-06-27
2024062704009657,NGPL,43,33,150.0,305.0,45750.0,2024-06-27
2024062704009656,NGPL,58,33,250.0,305.0,76250.0,2024-06-27
2024062701020635,BNHC,34,56,20.0,640.0,12800.0,2024-06-27
2024062701020634,NABIL,57,42,30.0,456.0,13680.0,2024-06-27
2024062701020633,NABIL,54,42,10.0,456.0,4560.0,2024-06-27
2024062701020632,NABIL,19,42,10.0,456.0,4560.0,2024-06-27
2024062703013626,SFCL,62,21,20.0,431.8,8636.0,2024-06-27
2024062705005718,NRN,19,48,122.0,663.0,80886.0,2024-06-27
2024062701020631,BHL,52,34,10.0,353.9,3539.0,2024-06-27
2024062704009655,TRH,65,26,50.0,750.3,37515.0,2024-06-27
2024062704009654,UMRH,58,35,90.0,436.0,39240.0,2024-06-27
2024062701020630,BNHC,34,57,10.0,640.0,6400.0,2024-06-27
2024062703013625,KLBSL,57,47,90.0,1004.0,90360.0,2024-06-27
2024062705005717,CHDC,94,46,400.0,997.1,398840.0,2024-06-27
2024062705005716,CHDC,36,46,10.0,997.2,9972.0,2024-06-27
2024062705005715,CHDC,5,46,20.0,997.2,19944.0,2024-06-27
2024062705005714,CHDC,41,46,10.0,998.0,9980.0,2024-06-27
2024062705005713,CHDC,94,46,50.0,998.1,49905.0,2024-06-27
2024062701020629,MAKAR,4,45,235.0,455.0,106925.0,2024-06-27
2024062701020628,MAKAR,4,45,25.0,455.0,11375.0,2024-06-27
2024062701020627,MAKAR,4,5,10.0,455.0,4550.0,2024-06-27
2024062701020626,MAKAR,4,52,50.0,455.0,22750.0,2024-06-27
2024062701020625,MAKAR,4,65,10.0,454.0,4540.0,2024-06-27
2024062701020624,MAKAR,4,26,200.0,453.9,90780.0,2024-06-27
2024062701020623,MAKAR,4,22,100.0,453.0,45300.0,2024-06-27
2024062701020622,MAKAR,4,34,10.0,453.0,4530.0,2024-06-27
2024062701020621,MAKAR,4,58,180.0,452.0,81360.0,2024-06-27
2024062701020620,MAKAR,4,1,100.0,451.9,45190.0,2024-06-27
2024062701020619,MAKAR,4,25,200.0,451.0,90200.0,2024-06-27
2024062701020618,MAKAR,4,53,470.0,451.0,211970.0,2024-06-27
2024062701020617,MAKAR,4,71,300.0,450.9,135270.0,2024-06-27
2024062701020616,MAKAR,4,14,30.0,450.0,13500.0,2024-06-27
2024062701020615,MAKAR,4,17,80.0,450.0,36000.0,2024-06-27
2024062701020614,MCHL,38,13,100.0,429.7,42970.0,2024-06-27
2024062701020613,MCHL,38,42,10.0,429.0,4290.0,2024-06-27
2024062701020612,MCHL,38,26,10.0,428.9,4289.0,2024-06-27
2024062701020611,MCHL,38,64,60.0,428.0,25680.0,2024-06-27
2024062701020610,PPL,38,58,31.0,460.0,14260.0,2024-06-27
2024062701020609,PPL,38,5,10.0,459.9,4599.0,2024-06-27
2024062701020608,PPL,38,5,10.0,459.8,4598.0,2024-06-27
2024062701020607,PPL,38,5,10.0,459.7,4597.0,2024-06-27
2024062701020606,PPL,38,5,10.0,459.6,4596.0,2024-06-27
2024062701020605,PPL,38,5,10.0,459.5,4595.0,2024-06-27
2024062701020604,PPL,38,57,10.0,458.0,4580.0,2024-06-27
2024062701020603,PPL,38,35,69.0,458.0,31602.0,2024-06-27
2024062701020602,PPL,38,55,20.0,457.8,9156.0,2024-06-27
2024062701020601,PPL,38,46,20.0,456.0,9120.0,2024-06-27
2024062701020600,PPL,38,40,10.0,456.0,4560.0,2024-06-27
2024062701020599,PPL,38,32,290.0,455.0,131950.0,2024-06-27
2024062701020598,IHL,21,55,10.0,428.9,4289.0,2024-06-27
2024062704009653,SHPC,85,34,500.0,319.2,159600.0,2024-06-27
2024062704009652,SHEL,34,58,225.0,154.6,34785.0,2024-06-27
2024062701020597,GCIL,57,32,100.0,466.8,46680.0,2024-06-27
2024062701020596,GCIL,47,32,100.0,466.8,46680.0,2024-06-27
2024062701020595,GCIL,45,32,10.0,466.8,4668.0,2024-06-27
2024062701020594,GCIL,25,32,20.0,466.8,9336.0,2024-06-27
2024062704009651,TRH,65,32,200.0,750.3,150060.0,2024-06-27
2024062701020593,RFPL,1,45,300.0,354.0,106200.0,2024-06-27
2024062701020592,RFPL,1,58,10.0,354.0,3540.0,2024-06-27
2024062701020591,RFPL,1,95,30.0,354.0,10620.0,2024-06-27
2024062704009650,BARUN,38,56,99.0,305.2,30214.8,2024-06-27
2024062704009649,BARUN,21,56,180.0,305.2,54936.0,2024-06-27
2024062704009648,BARUN,25,56,100.0,305.3,30530.0,2024-06-27
2024062704009647,BARUN,58,56,121.0,305.3,36941.3,2024-06-27
2024062703013624,GMFBS,67,49,20.0,1753.0,35060.0,2024-06-27
2024062703013623,GMFBS,67,44,30.0,1750.0,52500.0,2024-06-27
2024062701020590,SNLI,42,19,220.0,455.5,100210.0,2024-06-27
2024062701020589,SNLI,22,19,210.0,455.5,95655.0,2024-06-27
2024062701020588,BHDC,65,45,257.0,580.0,149060.0,2024-06-27
2024062701020587,BHDC,65,7,89.0,580.0,51620.0,2024-06-27
2024062701020586,BHDC,65,46,10.0,580.0,5800.0,2024-06-27
2024062701020585,BHDC,65,49,150.0,579.0,86850.0,2024-06-27
2024062701020584,BHDC,65,62,56.0,576.0,32256.0,2024-06-27
2024062701020583,BHDC,65,45,190.0,575.0,109250.0,2024-06-27
2024062701020582,BHDC,65,51,50.0,574.0,28700.0,2024-06-27
2024062701020581,BHDC,65,38,198.0,574.0,113652.0,2024-06-27
2024062701020580,SMHL,60,65,500.0,610.0,305000.0,2024-06-27
2024062701020579,MANDU,49,53,15.0,1082.0,16230.0,2024-06-27
2024062701020578,NWCL,43,53,117.0,855.0,100035.0,2024-06-27
2024062701020577,NWCL,55,53,383.0,856.0,327848.0,2024-06-27
2024062705005712,NMB50,7,28,100.0,9.99,999.0,2024-06-27
2024062705005711,HRL,71,36,20.0,552.1,11042.0,2024-06-27
2024062701020576,TVCL,41,17,600.0,493.0,295800.0,2024-06-27
2024062701020575,TVCL,32,17,100.0,493.1,49310.0,2024-06-27
2024062703013622,RLFL,16,59,50.0,418.9,20945.0,2024-06-27
2024062703013621,GMFBS,58,38,10.0,1750.0,17500.0,2024-06-27
2024062703013620,GMFBS,58,39,14.0,1730.0,24220.0,2024-06-27
2024062703013619,RSDC,58,6,20.0,669.0,13380.0,2024-06-27
2024062703013618,PFL,45,55,42.0,621.0,26082.0,2024-06-27
2024062704009646,SSHL,57,57,100.0,176.0,17600.0,2024-06-27
2024062701020574,MLBS,43,57,30.0,1404.0,42120.0,2024-06-27
2024062701020573,MLBS,49,57,20.0,1405.0,28100.0,2024-06-27
2024062703013617,SHINE,46,49,10.0,376.0,3760.0,2024-06-27
2024062705005710,HIDCL,57,46,300.0,162.0,48600.0,2024-06-27
2024062705005709,HIDCL,49,46,570.0,162.0,92340.0,2024-06-27
2024062703013616,BFC,38,59,17.0,466.0,7922.0,2024-06-27
2024062703013615,BFC,38,36,50.0,465.5,23275.0,2024-06-27
2024062703013614,BFC,38,42,30.0,465.4,13962.0,2024-06-27
2024062704009645,JOSHI,29,56,450.0,287.0,129150.0,2024-06-27
2024062701020572,VLUCL,25,29,134.0,505.0,67670.0,2024-06-27
2024062701020571,VLUCL,42,29,50.0,505.0,25250.0,2024-06-27
2024062701020570,VLUCL,22,29,16.0,505.0,8080.0,2024-06-27
2024062703013613,PFL,45,29,258.0,621.0,160218.0,2024-06-27
2024062703013612,PFL,25,29,100.0,621.0,62100.0,2024-06-27
2024062703013611,PFL,14,29,10.0,621.0,6210.0,2024-06-27
2024062703013610,PFL,16,29,20.0,621.0,12420.0,2024-06-27
2024062703013609,PFL,55,29,100.0,621.0,62100.0,2024-06-27
2024062703013608,PFL,14,29,50.0,621.0,31050.0,2024-06-27
2024062703013607,PFL,45,29,20.0,621.0,12420.0,2024-06-27
2024062703013606,PFL,42,29,352.0,621.0,218592.0,2024-06-27
2024062703013605,PFL,13,29,90.0,621.2,55908.0,2024-06-27
2024062704009644,CHL,45,58,485.0,310.0,150350.0,2024-06-27
2024062701020569,CKHL,42,58,30.0,615.0,18450.0,2024-06-27
2024062701020568,CKHL,42,38,10.0,615.0,6150.0,2024-06-27
2024062701020567,CKHL,42,6,10.0,613.2,6132.0,2024-06-27
2024062701020566,CKHL,42,34,10.0,613.1,6131.0,2024-06-27
2024062701020565,CKHL,42,58,10.0,613.0,6130.0,2024-06-27
2024062701020564,CKHL,42,35,60.0,613.0,36780.0,2024-06-27
2024062701020563,CKHL,42,58,170.0,613.0,104210.0,2024-06-27
2024062704009643,UMRH,35,35,20.0,436.0,8720.0,2024-06-27
2024062704009642,GHL,58,35,200.0,147.1,29420.0,2024-06-27
2024062704009641,SHEL,35,58,100.0,154.6,15460.0,2024-06-27
2024062704009640,AKPL,89,38,10.0,159.9,1599.0,2024-06-27
2024062701020562,NICA,74,39,324.0,397.0,128628.0,2024-06-27
2024062701020561,NICA,42,39,10.0,397.3,3973.0,2024-06-27
2024062704009639,API,62,44,654.0,166.1,108629.4,2024-06-27
2024062704009638,API,45,44,10.0,166.1,1661.0,2024-06-27
2024062704009637,API,51,44,411.0,166.3,68349.3,2024-06-27
2024062704009636,API,7,44,48.0,166.3,7982.4,2024-06-27
2024062704009635,API,43,44,60.0,166.3,9978.0,2024-06-27
2024062704009634,API,21,44,1000.0,166.4,166400.0,2024-06-27
2024062704009633,API,16,44,50.0,166.4,8320.0,2024-06-27
2024062704009632,API,54,44,693.0,166.4,115315.2,2024-06-27
2024062705005708,STC,32,36,13.0,4540.0,59020.0,2024-06-27
2024062705005707,STC,38,36,35.0,4545.0,159075.0,2024-06-27
2024062705005706,STC,43,36,50.0,4545.0,227250.0,2024-06-27
2024062705005705,STC,42,36,10.0,4545.0,45450.0,2024-06-27
2024062705005704,STC,32,36,22.0,4545.0,99990.0,2024-06-27
2024062705005703,STC,50,36,12.0,4546.0,54552.0,2024-06-27
2024062705005702,STC,1,36,10.0,4547.0,45470.0,2024-06-27
2024062704009631,SHL,42,51,100.0,422.0,42200.0,2024-06-27
2024062704009630,SHL,44,51,100.0,422.0,42200.0,2024-06-27
2024062704009629,RADHI,36,17,414.0,252.2,104410.8,2024-06-27
2024062704009628,RADHI,46,17,37.0,253.0,9361.0,2024-06-27
2024062701020560,MCHL,25,25,50.0,426.6,21330.0,2024-06-27
2024062703013604,GMFBS,62,38,10.0,1721.0,17210.0,2024-06-27
2024062703013603,SFCL,56,75,230.0,431.6,99268.0,2024-06-27
2024062701020559,ULBSL,49,34,16.0,1987.0,31792.0,2024-06-27
2024062701020558,TAMOR,60,1,378.0,397.0,150066.0,2024-06-27
2024062701020557,TAMOR,86,1,22.0,397.5,8745.0,2024-06-27
2024062703013602,MSLB,42,19,20.0,1339.0,26780.0,2024-06-27
2024062703013601,MSLB,42,14,15.0,1338.0,20070.0,2024-06-27
2024062701020556,SBL,42,42,322.0,240.0,77280.0,2024-06-27
2024062701020555,SBL,50,42,178.0,240.0,42720.0,2024-06-27
2024062704009627,KKHC,35,66,66.0,226.0,14916.0,2024-06-27
2024062704009626,KKHC,35,45,100.0,226.0,22600.0,2024-06-27
2024062704009625,KKHC,35,34,34.0,220.5,7497.0,2024-06-27
2024062704009624,GLH,1,35,30.0,209.0,6270.0,2024-06-27
2024062701020554,USHEC,8,52,24.0,462.0,11088.0,2024-06-27
2024062701020553,SARBTM,57,26,100.0,772.0,77200.0,2024-06-27
2024062703013600,SAPDBL,51,82,300.0,360.0,108000.0,2024-06-27
2024062705005701,HRL,22,42,200.0,553.0,110600.0,2024-06-27
2024062703013599,SFCL,60,32,120.0,431.9,51828.0,2024-06-27
2024062703013598,SFCL,60,11,80.0,431.8,34544.0,2024-06-27
2024062701020552,BHPL,40,14,100.0,644.0,64400.0,2024-06-27
2024062704009623,HPPL,64,4,36.0,305.0,10980.0,2024-06-27
2024062705005700,NIFRA,41,38,83.0,189.3,15711.9,2024-06-27
2024062705005699,NIFRA,34,38,2000.0,189.3,378600.0,2024-06-27
2024062705005698,NIFRA,19,38,50.0,189.3,9465.0,2024-06-27
2024062705005697,NIFRA,42,38,2458.0,189.5,465791.0,2024-06-27
2024062705005696,NIFRA,21,38,300.0,189.9,56970.0,2024-06-27
2024062705005695,NIFRA,64,38,99.0,190.0,18810.0,2024-06-27
2024062701020551,IHL,13,55,10.0,428.9,4289.0,2024-06-27
2024062705005694,CHDC,32,42,10.0,1000.9,10009.0,2024-06-27
2024062701020550,SGHC,67,56,200.0,337.0,67400.0,2024-06-27
2024062703013597,PFL,42,57,300.0,622.0,186600.0,2024-06-27
2024062701020549,CITY,5,42,10.0,679.0,6790.0,2024-06-27
2024062703013596,GUFL,51,36,10.0,711.0,7110.0,2024-06-27
2024062703013595,GUFL,51,4,40.0,711.0,28440.0,2024-06-27
2024062703013594,MPFL,3,51,164.0,513.0,84132.0,2024-06-27
2024062703013593,MPFL,75,51,25.0,513.0,12825.0,2024-06-27
2024062703013592,MPFL,22,51,50.0,513.0,25650.0,2024-06-27
2024062703013591,MPFL,58,51,11.0,513.0,5643.0,2024-06-27
2024062703013590,MPFL,3,51,100.0,513.5,51350.0,2024-06-27
2024062703013589,MPFL,21,51,50.0,513.5,25675.0,2024-06-27
2024062703013588,MPFL,56,51,100.0,513.5,51350.0,2024-06-27
2024062703013587,MFIL,3,34,54.0,531.0,28674.0,2024-06-27
2024062703013586,MFIL,3,66,46.0,531.0,24426.0,2024-06-27
2024062701020548,CZBIL,22,16,10.0,163.7,1637.0,2024-06-27
2024062703013585,GRDBL,5,14,214.0,440.0,94160.0,2024-06-27
2024062703013584,GRDBL,88,14,16.0,440.0,7040.0,2024-06-27
2024062701020547,MKCL,76,34,10.0,1186.0,11860.0,2024-06-27
2024062701020546,GVL,66,49,20.0,604.0,12080.0,2024-06-27
2024062701020545,GVL,66,49,10.0,605.0,6050.0,2024-06-27
2024062701020544,GVL,66,49,180.0,607.0,109260.0,2024-06-27
2024062704009622,UNHPL,52,38,50.0,235.0,11750.0,2024-06-27
2024062704009621,UNHPL,52,38,100.0,235.0,23500.0,2024-06-27
2024062704009620,UNHPL,44,38,850.0,235.0,199750.0,2024-06-27
2024062703013583,MLBBL,39,38,200.0,1407.0,281400.0,2024-06-27
2024062703013582,PFL,13,21,10.0,621.2,6212.0,2024-06-27
2024062701020543,MBJC,21,56,87.0,297.0,25839.0,2024-06-27
2024062703013581,NFS,13,8,10.0,929.7,9297.0,2024-06-27
2024062703013580,MFIL,16,1,129.0,530.2,68395.8,2024-06-27
2024062703013579,MFIL,57,1,241.0,530.3,127802.3,2024-06-27
2024062701020542,NBL,19,41,232.0,205.5,47676.0,2024-06-27
2024062704009619,RIDI,55,41,100.0,162.1,16210.0,2024-06-27
2024062703013578,PROFL,17,7,34.0,407.0,13838.0,2024-06-27
2024062703013577,PROFL,17,47,316.0,406.9,128580.4,2024-06-27
2024062703013576,PROFL,17,57,50.0,406.0,20300.0,2024-06-27
2024062701020541,SHIVM,59,57,200.0,473.7,94740.0,2024-06-27
2024062704009618,AKPL,14,38,211.0,159.9,33738.9,2024-06-27
2024062704009617,AKPL,14,42,289.0,159.9,46211.1,2024-06-27
2024062701020540,HDL,49,58,20.0,1187.5,23750.0,2024-06-27
2024062701020539,ILI,34,57,222.0,417.2,92618.4,2024-06-27
2024062701020538,ILI,13,57,50.0,417.3,20865.0,2024-06-27
2024062701020537,ILI,34,57,103.0,417.3,42981.9,2024-06-27
2024062701020536,ILI,44,57,30.0,417.4,12522.0,2024-06-27
2024062704009616,NHDL,19,57,77.0,520.0,40040.0,2024-06-27
2024062704009615,NHDL,19,57,253.0,520.0,131560.0,2024-06-27
2024062704009614,NHDL,58,57,170.0,520.1,88417.0,2024-06-27
2024062704009613,AHPC,8,38,374.0,151.2,56548.8,2024-06-27
2024062704009612,AHPC,45,38,126.0,151.2,19051.2,2024-06-27
2024062704009611,CHCL,37,21,300.0,433.0,129900.0,2024-06-27
2024062701020535,NYADI,54,83,58.0,319.1,18507.8,2024-06-27
2024062701020534,NYADI,70,83,42.0,319.4,13414.8,2024-06-27
2024062701020533,ULHC,19,20,20.0,392.0,7840.0,2024-06-27
2024062701020532,ULHC,19,58,10.0,392.0,3920.0,2024-06-27
2024062705005693,NRIC,42,48,195.0,646.0,125970.0,2024-06-27
2024062705005692,NRIC,42,42,15.0,646.0,9690.0,2024-06-27
2024062705005691,NRIC,42,6,300.0,645.0,193500.0,2024-06-27
2024062703013575,PFL,42,57,225.0,622.0,139950.0,2024-06-27
2024062703013574,PFL,42,57,75.0,622.0,46650.0,2024-06-27
2024062703013573,SFCL,42,11,20.0,431.8,8636.0,2024-06-27
2024062703013572,PFL,35,57,100.0,622.0,62200.0,2024-06-27
2024062703013571,SFCL,56,6,690.0,431.6,297804.0,2024-06-27
2024062701020531,USHL,85,48,20.0,540.0,10800.0,2024-06-27
2024062701020530,USHL,48,48,80.0,540.0,43200.0,2024-06-27
2024062701020529,USHL,50,48,40.0,540.1,21604.0,2024-06-27
2024062703013570,SWBBL,44,50,10.0,857.0,8570.0,2024-06-27
2024062703013569,NFS,17,8,10.0,929.7,9297.0,2024-06-27
2024062704009610,UPCL,57,17,50.0,187.9,9395.0,2024-06-27
2024062703013568,SFCL,56,58,199.0,431.6,85888.4,2024-06-27
2024062703013567,SFCL,70,58,100.0,431.7,43170.0,2024-06-27
2024062704009609,HDHPC,25,16,300.0,125.8,37740.0,2024-06-27
2024062703013566,MDB,57,48,40.0,500.0,20000.0,2024-06-27
2024062701020528,NRM,32,38,30.0,382.0,11460.0,2024-06-27
2024062701020527,USHEC,8,38,10.0,462.0,4620.0,2024-06-27
2024062703013565,MFIL,38,66,100.0,531.0,53100.0,2024-06-27
2024062703013564,GFCL,33,58,50.0,600.0,30000.0,2024-06-27
2024062704009608,SPDL,85,45,1000.0,235.4,235400.0,2024-06-27
2024062704009607,BARUN,58,45,50.0,305.3,15265.0,2024-06-27
2024062704009606,BARUN,6,45,50.0,305.5,15275.0,2024-06-27
2024062703013563,PMLI,45,22,77.0,486.4,37452.8,2024-06-27
2024062704009605,UMHL,21,35,10.0,236.0,2360.0,2024-06-27
2024062704009604,UMHL,21,58,200.0,234.0,46800.0,2024-06-27
2024062704009603,NHPC,32,57,200.0,141.0,28200.0,2024-06-27
2024062703013562,SWBBL,34,50,10.0,857.0,8570.0,2024-06-27
2024062704009602,UPPER,36,56,40.0,154.3,6172.0,2024-06-27
2024062704009601,UPPER,25,56,50.0,154.3,7715.0,2024-06-27
2024062704009600,UPPER,17,56,10.0,154.4,1544.0,2024-06-27
2024062701020526,EHPL,62,10,20.0,563.8,11276.0,2024-06-27
2024062704009599,HEI,48,17,10.0,576.9,5769.0,2024-06-27
2024062703013561,NLIC,39,26,20.0,575.5,11510.0,2024-06-27
2024062701020525,CLI,41,36,52.0,474.1,24653.2,2024-06-27
2024062703013560,GUFL,36,4,20.0,711.0,14220.0,2024-06-27
2024062703013559,HLBSL,36,55,10.0,1299.0,12990.0,2024-06-27
2024062703013558,ICFC,55,33,630.0,543.0,342090.0,2024-06-27
2024062703013557,GFCL,35,58,10.0,600.0,6000.0,2024-06-27
2024062703013556,MERO,58,56,20.0,683.0,13660.0,2024-06-27
2024062703013555,HLI,22,34,100.0,371.5,37150.0,2024-06-27
2024062701020524,GCIL,8,35,13.0,467.0,6071.0,2024-06-27
2024062703013554,PROFL,6,57,100.0,405.0,40500.0,2024-06-27
2024062703013553,PROFL,47,57,200.0,405.1,81020.0,2024-06-27
2024062701020523,NABIL,4,57,10.0,456.0,4560.0,2024-06-27
2024062704009598,PPCL,45,57,204.0,230.4,47001.6,2024-06-27
2024062704009597,PPCL,51,57,156.0,230.4,35942.4,2024-06-27
2024062704009596,PPCL,49,57,40.0,230.5,9220.0,2024-06-27
2024062704009595,PPCL,83,57,500.0,230.6,115300.0,2024-06-27
2024062701020522,GVL,66,66,10.0,608.0,6080.0,2024-06-27
2024062704009594,UPPER,38,6,100.0,154.5,15450.0,2024-06-27
2024062701020521,HATHY,45,45,10.0,919.0,9190.0,2024-06-27
2024062704009593,UMRH,8,91,16.0,436.0,6976.0,2024-06-27
2024062701020520,HATHY,45,32,76.0,919.0,69844.0,2024-06-27
2024062703013552,SIFC,33,62,350.0,456.1,159635.0,2024-06-27
2024062701020519,PRVU,65,14,100.0,138.5,13850.0,2024-06-27
2024062701020518,MHL,55,44,323.0,550.0,177650.0,2024-06-27
2024062701020517,MHL,66,44,200.0,550.0,110000.0,2024-06-27
2024062701020516,MHL,28,44,30.0,550.0,16500.0,2024-06-27
2024062701020515,MHL,56,44,447.0,550.0,245850.0,2024-06-27
2024062703013551,PROFL,47,52,500.0,405.1,202550.0,2024-06-27
2024062703013550,GRDBL,11,32,60.0,441.0,26460.0,2024-06-27
2024062701020514,MKHL,58,11,70.0,476.0,33320.0,2024-06-27
2024062701020513,MKHL,80,11,226.0,476.0,107576.0,2024-06-27
2024062703013549,NFS,16,8,100.0,929.7,92970.0,2024-06-27
2024062701020512,NMB,28,3,370.0,185.0,68450.0,2024-06-27
2024062705005690,CHDC,58,40,100.0,998.0,99800.0,2024-06-27
2024062701020511,SCB,14,6,200.0,560.0,112000.0,2024-06-27
2024062704009592,JOSHI,47,58,30.0,286.1,8583.0,2024-06-27
2024062704009591,KKHC,58,34,85.0,220.5,18742.5,2024-06-27
2024062703013548,CFCL,58,21,100.0,455.2,45520.0,2024-06-27
2024062705005689,HRL,41,49,10.0,552.0,5520.0,2024-06-27
2024062701020510,SPC,49,22,80.0,568.8,45504.0,2024-06-27
2024062701020509,SPC,49,22,100.0,564.5,56450.0,2024-06-27
2024062701020508,SPC,49,22,50.0,563.5,28175.0,2024-06-27
2024062701020507,SPC,49,22,10.0,563.0,5630.0,2024-06-27
2024062701020506,SPC,49,22,100.0,563.0,56300.0,2024-06-27
2024062701020505,SPC,49,22,50.0,562.0,28100.0,2024-06-27
2024062701020504,SPC,49,57,100.0,560.0,56000.0,2024-06-27
2024062701020503,SPC,49,41,10.0,560.0,5600.0,2024-06-27
2024062701020502,TVCL,37,39,100.0,494.0,49400.0,2024-06-27
2024062703013547,PFL,75,57,15.0,622.0,9330.0,2024-06-27
2024062701020501,NMB,28,19,42.0,185.0,7770.0,2024-06-27
2024062703013546,FOWAD,58,32,80.0,1260.0,100800.0,2024-06-27
2024062701020500,CKHL,42,58,30.0,613.0,18390.0,2024-06-27
2024062701020499,CKHL,42,49,10.0,613.0,6130.0,2024-06-27
2024062701020498,CKHL,42,58,100.0,612.0,61200.0,2024-06-27
2024062701020497,CKHL,42,56,10.0,612.0,6120.0,2024-06-27
2024062701020496,CKHL,42,43,10.0,612.0,6120.0,2024-06-27
2024062701020495,CKHL,42,59,40.0,611.9,24476.0,2024-06-27
2024062701020494,CKHL,42,62,50.0,611.0,30550.0,2024-06-27
2024062701020493,CKHL,42,44,250.0,610.0,152500.0,2024-06-27
2024062701020492,MKCL,76,42,215.0,1180.0,253700.0,2024-06-27
2024062701020491,MKCL,49,42,50.0,1180.1,59005.0,2024-06-27
2024062701020490,MKCL,65,42,130.0,1180.1,153413.0,2024-06-27
2024062701020489,MKCL,80,42,50.0,1181.0,59050.0,2024-06-27
2024062701020488,MKCL,33,42,55.0,1181.0,64955.0,2024-06-27
2024062703013545,PROFL,47,26,100.0,405.1,40510.0,2024-06-27
2024062704009590,HDHPC,53,16,24.0,125.8,3019.2,2024-06-27
2024062704009589,HDHPC,53,59,476.0,125.8,59880.8,2024-06-27
2024062701020487,MAKAR,58,17,10.0,450.0,4500.0,2024-06-27
2024062701020486,MAKAR,42,17,10.0,450.0,4500.0,2024-06-27
2024062704009588,GHL,17,17,50.0,147.3,7365.0,2024-06-27
2024062701020485,BGWT,3,22,20.0,927.0,18540.0,2024-06-27
2024062703013544,CORBL,84,8,200.0,522.1,104420.0,2024-06-27
2024062703013543,RLFL,56,29,803.0,418.0,335654.0,2024-06-27
2024062703013542,RLFL,16,29,10.0,418.0,4180.0,2024-06-27
2024062703013541,RLFL,45,29,100.0,418.0,41800.0,2024-06-27
2024062703013540,RLFL,49,29,87.0,418.0,36366.0,2024-06-27
2024062703013539,MLBL,21,41,10.0,318.0,3180.0,2024-06-27
2024062701020484,GCIL,21,35,13.0,467.0,6071.0,2024-06-27
2024062701020483,VLUCL,45,19,10.0,512.0,5120.0,2024-06-27
2024062705005688,HRL,41,34,50.0,552.0,27600.0,2024-06-27
2024062701020482,RFPL,47,95,80.0,354.0,28320.0,2024-06-27
2024062703013538,GRDBL,65,42,41.0,440.1,18044.1,2024-06-27
2024062703013537,KMCDB,77,86,210.0,1075.0,225750.0,2024-06-27
2024062703013536,KMCDB,77,38,90.0,1074.0,96660.0,2024-06-27
2024062701020481,DORDI,77,58,10.0,431.0,4310.0,2024-06-27
2024062701020480,DORDI,77,68,10.0,431.0,4310.0,2024-06-27
2024062701020479,DORDI,77,35,10.0,430.0,4300.0,2024-06-27
2024062701020478,DORDI,77,58,30.0,430.0,12900.0,2024-06-27
2024062701020477,DORDI,77,14,100.0,430.0,43000.0,2024-06-27
2024062701020476,DORDI,77,41,58.0,430.0,24940.0,2024-06-27
2024062701020475,DORDI,77,49,275.0,428.9,117947.5,2024-06-27
2024062701020474,CITY,46,41,150.0,675.1,101265.0,2024-06-27
2024062701020473,CITY,13,41,500.0,675.3,337650.0,2024-06-27
2024062701020472,CITY,4,41,60.0,675.3,40518.0,2024-06-27
2024062701020471,CITY,40,41,100.0,675.5,67550.0,2024-06-27
2024062701020470,CITY,56,41,190.0,675.6,128364.0,2024-06-27
2024062704009587,SHEL,48,58,400.0,154.6,61840.0,2024-06-27
2024062703013535,MLBSL,5,59,10.0,1914.0,19140.0,2024-06-27
2024062704009586,HPPL,64,16,40.0,305.0,12200.0,2024-06-27
2024062704009585,API,55,43,20.0,166.5,3330.0,2024-06-27
2024062704009584,API,55,38,60.0,166.5,9990.0,2024-06-27
2024062703013534,RLFL,46,59,919.0,418.9,384969.1,2024-06-27
2024062703013533,RLFL,46,32,81.0,418.5,33898.5,2024-06-27
2024062701020469,LVF2,54,14,100.0,8.45,845.0,2024-06-27
2024062701020468,MMKJL,58,26,376.0,515.0,193640.0,2024-06-27
2024062701020467,MMKJL,58,41,10.0,515.0,5150.0,2024-06-27
2024062701020466,MMKJL,58,57,200.0,515.0,103000.0,2024-06-27
2024062701020465,MMKJL,58,39,10.0,515.0,5150.0,2024-06-27
2024062701020464,MMKJL,58,42,10.0,515.0,5150.0,2024-06-27
2024062701020463,MMKJL,58,7,10.0,515.0,5150.0,2024-06-27
2024062701020462,MMKJL,58,36,10.0,515.0,5150.0,2024-06-27
2024062701020461,MMKJL,58,35,10.0,515.0,5150.0,2024-06-27
2024062701020460,MMKJL,58,14,10.0,515.0,5150.0,2024-06-27
2024062701020459,MMKJL,58,59,100.0,515.0,51500.0,2024-06-27
2024062701020458,MMKJL,58,54,10.0,515.0,5150.0,2024-06-27
2024062701020457,MMKJL,58,57,10.0,515.0,5150.0,2024-06-27
2024062701020456,MMKJL,58,45,10.0,515.0,5150.0,2024-06-27
2024062701020455,MMKJL,58,41,10.0,515.0,5150.0,2024-06-27
2024062701020454,MMKJL,58,57,10.0,515.0,5150.0,2024-06-27
2024062701020453,MMKJL,58,42,10.0,515.0,5150.0,2024-06-27
2024062701020452,MMKJL,58,57,10.0,515.0,5150.0,2024-06-27
2024062701020451,MMKJL,58,35,10.0,515.0,5150.0,2024-06-27
2024062701020450,MMKJL,58,22,10.0,515.0,5150.0,2024-06-27
2024062701020449,MMKJL,58,58,10.0,515.0,5150.0,2024-06-27
2024062701020448,MMKJL,58,35,120.0,515.0,61800.0,2024-06-27
2024062701020447,MMKJL,58,29,400.0,515.0,206000.0,2024-06-27
2024062701020446,MMKJL,58,58,20.0,515.0,10300.0,2024-06-27
2024062701020445,MMKJL,58,46,50.0,514.5,25725.0,2024-06-27
2024062701020444,MMKJL,58,1,400.0,514.5,205800.0,2024-06-27
2024062701020443,MMKJL,58,57,1000.0,514.0,514000.0,2024-06-27
2024062701020442,MMKJL,58,52,10.0,514.0,5140.0,2024-06-27
2024062701020441,MMKJL,58,21,10.0,514.0,5140.0,2024-06-27
2024062701020440,MMKJL,58,67,144.0,514.0,74016.0,2024-06-27
2024062701020439,NIMB,45,29,250.0,152.2,38050.0,2024-06-27
2024062703013532,FMDBL,45,38,50.0,656.0,32800.0,2024-06-27
2024062705005687,NRN,19,45,378.0,663.0,250614.0,2024-06-27
2024062705005686,NRN,52,45,30.0,663.0,19890.0,2024-06-27
2024062705005685,NRN,14,45,35.0,663.0,23205.0,2024-06-27
2024062705005684,NRN,71,45,57.0,663.0,37791.0,2024-06-27
2024062704009583,NHPC,25,45,197.0,139.2,27422.4,2024-06-27
2024062704009582,NHPC,39,45,100.0,139.5,13950.0,2024-06-27
2024062704009581,NHPC,58,45,414.0,139.5,57753.0,2024-06-27
2024062704009580,NHPC,6,45,89.0,139.9,12451.1,2024-06-27
2024062704009579,NHPC,1,45,100.0,140.0,14000.0,2024-06-27
2024062704009578,NHPC,35,45,200.0,140.0,28000.0,2024-06-27
2024062703013531,NFS,45,28,200.0,929.7,185940.0,2024-06-27
2024062703013530,MFIL,16,62,1000.0,530.2,530200.0,2024-06-27
2024062701020438,CLI,41,5,10.0,474.1,4741.0,2024-06-27
2024062703013529,MFIL,42,66,50.0,531.0,26550.0,2024-06-27
2024062703013528,SFCL,56,74,75.0,431.6,32370.0,2024-06-27
2024062703013527,SFCL,42,74,100.0,431.7,43170.0,2024-06-27
2024062703013526,SFCL,54,74,200.0,431.7,86340.0,2024-06-27
2024062703013525,SFCL,54,74,125.0,431.8,53975.0,2024-06-27
2024062705005683,CIT,57,6,285.0,2085.0,594225.0,2024-06-27
2024062705005682,CIT,45,6,20.0,2085.0,41700.0,2024-06-27
2024062705005681,CIT,42,6,10.0,2085.0,20850.0,2024-06-27
2024062705005680,CIT,7,6,10.0,2085.0,20850.0,2024-06-27
2024062705005679,CIT,39,6,50.0,2085.0,104250.0,2024-06-27
2024062705005678,CIT,58,6,15.0,2085.0,31275.0,2024-06-27
2024062705005677,CIT,38,6,25.0,2085.1,52127.5,2024-06-27
2024062705005676,CIT,45,6,10.0,2085.1,20851.0,2024-06-27
2024062705005675,CIT,48,6,75.0,2086.0,156450.0,2024-06-27
2024062705005674,HRL,41,51,20.0,552.0,11040.0,2024-06-27
2024062705005673,NTC,43,54,65.0,811.0,52715.0,2024-06-27
2024062703013524,SKBBL,45,3,125.0,802.1,100262.5,2024-06-27
2024062703013523,SKBBL,57,3,25.0,802.1,20052.5,2024-06-27
2024062703013522,PMLI,4,22,23.0,486.4,11187.2,2024-06-27
2024062701020437,SPL,58,51,10.0,766.0,7660.0,2024-06-27
2024062701020436,SPL,58,21,10.0,766.0,7660.0,2024-06-27
2024062701020435,NWCL,58,34,90.0,862.0,77580.0,2024-06-27
2024062701020434,NWCL,58,47,10.0,860.0,8600.0,2024-06-27
2024062701020433,SNLI,41,36,10.0,455.6,4556.0,2024-06-27
2024062701020432,PRVU,38,57,50.0,138.4,6920.0,2024-06-27
2024062703013521,JBBL,57,35,400.0,284.0,113600.0,2024-06-27
2024062703013520,JBBL,57,57,1000.0,284.0,284000.0,2024-06-27
2024062703013519,JBBL,57,32,114.0,284.0,32376.0,2024-06-27
2024062703013518,JBBL,57,14,20.0,284.0,5680.0,2024-06-27
2024062701020431,MEHL,42,29,44.0,342.0,15048.0,2024-06-27
2024062701020430,MEHL,13,29,190.0,342.1,64999.0,2024-06-27
2024062701020429,MEHL,45,29,10.0,342.2,3422.0,2024-06-27
2024062701020428,MEHL,45,29,10.0,342.3,3423.0,2024-06-27
2024062701020427,MEHL,45,29,10.0,343.0,3430.0,2024-06-27
2024062701020426,MEHL,35,29,25.0,343.0,8575.0,2024-06-27
2024062701020425,MEHL,55,29,100.0,343.1,34310.0,2024-06-27
2024062703013517,PROFL,45,33,198.0,405.0,80190.0,2024-06-27
2024062703013516,PROFL,53,33,152.0,405.0,61560.0,2024-06-27
2024062704009577,UNHPL,44,38,520.0,235.0,122200.0,2024-06-27
2024062701020424,SPHL,82,38,370.0,550.0,203500.0,2024-06-27
2024062701020423,SPHL,49,38,10.0,551.0,5510.0,2024-06-27
2024062701020422,SPHL,55,38,20.0,551.0,11020.0,2024-06-27
2024062701020421,SPHL,6,38,100.0,551.0,55100.0,2024-06-27
2024062701020420,DOLTI,34,45,345.0,420.1,144934.5,2024-06-27
2024062701020419,DOLTI,57,45,180.0,420.1,75618.0,2024-06-27
2024062701020418,PPL,35,32,500.0,455.0,227500.0,2024-06-27
2024062701020417,PPL,28,32,100.0,455.0,45500.0,2024-06-27
2024062701020416,PPL,21,32,100.0,455.0,45500.0,2024-06-27
2024062701020415,PPL,35,32,100.0,455.0,45500.0,2024-06-27
2024062701020414,PPL,58,32,65.0,455.1,29581.5,2024-06-27
2024062701020413,HHL,32,50,10.0,365.0,3650.0,2024-06-27
2024062701020412,GCIL,16,35,389.0,467.0,181663.0,2024-06-27
2024062701020411,EBL,16,35,440.0,518.1,227964.0,2024-06-27
2024062701020410,EBL,59,35,500.0,518.1,259050.0,2024-06-27
2024062701020409,EBL,59,35,30.0,518.1,15543.0,2024-06-27
2024062701020408,EBL,25,35,505.0,518.2,261691.0,2024-06-27
2024062701020407,EBL,6,35,15.0,518.3,7774.5,2024-06-27
2024062701020406,EBL,45,35,500.0,519.0,259500.0,2024-06-27
2024062701020405,EBL,45,35,10.0,519.0,5190.0,2024-06-27
2024062701020404,MMKJL,58,6,1300.0,511.0,664300.0,2024-06-27
2024062701020403,MHCL,57,41,150.0,404.0,60600.0,2024-06-27
2024062701020402,MBL,25,32,1000.0,166.0,166000.0,2024-06-27
2024062704009576,RADHI,46,49,10.0,253.0,2530.0,2024-06-27
2024062704009575,UNHPL,44,57,10.0,235.0,2350.0,2024-06-27
2024062703013515,RSDC,38,6,80.0,669.0,53520.0,2024-06-27
2024062701020401,SPHL,45,21,100.0,554.0,55400.0,2024-06-27
2024062704009574,SSHL,88,35,300.0,175.2,52560.0,2024-06-27
2024062704009573,SSHL,88,35,100.0,175.3,17530.0,2024-06-27
2024062703013514,PFL,57,42,108.0,622.0,67176.0,2024-06-27
2024062703013513,HLI,48,65,186.0,370.2,68857.2,2024-06-27
2024062703013512,HLI,50,65,10.0,370.2,3702.0,2024-06-27
2024062703013511,GBLBS,4,44,10.0,762.0,7620.0,2024-06-27
2024062703013510,GBLBS,43,44,10.0,762.0,7620.0,2024-06-27
2024062705005672,HRL,41,8,10.0,552.0,5520.0,2024-06-27
2024062705005671,HRL,41,58,10.0,552.0,5520.0,2024-06-27
2024062704009572,NICL,56,58,185.0,827.0,152995.0,2024-06-27
2024062704009571,LEC,48,38,100.0,177.6,17760.0,2024-06-27
2024062701020400,SARBTM,45,38,10.0,773.0,7730.0,2024-06-27
2024062703013509,RLFL,49,63,100.0,418.0,41800.0,2024-06-27
2024062703013508,RLFL,17,63,50.0,418.1,20905.0,2024-06-27
2024062704009570,KKHC,32,34,600.0,220.5,132300.0,2024-06-27
2024062704009569,HURJA,1,19,200.0,276.5,55300.0,2024-06-27
2024062704009568,RADHI,46,62,40.0,253.0,10120.0,2024-06-27
2024062701020399,HATHY,45,42,353.0,919.0,324407.0,2024-06-27
2024062701020398,HATHY,34,42,50.0,919.1,45955.0,2024-06-27
2024062701020397,HATHY,48,42,41.0,919.1,37683.1,2024-06-27
2024062701020396,SMHL,60,65,100.0,610.0,61000.0,2024-06-27
2024062703013507,SWBBL,39,41,20.0,848.7,16974.0,2024-06-27
2024062703013506,SWBBL,38,41,30.0,848.7,25461.0,2024-06-27
2024062703013505,SWBBL,34,41,50.0,848.8,42440.0,2024-06-27
2024062705005670,HRL,41,26,50.0,552.0,27600.0,2024-06-27
2024062703013504,PFL,57,26,86.0,622.0,53492.0,2024-06-27
2024062703013503,PFL,49,26,10.0,622.0,6220.0,2024-06-27
2024062703013502,PFL,38,26,204.0,622.0,126888.0,2024-06-27
2024062704009567,MEN,21,52,40.0,580.5,23220.0,2024-06-27
2024062704009566,MEN,59,52,260.0,580.6,150956.0,2024-06-27
2024062705005669,HRL,41,52,10.0,552.0,5520.0,2024-06-27
2024062701020395,NICA,74,59,90.0,397.0,35730.0,2024-06-27
2024062703013501,GBBL,16,22,100.0,354.0,35400.0,2024-06-27
2024062701020394,NWCL,55,37,82.0,856.0,70192.0,2024-06-27
2024062704009565,PMHPL,32,22,170.0,224.1,38097.0,2024-06-27
2024062704009564,PMHPL,57,22,40.0,224.2,8968.0,2024-06-27
2024062705005668,NTC,22,54,25.0,811.0,20275.0,2024-06-27
2024062703013500,HLBSL,82,66,100.0,1288.1,128810.0,2024-06-27
2024062703013499,HLBSL,41,66,10.0,1288.4,12884.0,2024-06-27
2024062703013498,HLBSL,17,66,180.0,1288.4,231912.0,2024-06-27
2024062703013497,HLBSL,69,66,610.0,1288.5,785985.0,2024-06-27
2024062703013496,HLBSL,62,66,100.0,1288.6,128860.0,2024-06-27
2024062705005667,HRL,41,25,10.0,552.0,5520.0,2024-06-27
2024062703013495,SDLBSL,39,58,20.0,1140.0,22800.0,2024-06-27
2024062703013494,SDLBSL,58,58,109.0,1140.1,124270.9,2024-06-27
2024062705005666,NRN,20,28,700.0,664.0,464800.0,2024-06-27
2024062705005665,NRN,20,5,300.0,664.0,199200.0,2024-06-27
2024062701020393,VLUCL,22,13,34.0,505.0,17170.0,2024-06-27
2024062701020392,VLUCL,52,13,200.0,505.0,101000.0,2024-06-27
2024062701020391,VLUCL,59,13,200.0,506.2,101240.0,2024-06-27
2024062701020390,VLUCL,34,13,100.0,506.3,50630.0,2024-06-27
2024062701020389,VLUCL,58,13,30.0,507.0,15210.0,2024-06-27
2024062701020388,VLUCL,22,13,50.0,507.0,25350.0,2024-06-27
2024062701020387,VLUCL,58,13,80.0,507.0,40560.0,2024-06-27
2024062701020386,VLUCL,45,13,600.0,507.0,304200.0,2024-06-27
2024062701020385,VLUCL,58,13,20.0,507.0,10140.0,2024-06-27
2024062701020384,VLUCL,58,13,500.0,507.1,253550.0,2024-06-27
2024062701020383,VLUCL,22,13,50.0,507.2,25360.0,2024-06-27
2024062701020382,VLUCL,11,13,100.0,507.2,50720.0,2024-06-27
2024062701020381,VLUCL,3,13,200.0,507.3,101460.0,2024-06-27
2024062701020380,VLUCL,77,13,990.0,508.0,502920.0,2024-06-27
2024062701020379,VLUCL,45,13,166.0,508.1,84344.6,2024-06-27
2024062701020378,BNHC,34,38,170.0,640.0,108800.0,2024-06-27
2024062701020377,PPL,58,45,35.0,455.1,15928.5,2024-06-27
2024062701020376,PPL,28,45,20.0,455.1,9102.0,2024-06-27
2024062703013493,USLB,96,33,500.0,1829.0,914500.0,2024-06-27
2024062703013492,USLB,96,45,30.0,1829.0,54870.0,2024-06-27
2024062703013491,USLB,96,62,10.0,1828.9,18289.0,2024-06-27
2024062703013490,USLB,96,43,100.0,1820.0,182000.0,2024-06-27
2024062703013489,USLB,96,32,39.0,1820.0,70980.0,2024-06-27
2024062703013488,USLB,96,5,100.0,1800.0,180000.0,2024-06-27
2024062703013487,USLB,96,62,10.0,1800.0,18000.0,2024-06-27
2024062703013486,USLB,96,62,91.0,1800.0,163800.0,2024-06-27
2024062701020375,SBI,32,26,10.0,288.0,2880.0,2024-06-27
2024062703013485,PFL,38,60,58.0,622.0,36076.0,2024-06-27
2024062703013484,PFL,10,60,32.0,622.6,19923.2,2024-06-27
2024062703013483,PFL,35,60,200.0,622.6,124520.0,2024-06-27
2024062703013482,PFL,43,60,45.0,623.0,28035.0,2024-06-27
2024062704009563,UAIL,45,42,5.0,552.0,2760.0,2024-06-27
2024062704009562,UAIL,57,42,14.0,552.0,7728.0,2024-06-27
2024062705005664,HRL,41,41,49.0,552.0,27048.0,2024-06-27
2024062701020374,BHPL,8,14,50.0,644.0,32200.0,2024-06-27
2024062701020373,GVL,66,66,126.0,608.0,76608.0,2024-06-27
2024062701020372,GVL,66,35,10.0,608.0,6080.0,2024-06-27
2024062701020371,GVL,66,14,10.0,608.0,6080.0,2024-06-27
2024062701020370,GVL,66,57,10.0,607.5,6075.0,2024-06-27
2024062701020369,GVL,66,43,344.0,607.0,208808.0,2024-06-27
2024062703013481,ICFC,25,33,92.0,543.0,49956.0,2024-06-27
2024062701020368,MKCL,33,34,30.0,1186.0,35580.0,2024-06-27
2024062701020367,MKCL,33,14,252.0,1182.0,297864.0,2024-06-27
2024062705005663,NRIC,58,47,150.0,644.0,96600.0,2024-06-27
2024062705005662,NRIC,47,47,34.0,644.1,21899.4,2024-06-27
2024062701020366,RFPL,47,95,390.0,354.0,138060.0,2024-06-27
2024062701020365,RFPL,47,46,10.0,354.0,3540.0,2024-06-27
2024062704009561,MHNL,47,58,10.0,250.0,2500.0,2024-06-27
2024062705005661,HRL,35,42,70.0,553.0,38710.0,2024-06-27
2024062705005660,HRL,41,6,10.0,552.0,5520.0,2024-06-27
2024062705005659,HRL,41,42,106.0,553.0,58618.0,2024-06-27
2024062703013480,MFIL,34,66,100.0,531.0,53100.0,2024-06-27
2024062705005658,HRL,41,8,27.0,553.0,14931.0,2024-06-27
2024062705005657,HRL,41,25,20.0,552.9,11058.0,2024-06-27
2024062704009560,UPCL,57,34,100.0,187.9,18790.0,2024-06-27
2024062705005656,HRL,41,21,197.0,552.9,108921.3,2024-06-27
2024062705005655,HRL,41,43,10.0,552.8,5528.0,2024-06-27
2024062705005654,HRL,41,51,131.0,552.8,72416.8,2024-06-27
2024062705005653,HRL,41,29,259.0,552.5,143097.5,2024-06-27
2024062701020364,SONA,41,55,40.0,430.0,17200.0,2024-06-27
2024062703013479,JFL,21,44,200.0,585.0,117000.0,2024-06-27
2024062703013478,JFL,46,44,100.0,585.0,58500.0,2024-06-27
2024062703013477,JFL,28,44,75.0,585.0,43875.0,2024-06-27
2024062703013476,ACLBSL,35,17,10.0,1055.0,10550.0,2024-06-27
2024062703013475,ACLBSL,35,17,10.0,1055.0,10550.0,2024-06-27
2024062701020363,MKCL,33,11,165.0,1181.0,194865.0,2024-06-27
2024062701020362,MKCL,19,11,320.0,1181.0,377920.0,2024-06-27
2024062701020361,ILI,44,3,10.0,417.4,4174.0,2024-06-27
2024062701020360,SONA,22,55,10.0,430.0,4300.0,2024-06-27
2024062701020359,SONA,36,55,270.0,430.0,116100.0,2024-06-27
2024062701020358,CLI,14,67,90.0,475.0,42750.0,2024-06-27
2024062701020357,CLI,14,58,10.0,474.2,4742.0,2024-06-27
2024062705005652,HRL,66,29,241.0,552.5,133152.5,2024-06-27
2024062705005651,NRIC,47,49,15.0,644.1,9661.5,2024-06-27
2024062705005650,NRIC,81,49,20.0,644.2,12884.0,2024-06-27
2024062701020356,ILI,44,58,10.0,417.4,4174.0,2024-06-27
2024062701020355,RAWA,45,57,16.0,557.0,8912.0,2024-06-27
2024062703013474,NFS,69,57,100.0,929.7,92970.0,2024-06-27
2024062703013473,NFS,32,57,10.0,930.0,9300.0,2024-06-27
2024062701020354,RFPL,45,58,50.0,353.6,17680.0,2024-06-27
2024062703013472,PFL,43,58,55.0,623.0,34265.0,2024-06-27
2024062701020353,MKLB,55,58,30.0,1345.0,40350.0,2024-06-27
2024062703013471,JFL,28,91,114.0,585.0,66690.0,2024-06-27
2024062703013470,JFL,5,91,86.0,585.6,50361.6,2024-06-27
2024062703013469,HLI,54,34,10.0,371.5,3715.0,2024-06-27
2024062703013468,MFIL,38,66,100.0,531.0,53100.0,2024-06-27
2024062701020352,NESDO,62,29,10.0,2000.0,20000.0,2024-06-27
2024062701020351,MKHL,80,62,250.0,476.0,119000.0,2024-06-27
2024062701020350,HDL,42,58,100.0,1187.5,118750.0,2024-06-27
2024062701020349,HDL,42,34,50.0,1187.4,59370.0,2024-06-27
2024062701020348,SONA,36,42,230.0,430.0,98900.0,2024-06-27
2024062701020347,SONA,63,42,150.0,430.0,64500.0,2024-06-27
2024062701020346,SONA,41,42,100.0,430.0,43000.0,2024-06-27
2024062701020345,SONA,42,42,520.0,430.0,223600.0,2024-06-27
2024062701020344,NWCL,43,70,300.0,855.0,256500.0,2024-06-27
2024062703013467,GLBSL,54,70,50.0,1765.0,88250.0,2024-06-27
2024062703013466,GLBSL,43,70,25.0,1766.0,44150.0,2024-06-27
2024062701020343,MAKAR,42,42,70.0,450.0,31500.0,2024-06-27
2024062701020342,MKHL,80,35,24.0,476.0,11424.0,2024-06-27
2024062701020341,MKHL,19,35,26.0,476.0,12376.0,2024-06-27
2024062703013465,PROFL,53,35,50.0,405.0,20250.0,2024-06-27
2024062703013464,KMCDB,77,38,110.0,1074.0,118140.0,2024-06-27
2024062705005649,HRL,39,29,100.0,552.5,55250.0,2024-06-27
2024062701020340,PHCL,42,16,97.0,305.0,29585.0,2024-06-27
2024062701020339,PHCL,60,16,321.0,305.0,97905.0,2024-06-27
2024062701020338,PHCL,57,16,50.0,305.5,15275.0,2024-06-27
2024062701020337,PHCL,43,16,100.0,305.5,30550.0,2024-06-27
2024062704009559,RADHI,46,85,118.0,253.0,29854.0,2024-06-27
2024062701020336,MKCL,76,14,10.0,1182.0,11820.0,2024-06-27
2024062703013463,NMBMF,22,26,50.0,700.0,35000.0,2024-06-27
2024062703013462,SDLBSL,58,36,91.0,1140.1,103749.1,2024-06-27
2024062701020335,AHL,17,25,30.0,508.0,15240.0,2024-06-27
2024062703013461,SINDU,57,34,72.0,408.8,29433.6,2024-06-27
2024062703013460,SINDU,57,21,428.0,408.7,174923.6,2024-06-27
2024062701020334,MKCL,28,14,10.0,1182.0,11820.0,2024-06-27
2024062704009558,UPPER,38,6,35.0,154.5,5407.5,2024-06-27
2024062703013459,KMCDB,43,98,100.0,1070.7,107070.0,2024-06-27
2024062701020333,MLBS,43,67,50.0,1404.0,70200.0,2024-06-27
2024062703013458,SJLIC,7,32,100.0,399.9,39990.0,2024-06-27
2024062701020332,SANIMA,16,1,327.0,245.0,80115.0,2024-06-27
2024062703013457,JFL,5,56,500.0,585.6,292800.0,2024-06-27
2024062701020331,GCIL,16,42,100.0,467.0,46700.0,2024-06-27
2024062701020330,SMJC,35,67,669.0,401.0,268269.0,2024-06-27
2024062701020329,SMJC,35,5,331.0,401.0,132731.0,2024-06-27
2024062703013456,BFC,48,36,150.0,465.5,69825.0,2024-06-27
2024062701020328,SMHL,34,64,100.0,611.0,61100.0,2024-06-27
2024062701020327,GBIME,41,50,255.0,173.4,44217.0,2024-06-27
2024062703013455,SDLBSL,58,16,100.0,1140.1,114010.0,2024-06-27
2024062703013454,PFL,43,38,400.0,623.0,249200.0,2024-06-27
2024062701020326,SONA,42,43,480.0,430.0,206400.0,2024-06-27
2024062701020325,SONA,17,43,90.0,430.0,38700.0,2024-06-27
2024062701020324,SONA,38,43,160.0,430.0,68800.0,2024-06-27
2024062701020323,KDL,55,28,166.0,1174.0,194884.0,2024-06-27
2024062701020322,KDL,55,57,10.0,1174.0,11740.0,2024-06-27
2024062701020321,KDL,55,28,200.0,1173.0,234600.0,2024-06-27
2024062701020320,KDL,55,58,10.0,1173.0,11730.0,2024-06-27
2024062701020319,KDL,55,28,200.0,1172.0,234400.0,2024-06-27
2024062701020318,KDL,55,70,70.0,1170.0,81900.0,2024-06-27
2024062701020317,KDL,55,57,10.0,1170.0,11700.0,2024-06-27
2024062701020316,KDL,55,28,200.0,1170.0,234000.0,2024-06-27
2024062701020315,KDL,55,64,100.0,1170.0,117000.0,2024-06-27
2024062701020314,KDL,55,20,200.0,1169.9,233980.0,2024-06-27
2024062701020313,KDL,55,69,10.0,1169.8,11698.0,2024-06-27
2024062701020312,KDL,55,69,10.0,1169.8,11698.0,2024-06-27
2024062701020311,KDL,55,69,30.0,1169.7,35091.0,2024-06-27
2024062701020310,KDL,55,45,10.0,1169.0,11690.0,2024-06-27
2024062701020309,KDL,55,54,20.0,1166.9,23338.0,2024-06-27
2024062701020308,KDL,55,58,594.0,1165.0,692010.0,2024-06-27
2024062701020307,KDL,55,48,100.0,1165.0,116500.0,2024-06-27
2024062701020306,KDL,55,22,10.0,1165.0,11650.0,2024-06-27
2024062701020305,KDL,55,59,30.0,1163.0,34890.0,2024-06-27
2024062701020304,KDL,55,32,10.0,1162.0,11620.0,2024-06-27
2024062701020303,KDL,55,32,10.0,1162.0,11620.0,2024-06-27
2024062701020302,TAMOR,86,55,128.0,397.5,50880.0,2024-06-27
2024062701020301,MEL,48,4,222.0,219.0,48618.0,2024-06-27
2024062701020300,MEL,7,4,100.0,219.0,21900.0,2024-06-27
2024062701020299,MEL,91,4,500.0,219.0,109500.0,2024-06-27
2024062701020298,MEL,16,4,300.0,219.0,65700.0,2024-06-27
2024062701020297,MEL,39,4,250.0,220.0,55000.0,2024-06-27
2024062701020296,MEL,29,4,128.0,220.0,28160.0,2024-06-27
2024062701020295,GCIL,16,36,11.0,467.0,5137.0,2024-06-27
2024062703013453,MNBBL,14,45,90.0,344.0,30960.0,2024-06-27
2024062703013452,MNBBL,14,58,27.0,344.0,9288.0,2024-06-27
2024062703013451,MNBBL,14,1,1000.0,343.9,343900.0,2024-06-27
2024062703013450,MNBBL,14,45,100.0,343.9,34390.0,2024-06-27
2024062703013449,MNBBL,14,54,500.0,343.8,171900.0,2024-06-27
2024062703013448,MNBBL,14,14,100.0,343.8,34380.0,2024-06-27
2024062703013447,MNBBL,14,16,11.0,343.0,3773.0,2024-06-27
2024062703013446,MNBBL,14,19,100.0,343.0,34300.0,2024-06-27
2024062703013445,MNBBL,14,32,200.0,343.0,68600.0,2024-06-27
2024062703013444,MNBBL,14,22,14.0,343.0,4802.0,2024-06-27
2024062703013443,MNBBL,14,40,300.0,343.0,102900.0,2024-06-27
2024062703013442,MNBBL,14,44,200.0,342.9,68580.0,2024-06-27
2024062703013441,MNBBL,14,57,107.0,342.0,36594.0,2024-06-27
2024062705005648,HRL,48,36,10.0,552.0,5520.0,2024-06-27
2024062701020294,RNLI,57,36,11.0,418.5,4603.5,2024-06-27
2024062705005647,HRL,40,33,49.0,552.0,27048.0,2024-06-27
2024062701020293,MKCL,19,57,10.0,1181.0,11810.0,2024-06-27
2024062703013440,SFCL,54,13,50.0,431.8,21590.0,2024-06-27
2024062701020292,GBIME,42,50,46.0,173.0,7958.0,2024-06-27
2024062701020291,GBIME,35,50,14.0,173.0,2422.0,2024-06-27
2024062701020290,GBIME,17,50,140.0,173.1,24234.0,2024-06-27
2024062701020289,GBIME,49,50,100.0,173.3,17330.0,2024-06-27
2024062703013439,SFCL,63,13,50.0,431.8,21590.0,2024-06-27
2024062703013438,SFCL,63,45,50.0,431.7,21585.0,2024-06-27
2024062703013437,SFCL,38,45,10.0,431.7,4317.0,2024-06-27
2024062701020288,GBIME,58,50,201.0,173.4,34853.4,2024-06-27
2024062705005646,NRN,71,57,200.0,663.0,132600.0,2024-06-27
2024062705005645,NRN,71,28,43.0,663.0,28509.0,2024-06-27
2024062703013436,PFL,35,57,300.0,622.6,186780.0,2024-06-27
2024062703013435,CBBL,29,34,40.0,825.0,33000.0,2024-06-27
2024062703013434,CBBL,57,34,10.0,825.0,8250.0,2024-06-27
2024062703013433,CBBL,8,34,50.0,825.0,41250.0,2024-06-27
2024062703013432,SLBSL,44,7,20.0,1225.0,24500.0,2024-06-27
2024062701020287,DLBS,45,17,30.0,1255.1,37653.0,2024-06-27
2024062701020286,RAWA,10,46,118.0,560.0,66080.0,2024-06-27
2024062701020285,RAWA,10,58,20.0,560.0,11200.0,2024-06-27
2024062701020284,RAWA,10,67,139.0,558.0,77562.0,2024-06-27
2024062701020283,MEL,16,38,10.0,222.5,2225.0,2024-06-27
2024062701020282,MEL,16,63,380.0,222.0,84360.0,2024-06-27
2024062701020281,MEL,16,11,10.0,222.0,2220.0,2024-06-27
2024062701020280,MEL,16,34,10.0,222.0,2220.0,2024-06-27
2024062701020279,MEL,16,41,10.0,222.0,2220.0,2024-06-27
2024062701020278,MEL,16,56,10.0,222.0,2220.0,2024-06-27
2024062701020277,MEL,16,57,10.0,222.0,2220.0,2024-06-27
2024062701020276,MEL,16,53,10.0,222.0,2220.0,2024-06-27
2024062701020275,MEL,16,65,500.0,221.0,110500.0,2024-06-27
2024062701020274,MEL,16,58,50.0,220.5,11025.0,2024-06-27
2024062704009557,MEN,59,55,50.0,580.6,29030.0,2024-06-27
2024062703013431,WNLB,57,5,30.0,1444.1,43323.0,2024-06-27
2024062701020273,NRM,59,28,647.0,381.0,246507.0,2024-06-27
2024062701020272,NRM,39,28,30.0,381.0,11430.0,2024-06-27
2024062701020271,NRM,57,28,20.0,381.0,7620.0,2024-06-27
2024062701020270,NRM,34,28,500.0,381.0,190500.0,2024-06-27
2024062701020269,NRM,4,28,18.0,381.0,6858.0,2024-06-27
2024062703013430,NFS,17,28,400.0,929.7,371880.0,2024-06-27
2024062703013429,SJLIC,50,45,100.0,400.0,40000.0,2024-06-27
2024062701020268,SIKLES,63,45,10.0,717.0,7170.0,2024-06-27
2024062701020267,SIKLES,63,39,20.0,717.0,14340.0,2024-06-27
2024062701020266,IHL,55,38,10.0,426.3,4263.0,2024-06-27
2024062703013428,GFCL,35,58,90.0,600.0,54000.0,2024-06-27
2024062703013427,GFCL,26,58,10.0,600.0,6000.0,2024-06-27
2024062701020265,AVYAN,45,45,490.0,936.9,459081.0,2024-06-27
2024062701020264,AVYAN,45,16,10.0,935.0,9350.0,2024-06-27
2024062704009556,DHPL,42,45,226.0,200.0,45200.0,2024-06-27
2024062704009555,DHPL,51,45,500.0,200.1,100050.0,2024-06-27
2024062704009554,DHPL,54,45,160.0,200.1,32016.0,2024-06-27
2024062703013426,MDB,39,19,38.0,498.1,18927.8,2024-06-27
2024062703013425,MDB,6,19,60.0,498.2,29892.0,2024-06-27
2024062705005644,NRN,77,28,157.0,663.0,104091.0,2024-06-27
2024062701020263,SHLB,42,35,20.0,1735.0,34700.0,2024-06-27
2024062701020262,BHPL,6,14,200.0,644.0,128800.0,2024-06-27
2024062704009553,UPPER,48,6,100.0,154.5,15450.0,2024-06-27
2024062704009552,UPPER,39,6,100.0,154.5,15450.0,2024-06-27
2024062704009551,UPPER,41,6,23.0,154.5,3553.5,2024-06-27
2024062704009550,UPPER,19,6,250.0,154.6,38650.0,2024-06-27
2024062704009549,NLG,52,48,71.0,742.1,52689.1,2024-06-27
2024062704009548,NLG,25,48,96.0,742.1,71241.6,2024-06-27
2024062704009547,NLG,41,48,100.0,742.2,74220.0,2024-06-27
2024062704009546,NLG,5,48,33.0,742.3,24495.9,2024-06-27
2024062703013424,NLICL,46,26,10.0,531.6,5316.0,2024-06-27
2024062701020261,USHEC,8,26,10.0,462.0,4620.0,2024-06-27
2024062701020260,AHL,38,43,577.0,505.0,291385.0,2024-06-27
2024062701020259,AHL,35,43,200.0,505.0,101000.0,2024-06-27
2024062701020258,AHL,70,43,50.0,505.0,25250.0,2024-06-27
2024062701020257,AHL,32,43,500.0,505.1,252550.0,2024-06-27
2024062701020256,AHL,42,43,200.0,505.1,101020.0,2024-06-27
2024062701020255,AHL,41,43,100.0,505.3,50530.0,2024-06-27
2024062701020254,AHL,94,43,373.0,507.0,189111.0,2024-06-27
2024062701020253,LSL,22,28,10.0,151.0,1510.0,2024-06-27
2024062703013423,MNBBL,22,57,13.0,342.0,4446.0,2024-06-27
2024062703013422,MNBBL,22,36,31.0,342.0,10602.0,2024-06-27
2024062701020252,NYADI,57,33,50.0,319.5,15975.0,2024-06-27
2024062701020251,SBI,14,21,251.0,287.0,72037.0,2024-06-27
2024062704009545,UPCL,57,33,213.0,187.9,40022.7,2024-06-27
2024062704009544,UPCL,57,18,160.0,187.5,30000.0,2024-06-27
2024062701020250,UHEWA,32,57,58.0,461.0,26738.0,2024-06-27
2024062701020249,UHEWA,63,57,100.0,461.4,46140.0,2024-06-27
2024062701020248,UHEWA,58,57,100.0,461.4,46140.0,2024-06-27
2024062701020247,UHEWA,63,57,42.0,461.5,19383.0,2024-06-27
2024062701020246,MEHL,55,57,100.0,343.1,34310.0,2024-06-27
2024062705005643,HRL,40,57,41.0,552.0,22632.0,2024-06-27
2024062704009543,SPDL,19,45,20.0,235.5,4710.0,2024-06-27
2024062704009542,SPDL,14,45,10.0,235.5,2355.0,2024-06-27
2024062705005642,CHDC,32,46,10.0,1001.0,10010.0,2024-06-27
2024062703013421,MSLB,42,14,50.0,1338.0,66900.0,2024-06-27
2024062703013420,MFIL,39,66,54.0,531.0,28674.0,2024-06-27
2024062703013419,MFIL,39,57,146.0,531.0,77526.0,2024-06-27
2024062704009541,GHL,58,39,935.0,147.1,137538.5,2024-06-27
2024062704009540,GHL,49,39,65.0,147.2,9568.0,2024-06-27
2024062701020245,TVCL,41,34,60.0,493.0,29580.0,2024-06-27
2024062701020244,TVCL,49,34,190.0,493.0,93670.0,2024-06-27
2024062704009539,AKPL,34,42,200.0,159.9,31980.0,2024-06-27
2024062703013418,SIFC,84,41,500.0,456.0,228000.0,2024-06-27
2024062701020243,NIBLGF,57,17,1900.0,8.23,15637.0,2024-06-27
2024062705005641,NRN,16,28,100.0,663.0,66300.0,2024-06-27
2024062701020242,HHL,8,14,85.0,363.0,30855.0,2024-06-27
2024062701020241,HHL,42,14,20.0,363.0,7260.0,2024-06-27
2024062701020240,HHL,48,14,100.0,363.1,36310.0,2024-06-27
2024062701020239,HHL,49,14,200.0,363.1,72620.0,2024-06-27
2024062701020238,HHL,55,14,20.0,363.5,7270.0,2024-06-27
2024062701020237,HHL,46,14,25.0,363.6,9090.0,2024-06-27
2024062701020236,HHL,32,14,200.0,363.8,72760.0,2024-06-27
2024062701020235,HHL,50,14,40.0,363.8,14552.0,2024-06-27
2024062701020234,HHL,90,14,50.0,364.0,18200.0,2024-06-27
2024062701020233,HHL,90,14,30.0,364.0,10920.0,2024-06-27
2024062701020232,SGHC,49,56,100.0,337.0,33700.0,2024-06-27
2024062703013417,MLBL,44,49,50.0,316.7,15835.0,2024-06-27
2024062705005640,HRL,40,49,10.0,552.0,5520.0,2024-06-27
2024062704009538,HEI,38,25,200.0,573.1,114620.0,2024-06-27
2024062701020231,TVCL,49,33,50.0,493.0,24650.0,2024-06-27
2024062703013416,JBBL,57,35,28.0,283.0,7924.0,2024-06-27
2024062704009537,UMRH,74,13,990.0,435.5,431145.0,2024-06-27
2024062704009536,UMRH,58,13,10.0,435.5,4355.0,2024-06-27
2024062704009535,UPPER,19,45,50.0,154.6,7730.0,2024-06-27
2024062703013415,SFCL,56,45,385.0,431.6,166166.0,2024-06-27
2024062703013414,SFCL,65,45,65.0,431.7,28060.5,2024-06-27
2024062704009534,NGPL,58,51,50.0,305.0,15250.0,2024-06-27
2024062704009533,NGPL,58,39,200.0,305.0,61000.0,2024-06-27
2024062703013413,PMLI,4,58,27.0,486.4,13132.8,2024-06-27
2024062703013412,SABSL,1,45,49.0,1011.9,49583.1,2024-06-27
2024062704009532,HPPL,42,36,50.0,305.2,15260.0,2024-06-27
2024062705005639,NTC,42,54,10.0,811.0,8110.0,2024-06-27
2024062703013411,BFC,54,34,267.0,465.1,124181.7,2024-06-27
2024062705005638,HRL,40,34,20.0,552.0,11040.0,2024-06-27
2024062704009531,SPIL,44,45,10.0,775.0,7750.0,2024-06-27
2024062704009530,SPIL,44,3,60.0,774.0,46440.0,2024-06-27
2024062704009529,SPIL,44,25,50.0,774.0,38700.0,2024-06-27
2024062703013410,GUFL,36,52,100.0,710.3,71030.0,2024-06-27
2024062703013409,GUFL,41,4,20.0,711.0,14220.0,2024-06-27
2024062703013408,NMLBBL,41,14,13.0,667.4,8676.2,2024-06-27
2024062703013407,MERO,11,56,10.0,683.0,6830.0,2024-06-27
2024062703013406,CORBL,84,43,40.0,522.1,20884.0,2024-06-27
2024062703013405,JFL,28,55,11.0,585.0,6435.0,2024-06-27
2024062703013404,JFL,42,55,60.0,585.0,35100.0,2024-06-27
2024062703013403,JFL,85,55,294.0,585.0,171990.0,2024-06-27
2024062704009528,RURU,57,34,30.0,619.0,18570.0,2024-06-27
2024062704009527,RURU,57,89,100.0,618.8,61880.0,2024-06-27
2024062703013402,HLI,50,28,10.0,370.2,3702.0,2024-06-27
2024062704009526,UMRH,45,35,165.0,437.5,72187.5,2024-06-27
2024062704009525,UMRH,45,3,400.0,437.5,175000.0,2024-06-27
2024062704009524,UMRH,45,35,100.0,437.5,43750.0,2024-06-27
2024062704009523,UMRH,45,57,100.0,437.4,43740.0,2024-06-27
2024062704009522,UMRH,45,58,400.0,437.0,174800.0,2024-06-27
2024062704009521,UMRH,45,40,335.0,436.0,146060.0,2024-06-27
2024062701020230,NABIL,25,45,99.0,456.0,45144.0,2024-06-27
2024062705005637,HRL,40,58,20.0,552.0,11040.0,2024-06-27
2024062701020229,UHEWA,63,38,358.0,461.5,165217.0,2024-06-27
2024062701020228,UHEWA,59,38,10.0,461.5,4615.0,2024-06-27
2024062701020227,UHEWA,52,38,32.0,461.5,14768.0,2024-06-27
2024062703013401,MLBSL,58,32,23.0,1910.0,43930.0,2024-06-27
2024062704009520,UMRH,74,40,100.0,436.0,43600.0,2024-06-27
2024062701020226,NWCL,43,48,19.0,855.0,16245.0,2024-06-27
2024062701020225,NWCL,45,48,60.0,855.0,51300.0,2024-06-27
2024062701020224,NWCL,39,48,10.0,855.0,8550.0,2024-06-27
2024062701020223,NWCL,65,48,405.0,855.0,346275.0,2024-06-27
2024062701020222,MKHL,39,47,100.0,477.9,47790.0,2024-06-27
2024062703013400,NFS,17,46,100.0,929.7,92970.0,2024-06-27
2024062703013399,JFL,85,4,10.0,585.0,5850.0,2024-06-27
2024062701020221,HATHY,33,4,128.0,920.0,117760.0,2024-06-27
2024062703013398,SJLIC,55,45,67.0,400.0,26800.0,2024-06-27
2024062703013397,MFIL,16,8,437.0,530.2,231697.4,2024-06-27
2024062703013396,MFIL,58,8,70.0,530.2,37114.0,2024-06-27
2024062703013395,MFIL,32,8,333.0,530.3,176589.9,2024-06-27
2024062703013394,MFIL,36,8,100.0,530.5,53050.0,2024-06-27
2024062703013393,MFIL,52,8,10.0,530.6,5306.0,2024-06-27
2024062701020220,CKHL,14,59,160.0,611.9,97904.0,2024-06-27
2024062701020219,CKHL,14,7,150.0,611.8,91770.0,2024-06-27
2024062701020218,CKHL,14,59,10.0,611.8,6118.0,2024-06-27
2024062701020217,CKHL,14,59,10.0,610.0,6100.0,2024-06-27
2024062701020216,CKHL,14,42,10.0,610.0,6100.0,2024-06-27
2024062701020215,CKHL,14,57,10.0,610.0,6100.0,2024-06-27
2024062701020214,CKHL,14,33,100.0,609.0,60900.0,2024-06-27
2024062701020213,CKHL,14,29,50.0,608.0,30400.0,2024-06-27
2024062703013392,GUFL,22,4,20.0,711.0,14220.0,2024-06-27
2024062703013391,GUFL,22,34,10.0,711.0,7110.0,2024-06-27
2024062705005636,KDBY,18,4,100.0,9.36,936.0,2024-06-27
2024062705005635,KDBY,18,58,100.0,9.2,920.0,2024-06-27
2024062705005634,HRL,40,36,20.0,552.0,11040.0,2024-06-27
2024062701020212,BNHC,28,33,10.0,639.0,6390.0,2024-06-27
2024062701020211,MAKAR,42,57,20.0,450.0,9000.0,2024-06-27
2024062701020210,MAKAR,42,87,300.0,450.0,135000.0,2024-06-27
2024062704009519,UNHPL,44,38,200.0,235.0,47000.0,2024-06-27
2024062701020209,CYCL,43,58,180.0,1475.1,265518.0,2024-06-27
2024062703013390,PFL,38,95,238.0,622.0,148036.0,2024-06-27
2024062703013389,PFL,35,95,12.0,622.0,7464.0,2024-06-27
2024062701020208,CLI,39,35,10.0,474.0,4740.0,2024-06-27
2024062701020207,SPC,49,52,10.0,554.0,5540.0,2024-06-27
2024062704009518,HDHPC,37,59,500.0,125.8,62900.0,2024-06-27
2024062704009517,HDHPC,34,59,24.0,125.8,3019.2,2024-06-27
2024062704009516,UPCL,58,4,41.0,187.2,7675.2,2024-06-27
2024062704009515,UPCL,14,4,903.0,187.2,169041.6,2024-06-27
2024062701020206,PRVU,28,14,100.0,138.5,13850.0,2024-06-27
2024062703013388,CFCL,49,56,60.0,455.0,27300.0,2024-06-27
2024062704009514,MEN,59,49,53.0,580.6,30771.8,2024-06-27
2024062703013387,GMFBS,62,57,38.0,1721.0,65398.0,2024-06-27
2024062703013386,GMFBS,62,57,12.0,1721.0,20652.0,2024-06-27
2024062704009513,MHNL,47,52,210.0,249.9,52479.0,2024-06-27
2024062704009512,MHNL,47,42,1000.0,249.9,249900.0,2024-06-27
2024062704009511,MHNL,47,42,100.0,245.8,24580.0,2024-06-27
2024062704009510,MHNL,47,34,110.0,245.3,26983.0,2024-06-27
2024062704009509,MHNL,47,11,100.0,245.0,24500.0,2024-06-27
2024062704009508,MHNL,47,44,40.0,243.0,9720.0,2024-06-27
2024062704009507,MHNL,47,32,200.0,243.0,48600.0,2024-06-27
2024062704009506,MHNL,47,14,50.0,242.8,12140.0,2024-06-27
2024062704009505,MHNL,47,26,100.0,242.8,24280.0,2024-06-27
2024062704009504,MHNL,47,58,253.0,242.7,61403.1,2024-06-27
2024062704009503,MHNL,47,48,1000.0,242.0,242000.0,2024-06-27
2024062704009502,MHNL,47,45,40.0,242.0,9680.0,2024-06-27
2024062704009501,MHNL,47,45,30.0,242.0,7260.0,2024-06-27
2024062704009500,MHNL,47,3,500.0,241.0,120500.0,2024-06-27
2024062704009499,MHNL,47,70,48.0,241.0,11568.0,2024-06-27
2024062704009498,MHNL,47,59,250.0,240.0,60000.0,2024-06-27
2024062704009497,MHNL,47,88,210.0,240.0,50400.0,2024-06-27
2024062701020205,SAHAS,13,47,300.0,505.6,151680.0,2024-06-27
2024062704009496,AKPL,89,42,10.0,159.9,1599.0,2024-06-27
2024062704009495,AKPL,42,42,501.0,159.9,80109.9,2024-06-27
2024062703013385,SJLIC,17,45,100.0,400.0,40000.0,2024-06-27
2024062705005633,NICFC,26,10,100.0,8.67,867.0,2024-06-27
2024062701020204,SMHL,60,69,158.0,610.0,96380.0,2024-06-27
2024062701020203,NRM,8,33,300.0,383.0,114900.0,2024-06-27
2024062701020202,KBSH,49,42,10.0,1515.0,15150.0,2024-06-27
2024062704009494,GHL,49,56,20.0,147.2,2944.0,2024-06-27
2024062701020201,HATHY,33,22,10.0,920.0,9200.0,2024-06-27
2024062701020200,HATHY,33,57,40.0,920.0,36800.0,2024-06-27
2024062701020199,HATHY,33,59,22.0,920.0,20240.0,2024-06-27
2024062704009493,UMRH,13,40,230.0,436.0,100280.0,2024-06-27
2024062703013384,GUFL,36,29,50.0,710.3,35515.0,2024-06-27
2024062704009492,RURU,37,89,100.0,618.8,61880.0,2024-06-27
2024062703013383,SDLBSL,39,58,30.0,1140.0,34200.0,2024-06-27
2024062703013382,SDLBSL,32,58,25.0,1140.0,28500.0,2024-06-27
2024062703013381,SDLBSL,22,58,20.0,1140.0,22800.0,2024-06-27
2024062703013380,SDLBSL,52,58,50.0,1141.0,57050.0,2024-06-27
2024062703013379,SDLBSL,4,58,75.0,1142.0,85650.0,2024-06-27
2024062705005632,NRN,11,58,32.0,662.2,21190.4,2024-06-27
2024062701020198,SMH,45,62,125.0,803.5,100437.5,2024-06-27
2024062701020197,SMH,4,62,50.0,803.6,40180.0,2024-06-27
2024062703013378,MLBBL,28,39,50.0,1408.0,70400.0,2024-06-27
2024062704009491,SGIC,58,6,50.0,521.0,26050.0,2024-06-27
2024062704009490,SGIC,38,6,1000.0,521.0,521000.0,2024-06-27
2024062704009489,SGIC,33,6,190.0,521.0,98990.0,2024-06-27
2024062704009488,SGIC,70,6,200.0,521.0,104200.0,2024-06-27
2024062704009487,SGIC,84,6,100.0,521.0,52100.0,2024-06-27
2024062704009486,SGIC,84,6,500.0,521.0,260500.0,2024-06-27
2024062704009485,SGIC,19,6,106.0,521.0,55226.0,2024-06-27
2024062704009484,SGIC,82,6,500.0,521.0,260500.0,2024-06-27
2024062704009483,SGIC,48,6,50.0,521.0,26050.0,2024-06-27
2024062704009482,SGIC,28,6,50.0,521.0,26050.0,2024-06-27
2024062704009481,SGIC,20,6,100.0,522.0,52200.0,2024-06-27
2024062704009480,SGIC,38,6,500.0,522.0,261000.0,2024-06-27
2024062704009479,SGIC,42,6,30.0,522.0,15660.0,2024-06-27
2024062704009478,SGIC,35,6,200.0,522.0,104400.0,2024-06-27
2024062704009477,SGIC,57,6,190.0,522.0,99180.0,2024-06-27
2024062704009476,SGIC,45,6,100.0,522.0,52200.0,2024-06-27
2024062704009475,SGIC,84,6,100.0,522.0,52200.0,2024-06-27
2024062704009474,SGIC,16,6,50.0,522.0,26100.0,2024-06-27
2024062704009473,SGIC,72,6,500.0,522.1,261050.0,2024-06-27
2024062704009472,SGIC,84,6,80.0,523.0,41840.0,2024-06-27
2024062703013377,GMFIL,39,44,79.0,440.0,34760.0,2024-06-27
2024062703013376,GMFIL,39,49,200.0,439.9,87980.0,2024-06-27
2024062703013375,GMFIL,39,34,101.0,439.9,44429.9,2024-06-27
2024062703013374,GMFIL,39,43,200.0,439.8,87960.0,2024-06-27
2024062703013373,GMFIL,39,5,200.0,438.0,87600.0,2024-06-27
2024062701020196,RNLI,57,39,11.0,418.5,4603.5,2024-06-27
2024062701020195,SHIVM,56,59,491.0,473.0,232243.0,2024-06-27
2024062703013372,MPFL,56,59,100.0,513.5,51350.0,2024-06-27
2024062703013371,MDB,51,48,10.0,500.0,5000.0,2024-06-27
2024062703013370,FMDBL,45,59,100.0,656.0,65600.0,2024-06-27
2024062703013369,SAPDBL,7,4,300.0,358.0,107400.0,2024-06-27
2024062703013368,PFL,35,8,85.0,622.0,52870.0,2024-06-27
2024062701020194,GVL,49,43,156.0,607.0,94692.0,2024-06-27
2024062701020193,GVL,49,19,100.0,606.0,60600.0,2024-06-27
2024062701020192,GVL,49,17,110.0,606.0,66660.0,2024-06-27
2024062701020191,GVL,49,58,10.0,606.0,6060.0,2024-06-27
2024062701020190,GVL,49,22,500.0,606.0,303000.0,2024-06-27
2024062701020189,GVL,49,17,50.0,605.0,30250.0,2024-06-27
2024062701020188,GVL,49,66,200.0,605.0,121000.0,2024-06-27
2024062701020187,GVL,49,5,10.0,605.0,6050.0,2024-06-27
2024062701020186,GVL,49,51,500.0,605.0,302500.0,2024-06-27
2024062701020185,GVL,49,51,364.0,605.0,220220.0,2024-06-27
2024062701020184,USHEC,49,42,10.0,464.0,4640.0,2024-06-27
2024062701020183,USHEC,49,49,10.0,463.0,4630.0,2024-06-27
2024062701020182,GVL,66,51,10.0,605.0,6050.0,2024-06-27
2024062704009471,SICL,58,54,130.0,681.5,88595.0,2024-06-27
2024062704009470,SICL,5,54,20.0,681.6,13632.0,2024-06-27
2024062701020181,TPC,13,45,36.0,534.1,19227.6,2024-06-27
2024062701020180,NRM,1,14,150.0,383.0,57450.0,2024-06-27
2024062701020179,SHIVM,56,58,87.0,473.0,41151.0,2024-06-27
2024062701020178,HDL,50,47,52.0,1186.0,61672.0,2024-06-27
2024062701020177,HDL,44,47,10.0,1186.0,11860.0,2024-06-27
2024062701020176,HDL,11,47,38.0,1187.0,45106.0,2024-06-27
2024062701020175,MKCL,19,42,40.0,1181.0,47240.0,2024-06-27
2024062705005631,NRIC,47,42,38.0,644.1,24475.8,2024-06-27
2024062703013367,GRDBL,21,42,10.0,440.1,4401.0,2024-06-27
2024062703013366,SLBSL,44,66,30.0,1225.0,36750.0,2024-06-27
2024062704009469,CHL,34,58,150.0,310.0,46500.0,2024-06-27
2024062703013365,GILB,45,52,60.0,1394.0,83640.0,2024-06-27
2024062703013364,GILB,62,52,10.0,1394.1,13941.0,2024-06-27
2024062703013363,GILB,14,52,50.0,1394.2,69710.0,2024-06-27
2024062704009468,AHPC,17,3,150.0,151.4,22710.0,2024-06-27
2024062703013362,JBBL,47,41,280.0,282.1,78988.0,2024-06-27
2024062703013361,JBBL,34,41,170.0,282.2,47974.0,2024-06-27
2024062701020174,BNHC,28,16,270.0,639.0,172530.0,2024-06-27
2024062701020173,BNHC,34,16,45.0,639.5,28777.5,2024-06-27
2024062704009467,UNHPL,44,16,730.0,235.0,171550.0,2024-06-27
2024062701020172,MBL,25,46,464.0,165.5,76792.0,2024-06-27
2024062703013360,MERO,4,56,10.0,683.0,6830.0,2024-06-27
2024062701020171,NRM,4,8,57.0,381.0,21717.0,2024-06-27
2024062701020170,NRM,45,8,10.0,381.0,3810.0,2024-06-27
2024062701020169,NRM,33,8,50.0,381.0,19050.0,2024-06-27
2024062701020168,NRM,22,8,100.0,381.0,38100.0,2024-06-27
2024062701020167,NRM,33,8,200.0,381.1,76220.0,2024-06-27
2024062701020166,NRM,26,8,100.0,381.1,38110.0,2024-06-27
2024062701020165,NRM,14,8,73.0,381.2,27827.6,2024-06-27
2024062701020164,NRM,51,8,20.0,382.0,7640.0,2024-06-27
2024062701020163,NRM,58,8,100.0,382.0,38200.0,2024-06-27
2024062701020162,NRM,45,8,10.0,382.0,3820.0,2024-06-27
2024062701020161,NRM,26,8,100.0,382.0,38200.0,2024-06-27
2024062701020160,NRM,52,8,250.0,382.5,95625.0,2024-06-27
2024062701020159,NRM,62,8,20.0,382.6,7652.0,2024-06-27
2024062701020158,SHIVM,56,49,59.0,473.0,27907.0,2024-06-27
2024062701020157,SHIVM,45,49,10.0,473.0,4730.0,2024-06-27
2024062701020156,SHIVM,51,49,272.0,473.0,128656.0,2024-06-27
2024062701020155,SHIVM,42,49,50.0,473.0,23650.0,2024-06-27
2024062701020154,SHIVM,42,49,1000.0,473.0,473000.0,2024-06-27
2024062701020153,SHIVM,34,49,109.0,473.0,51557.0,2024-06-27
2024062705005630,STC,54,3,10.0,4600.0,46000.0,2024-06-27
2024062704009466,SHPC,85,28,321.0,319.2,102463.2,2024-06-27
2024062701020152,TSHL,34,57,50.0,538.0,26900.0,2024-06-27
2024062701020151,TSHL,70,57,51.0,538.0,27438.0,2024-06-27
2024062701020150,AHL,94,57,27.0,507.0,13689.0,2024-06-27
2024062704009465,HDHPC,34,62,76.0,125.8,9560.8,2024-06-27
2024062704009464,HDHPC,25,62,174.0,125.8,21889.2,2024-06-27
2024062703013359,PFL,35,1,403.0,622.0,250666.0,2024-06-27
2024062703013358,PFL,44,1,10.0,622.0,6220.0,2024-06-27
2024062703013357,PFL,32,1,137.0,622.0,85214.0,2024-06-27
2024062703013356,NFS,58,26,10.0,930.0,9300.0,2024-06-27
2024062704009463,SSHL,88,7,200.0,175.3,35060.0,2024-06-27
2024062704009462,SSHL,39,7,500.0,175.5,87750.0,2024-06-27
2024062701020149,MANDU,59,17,148.0,1084.9,160565.2,2024-06-27
2024062701020148,MANDU,59,51,20.0,1083.0,21660.0,2024-06-27
2024062701020147,MANDU,59,53,180.0,1083.0,194940.0,2024-06-27
2024062701020146,NABIL,25,41,40.0,456.0,18240.0,2024-06-27
2024062703013355,GFCL,16,40,230.0,599.0,137770.0,2024-06-27
2024062703013354,GFCL,35,40,10.0,599.9,5999.0,2024-06-27
2024062705005629,CIT,36,57,10.0,2087.0,20870.0,2024-06-27
2024062703013353,SHINE,65,49,417.0,374.5,156166.5,2024-06-27
2024062703013352,SHINE,49,49,283.0,375.0,106125.0,2024-06-27
2024062703013351,PROFL,53,49,155.0,405.0,62775.0,2024-06-27
2024062701020145,TVCL,49,13,200.0,493.0,98600.0,2024-06-27
2024062704009461,UNHPL,44,57,500.0,235.0,117500.0,2024-06-27
2024062703013350,PFL,57,57,200.0,622.6,124520.0,2024-06-27
2024062703013349,MLBL,21,41,10.0,318.0,3180.0,2024-06-27
2024062701020144,MKHL,19,19,24.0,476.0,11424.0,2024-06-27
2024062705005628,ENL,45,58,10.0,988.0,9880.0,2024-06-27
2024062705005627,ENL,45,34,10.0,987.9,9879.0,2024-06-27
2024062705005626,ENL,45,44,40.0,985.0,39400.0,2024-06-27
2024062701020143,VLUCL,5,19,10.0,512.0,5120.0,2024-06-27
2024062701020142,USHEC,8,26,10.0,462.0,4620.0,2024-06-27
2024062701020141,DORDI,77,26,181.0,427.1,77305.1,2024-06-27
2024062703013348,GBLBS,43,16,20.0,762.0,15240.0,2024-06-27
2024062703013347,GBLBS,51,16,20.0,762.0,15240.0,2024-06-27
2024062703013346,GBLBS,51,16,20.0,762.1,15242.0,2024-06-27
