transaction,symbol,buyer,seller,quantity,rate,amount,date
2024092604019442,UPCL,22,44,10.0,242.0,2420.0,2024-09-26
2024092603013558,NFS,74,39,100.0,1258.9,125890.0,2024-09-26
2024092605013459,VLUCL,6,39,600.0,580.0,348000.0,2024-09-26
2024092605013458,VLUCL,57,39,30.0,580.0,17400.0,2024-09-26
2024092605013457,VLUCL,46,39,60.0,580.0,34800.0,2024-09-26
2024092605013456,VLUCL,58,39,50.0,580.6,29030.0,2024-09-26
2024092605013455,VLUCL,4,39,10.0,580.7,5807.0,2024-09-26
2024092605013454,VLUCL,17,39,200.0,580.7,116140.0,2024-09-26
2024092605013453,VLUCL,52,39,50.0,583.0,29150.0,2024-09-26
2024092605013452,SMATA,47,48,10.0,803.1,8031.0,2024-09-26
2024092605013451,SMATA,65,48,40.0,805.0,32200.0,2024-09-26
2024092601018799,SMH,16,29,10.0,1088.0,10880.0,2024-09-26
2024092603013557,SLBBL,100,54,389.0,966.4,375929.6,2024-09-26
2024092605013450,RNLI,37,58,23.0,471.2,10837.6,2024-09-26
2024092605013449,NRN,58,48,22.0,900.0,19800.0,2024-09-26
2024092605013448,NRN,58,32,500.0,899.0,449500.0,2024-09-26
2024092605013447,NRN,58,41,10.0,898.4,8984.0,2024-09-26
2024092605013446,NRN,58,7,100.0,897.9,89790.0,2024-09-26
2024092605013445,NRN,58,13,10.0,897.7,8977.0,2024-09-26
2024092605013444,NRN,58,43,10.0,896.0,8960.0,2024-09-26
2024092605013443,NRN,58,58,10.0,895.0,8950.0,2024-09-26
2024092605013442,NRN,58,47,100.0,895.0,89500.0,2024-09-26
2024092605013441,NRN,58,1,228.0,895.0,204060.0,2024-09-26
2024092605013440,NRN,58,13,10.0,894.5,8945.0,2024-09-26
2024092601018798,RHGCL,41,34,10.0,379.0,3790.0,2024-09-26
2024092601018797,SARBTM,17,59,30.0,711.0,21330.0,2024-09-26
2024092601018796,SARBTM,6,59,50.0,711.0,35550.0,2024-09-26
2024092601018795,SARBTM,21,59,20.0,711.0,14220.0,2024-09-26
2024092604019441,RIDI,16,36,399.0,219.0,87381.0,2024-09-26
2024092604019440,RIDI,84,36,50.0,219.0,10950.0,2024-09-26
2024092604019439,RIDI,57,36,51.0,219.0,11169.0,2024-09-26
2024092603013556,GFCL,58,21,10.0,811.0,8110.0,2024-09-26
2024092605013439,STC,44,39,20.0,5692.0,113840.0,2024-09-26
2024092605013438,STC,44,8,50.0,5691.0,284550.0,2024-09-26
2024092605013437,STC,44,57,10.0,5600.0,56000.0,2024-09-26
2024092605013436,STC,44,49,50.0,5600.0,280000.0,2024-09-26
2024092605013435,STC,44,29,50.0,5600.0,280000.0,2024-09-26
2024092605013434,STC,44,57,10.0,5599.9,55999.0,2024-09-26
2024092605013433,STC,44,39,10.0,5599.0,55990.0,2024-09-26
2024092604019438,NLG,6,44,370.0,1315.0,486550.0,2024-09-26
2024092601018794,SBL,50,50,16.0,326.0,5216.0,2024-09-26
2024092601018793,SBL,50,58,54.0,326.0,17604.0,2024-09-26
2024092601018792,SBL,50,34,150.0,325.9,48885.0,2024-09-26
2024092604019437,UMRH,10,36,45.0,429.0,19305.0,2024-09-26
2024092601018791,RAWA,57,98,10.0,710.1,7101.0,2024-09-26
2024092601018790,MKJC,25,55,45.0,419.0,18855.0,2024-09-26
2024092603013555,SAPDBL,49,57,294.0,501.2,147352.8,2024-09-26
2024092603013554,SAPDBL,57,57,50.0,501.2,25060.0,2024-09-26
2024092603013553,SAPDBL,71,57,1000.0,502.0,502000.0,2024-09-26
2024092603013552,SAPDBL,25,57,500.0,502.0,251000.0,2024-09-26
2024092603013551,SAPDBL,59,57,100.0,502.3,50230.0,2024-09-26
2024092603013550,SAPDBL,40,57,50.0,505.0,25250.0,2024-09-26
2024092603013549,SAPDBL,19,57,50.0,508.0,25400.0,2024-09-26
2024092603013548,SAPDBL,64,57,950.0,510.0,484500.0,2024-09-26
2024092603013547,SAPDBL,64,1,50.0,510.0,25500.0,2024-09-26
2024092603013546,MDB,65,49,10.0,607.9,6079.0,2024-09-26
2024092603013545,MDB,65,48,40.0,607.0,24280.0,2024-09-26
2024092604019436,RADHI,49,62,160.0,365.3,58448.0,2024-09-26
2024092605013432,GCIL,49,44,17.0,468.9,7971.3,2024-09-26
2024092605013431,GCIL,49,43,18.0,468.5,8433.0,2024-09-26
2024092603013544,CORBL,96,71,72.0,882.0,63504.0,2024-09-26
2024092603013543,CORBL,96,22,89.0,880.0,78320.0,2024-09-26
2024092603013542,CORBL,96,52,70.0,879.0,61530.0,2024-09-26
2024092603013541,CORBL,96,45,10.0,879.0,8790.0,2024-09-26
2024092603013540,CORBL,96,11,40.0,878.0,35120.0,2024-09-26
2024092603013539,CORBL,96,56,20.0,878.0,17560.0,2024-09-26
2024092603013538,CORBL,96,48,200.0,877.0,175400.0,2024-09-26
2024092603013537,CORBL,96,14,10.0,851.7,8517.0,2024-09-26
2024092603013536,CORBL,96,29,10.0,851.7,8517.0,2024-09-26
2024092603013535,CORBL,96,28,79.0,851.0,67229.0,2024-09-26
2024092601018789,SPHL,57,20,10.0,678.2,6782.0,2024-09-26
2024092601018788,MAKAR,42,54,10.0,474.0,4740.0,2024-09-26
2024092601018787,MAKAR,42,59,10.0,469.0,4690.0,2024-09-26
2024092601018786,MAKAR,42,57,10.0,468.0,4680.0,2024-09-26
2024092601018785,MAKAR,42,49,10.0,465.0,4650.0,2024-09-26
2024092601018784,MAKAR,42,72,10.0,464.0,4640.0,2024-09-26
2024092601018783,MAKAR,42,34,10.0,463.4,4634.0,2024-09-26
2024092604019435,JOSHI,42,34,10.0,285.0,2850.0,2024-09-26
2024092603013534,SLBBL,34,34,10.0,997.0,9970.0,2024-09-26
2024092601018782,AVYAN,29,34,377.0,858.0,323466.0,2024-09-26
2024092601018781,AVYAN,38,34,20.0,860.0,17200.0,2024-09-26
2024092601018780,AVYAN,58,34,10.0,860.0,8600.0,2024-09-26
2024092601018779,AVYAN,21,34,10.0,863.0,8630.0,2024-09-26
2024092601018778,AVYAN,38,34,83.0,863.0,71629.0,2024-09-26
2024092603013533,MERO,32,37,63.0,707.5,44572.5,2024-09-26
2024092603013532,MERO,22,37,50.0,707.6,35380.0,2024-09-26
2024092603013531,SFCL,45,40,10.0,520.0,5200.0,2024-09-26
2024092601018777,RFPL,92,41,400.0,530.0,212000.0,2024-09-26
2024092601018776,RFPL,92,53,400.0,530.0,212000.0,2024-09-26
2024092601018775,RFPL,92,4,10.0,530.0,5300.0,2024-09-26
2024092601018774,RFPL,92,21,10.0,530.0,5300.0,2024-09-26
2024092601018773,RFPL,92,45,10.0,529.9,5299.0,2024-09-26
2024092601018772,RFPL,92,45,10.0,529.0,5290.0,2024-09-26
2024092601018771,RFPL,92,46,300.0,528.5,158550.0,2024-09-26
2024092601018770,RFPL,92,57,10.0,528.5,5285.0,2024-09-26
2024092601018769,RFPL,92,60,350.0,528.5,184975.0,2024-09-26
2024092603013530,RLFL,45,55,300.0,521.9,156570.0,2024-09-26
2024092604019434,API,57,45,19.0,284.1,5397.9,2024-09-26
2024092601018768,BNHC,45,45,10.0,468.0,4680.0,2024-09-26
2024092601018767,BNHC,45,49,20.0,466.0,9320.0,2024-09-26
2024092605013430,GCIL,6,43,15.0,468.5,7027.5,2024-09-26
2024092605013429,GCIL,19,43,10.0,468.5,4685.0,2024-09-26
2024092605013428,GCIL,7,43,157.0,468.5,73554.5,2024-09-26
2024092601018766,UNLB,38,52,10.0,2640.0,26400.0,2024-09-26
2024092601018765,UNLB,38,33,15.0,2640.0,39600.0,2024-09-26
2024092601018764,UNLB,38,33,200.0,2640.0,528000.0,2024-09-26
2024092601018763,UNLB,38,22,10.0,2610.0,26100.0,2024-09-26
2024092601018762,UNLB,38,8,10.0,2600.0,26000.0,2024-09-26
2024092601018761,UNLB,38,14,10.0,2600.0,26000.0,2024-09-26
2024092601018760,UNLB,38,14,100.0,2599.0,259900.0,2024-09-26
2024092601018759,UNLB,38,45,19.0,2598.9,49379.1,2024-09-26
2024092601018758,UNLB,38,42,10.0,2570.0,25700.0,2024-09-26
2024092601018757,UNLB,38,57,50.0,2570.0,128500.0,2024-09-26
2024092601018756,UNLB,38,34,10.0,2570.0,25700.0,2024-09-26
2024092601018755,UNLB,38,49,10.0,2555.0,25550.0,2024-09-26
2024092601018754,UNLB,38,49,126.0,2550.0,321300.0,2024-09-26
2024092601018753,UNLB,38,25,300.0,2550.0,765000.0,2024-09-26
2024092601018752,UNLB,38,60,100.0,2535.0,253500.0,2024-09-26
2024092601018751,UNLB,38,3,20.0,2520.0,50400.0,2024-09-26
2024092605013427,VLUCL,38,13,608.0,588.0,357504.0,2024-09-26
2024092605013426,VLUCL,38,49,180.0,588.0,105840.0,2024-09-26
2024092605013425,VLUCL,38,35,412.0,587.0,241844.0,2024-09-26
2024092603013529,CFCL,34,35,20.0,506.2,10124.0,2024-09-26
2024092601018750,CYCL,77,41,190.0,1545.0,293550.0,2024-09-26
2024092601018749,CYCL,77,57,57.0,1536.0,87552.0,2024-09-26
2024092601018748,CYCL,77,32,23.0,1534.4,35291.2,2024-09-26
2024092601018747,CYCL,77,22,10.0,1533.3,15333.0,2024-09-26
2024092601018746,CYCL,77,41,10.0,1526.0,15260.0,2024-09-26
2024092601018745,CYCL,77,38,210.0,1524.9,320229.0,2024-09-26
2024092605013424,SMJC,38,34,10.0,545.0,5450.0,2024-09-26
2024092601018744,ADBL,38,41,38.0,357.0,13566.0,2024-09-26
2024092601018743,ADBL,38,34,12.0,357.0,4284.0,2024-09-26
2024092605013423,NRM,53,38,210.0,406.0,85260.0,2024-09-26
2024092605013422,NRM,16,38,50.0,407.0,20350.0,2024-09-26
2024092605013421,NRM,45,38,50.0,407.0,20350.0,2024-09-26
2024092605013420,NRM,35,38,100.0,407.8,40780.0,2024-09-26
2024092605013419,NRM,43,38,50.0,408.0,20400.0,2024-09-26
2024092605013418,NRM,7,38,100.0,408.0,40800.0,2024-09-26
2024092605013417,NRM,58,38,100.0,408.1,40810.0,2024-09-26
2024092605013416,NRM,53,38,20.0,410.0,8200.0,2024-09-26
2024092603013528,LBBL,52,39,10.0,446.0,4460.0,2024-09-26
2024092601018742,CZBIL,6,39,433.0,227.1,98334.3,2024-09-26
2024092601018741,CZBIL,7,39,20.0,227.2,4544.0,2024-09-26
2024092601018740,CZBIL,34,39,10.0,227.4,2274.0,2024-09-26
2024092601018739,CZBIL,22,39,27.0,227.4,6139.8,2024-09-26
2024092601018738,CZBIL,38,39,10.0,227.5,2275.0,2024-09-26
2024092601018737,CZBIL,59,39,1000.0,227.9,227900.0,2024-09-26
2024092604019433,OHL,67,50,100.0,920.0,92000.0,2024-09-26
2024092603013527,NABBC,90,19,10.0,544.0,5440.0,2024-09-26
2024092603013526,NFS,62,16,10.0,1259.0,12590.0,2024-09-26
2024092601018736,ANLB,62,58,10.0,5070.0,50700.0,2024-09-26
2024092601018735,HHL,70,58,50.0,449.0,22450.0,2024-09-26
2024092604019432,UMHL,72,21,10.0,288.0,2880.0,2024-09-26
2024092603013525,LBBL,72,39,10.0,446.0,4460.0,2024-09-26
2024092605013415,MEL,80,35,50.0,278.0,13900.0,2024-09-26
2024092603013524,ICFC,72,44,10.0,648.0,6480.0,2024-09-26
2024092603013523,KRBL,60,17,20.0,554.0,11080.0,2024-09-26
2024092601018734,IHL,48,63,20.0,476.0,9520.0,2024-09-26
2024092601018733,DORDI,34,58,910.0,396.0,360360.0,2024-09-26
2024092601018732,DORDI,32,58,500.0,396.0,198000.0,2024-09-26
2024092601018731,DORDI,57,58,400.0,396.0,158400.0,2024-09-26
2024092601018730,DORDI,7,58,50.0,398.0,19900.0,2024-09-26
2024092601018729,DORDI,34,58,25.0,400.0,10000.0,2024-09-26
2024092601018728,DORDI,57,58,500.0,400.0,200000.0,2024-09-26
2024092601018727,DORDI,38,58,50.0,400.0,20000.0,2024-09-26
2024092601018726,DORDI,34,58,10.0,403.8,4038.0,2024-09-26
2024092601018725,DORDI,49,58,1000.0,404.0,404000.0,2024-09-26
2024092601018724,DORDI,26,58,600.0,404.0,242400.0,2024-09-26
2024092601018723,DORDI,58,58,50.0,404.0,20200.0,2024-09-26
2024092601018722,DORDI,32,58,225.0,404.0,90900.0,2024-09-26
2024092601018721,DORDI,49,58,500.0,405.0,202500.0,2024-09-26
2024092601018720,DORDI,89,58,30.0,405.0,12150.0,2024-09-26
2024092601018719,DORDI,32,58,100.0,406.0,40600.0,2024-09-26
2024092601018718,DORDI,63,58,50.0,407.0,20350.0,2024-09-26
2024092604019431,SHEL,41,38,10.0,232.5,2325.0,2024-09-26
2024092601018717,RAWA,41,26,10.0,744.0,7440.0,2024-09-26
2024092604019430,UMHL,21,21,20.0,288.0,5760.0,2024-09-26
2024092604019429,UMHL,21,35,140.0,287.6,40264.0,2024-09-26
2024092601018716,BHDC,65,44,260.0,555.0,144300.0,2024-09-26
2024092601018715,BHDC,71,44,240.0,555.1,133224.0,2024-09-26
2024092603013522,NMFBS,36,44,64.0,1320.1,84486.4,2024-09-26
2024092603013521,NMFBS,43,44,26.0,1320.1,34322.6,2024-09-26
2024092603013520,NMFBS,19,44,10.0,1322.1,13221.0,2024-09-26
2024092603013519,GLBSL,14,51,57.0,1740.0,99180.0,2024-09-26
2024092603013518,GLBSL,14,57,10.0,1736.0,17360.0,2024-09-26
2024092603013517,GLBSL,14,22,13.0,1725.0,22425.0,2024-09-26
2024092603013516,GLBSL,14,56,20.0,1720.0,34400.0,2024-09-26
2024092605013414,NRM,14,11,10.0,430.0,4300.0,2024-09-26
2024092601018714,DOLTI,21,14,10.0,472.0,4720.0,2024-09-26
2024092604019428,UMHL,29,35,10.0,287.6,2876.0,2024-09-26
2024092601018713,TSHL,21,51,100.0,790.0,79000.0,2024-09-26
2024092604019427,HDHPC,58,58,1360.0,191.6,260576.0,2024-09-26
2024092604019426,HDHPC,39,58,140.0,191.9,26866.0,2024-09-26
2024092604019425,RADHI,16,58,160.0,365.1,58416.0,2024-09-26
2024092605013413,HATHY,81,50,50.0,1281.0,64050.0,2024-09-26
2024092605013412,HATHY,69,38,17.0,1288.0,21896.0,2024-09-26
2024092605013411,HATHY,69,4,15.0,1287.0,19305.0,2024-09-26
2024092605013410,HATHY,69,17,18.0,1285.0,23130.0,2024-09-26
2024092604019424,UPCL,26,17,100.0,241.2,24120.0,2024-09-26
2024092604019423,UPCL,57,17,1000.0,241.2,241200.0,2024-09-26
2024092604019422,UPCL,56,17,700.0,241.3,168910.0,2024-09-26
2024092604019421,UPCL,14,17,50.0,241.4,12070.0,2024-09-26
2024092604019420,UPCL,35,17,200.0,241.4,48280.0,2024-09-26
2024092604019419,UPCL,58,17,120.0,241.4,28968.0,2024-09-26
2024092603013515,NFS,74,25,1000.0,1258.9,1258900.0,2024-09-26
2024092601018712,MEHL,55,42,520.0,372.4,193648.0,2024-09-26
2024092601018711,MEHL,55,34,200.0,372.4,74480.0,2024-09-26
2024092601018710,MEHL,55,16,45.0,372.0,16740.0,2024-09-26
2024092601018709,MEHL,55,42,10.0,372.0,3720.0,2024-09-26
2024092601018708,MEHL,55,49,10.0,371.0,3710.0,2024-09-26
2024092601018707,MEHL,55,13,75.0,370.9,27817.5,2024-09-26
2024092601018706,MEHL,55,37,500.0,370.0,185000.0,2024-09-26
2024092601018705,MEHL,55,34,10.0,369.0,3690.0,2024-09-26
2024092601018704,MEHL,55,34,70.0,369.0,25830.0,2024-09-26
2024092601018703,MEHL,55,34,200.0,368.9,73780.0,2024-09-26
2024092601018702,MEHL,55,55,100.0,368.0,36800.0,2024-09-26
2024092601018701,MEHL,55,48,50.0,368.0,18400.0,2024-09-26
2024092601018700,MEHL,55,34,10.0,367.0,3670.0,2024-09-26
2024092601018699,MEHL,55,28,390.0,366.0,142740.0,2024-09-26
2024092601018698,MEHL,55,32,10.0,366.0,3660.0,2024-09-26
2024092601018697,MEHL,55,1,200.0,365.0,73000.0,2024-09-26
2024092601018696,MEHL,55,14,100.0,365.0,36500.0,2024-09-26
2024092603013514,JBBL,55,37,100.0,330.5,33050.0,2024-09-26
2024092603013513,LICN,3,28,100.0,2060.0,206000.0,2024-09-26
2024092601018695,SGHC,57,16,10.0,374.7,3747.0,2024-09-26
2024092604019418,NICL,1,49,10.0,977.7,9777.0,2024-09-26
2024092601018694,HHL,34,8,15.0,448.1,6721.5,2024-09-26
2024092601018693,MSHL,64,7,25.0,937.0,23425.0,2024-09-26
2024092601018692,MSHL,64,71,200.0,935.0,187000.0,2024-09-26
2024092601018691,MSHL,64,8,50.0,933.3,46665.0,2024-09-26
2024092601018690,MSHL,64,57,10.0,933.3,9333.0,2024-09-26
2024092601018689,MSHL,64,22,10.0,932.0,9320.0,2024-09-26
2024092601018688,MSHL,64,48,10.0,932.0,9320.0,2024-09-26
2024092601018687,MSHL,64,57,10.0,931.5,9315.0,2024-09-26
2024092601018686,MSHL,64,59,75.0,931.0,69825.0,2024-09-26
2024092601018685,MSHL,64,42,10.0,931.0,9310.0,2024-09-26
2024092601018684,MSHL,64,35,50.0,931.0,46550.0,2024-09-26
2024092601018683,MSHL,64,22,10.0,931.0,9310.0,2024-09-26
2024092601018682,MSHL,64,14,10.0,931.0,9310.0,2024-09-26
2024092601018681,MSHL,64,21,20.0,930.0,18600.0,2024-09-26
2024092601018680,MSHL,64,38,10.0,928.0,9280.0,2024-09-26
2024092601018679,MSHL,64,49,20.0,925.0,18500.0,2024-09-26
2024092601018678,MSHL,64,71,200.0,924.0,184800.0,2024-09-26
2024092601018677,MSHL,64,42,10.0,920.0,9200.0,2024-09-26
2024092601018676,MSHL,64,58,100.0,920.0,92000.0,2024-09-26
2024092601018675,MSHL,64,49,10.0,920.0,9200.0,2024-09-26
2024092601018674,MSHL,64,45,100.0,919.3,91930.0,2024-09-26
2024092601018673,MSHL,64,98,50.0,919.2,45960.0,2024-09-26
2024092601018672,MSHL,64,49,10.0,911.0,9110.0,2024-09-26
2024092603013512,WNLB,56,28,200.0,2900.0,580000.0,2024-09-26
2024092603013511,WNLB,56,21,14.0,2808.0,39312.0,2024-09-26
2024092603013510,WNLB,56,20,30.0,2774.4,83232.0,2024-09-26
2024092603013509,WNLB,56,34,11.0,2768.3,30451.3,2024-09-26
2024092603013508,WNLB,56,19,30.0,2768.2,83046.0,2024-09-26
2024092603013507,WNLB,56,58,20.0,2768.0,55360.0,2024-09-26
2024092603013506,WNLB,56,20,11.0,2768.0,30448.0,2024-09-26
2024092603013505,WNLB,56,29,24.0,2768.0,66432.0,2024-09-26
2024092603013504,WNLB,56,45,50.0,2768.0,138400.0,2024-09-26
2024092603013503,WNLB,56,71,10.0,2768.0,27680.0,2024-09-26
2024092603013502,WNLB,56,49,209.0,2765.0,577885.0,2024-09-26
2024092603013501,WNLB,56,6,30.0,2764.0,82920.0,2024-09-26
2024092603013500,WNLB,56,84,100.0,2755.0,275500.0,2024-09-26
2024092603013499,WNLB,56,48,100.0,2755.0,275500.0,2024-09-26
2024092603013498,WNLB,56,41,11.0,2755.0,30305.0,2024-09-26
2024092603013497,WNLB,56,22,10.0,2753.0,27530.0,2024-09-26
2024092603013496,WNLB,56,42,50.0,2752.0,137600.0,2024-09-26
2024092603013495,WNLB,56,49,10.0,2752.0,27520.0,2024-09-26
2024092603013494,WNLB,56,42,50.0,2750.0,137500.0,2024-09-26
2024092603013493,WNLB,56,88,28.0,2740.0,76720.0,2024-09-26
2024092603013492,WNLB,56,62,250.0,2734.0,683500.0,2024-09-26
2024092603013491,WNLB,56,64,50.0,2730.0,136500.0,2024-09-26
2024092603013490,WNLB,56,33,92.0,2729.0,251068.0,2024-09-26
2024092603013489,WNLB,56,28,50.0,2718.0,135900.0,2024-09-26
2024092603013488,WNLB,56,34,10.0,2718.0,27180.0,2024-09-26
2024092603013487,WNLB,56,45,10.0,2713.2,27132.0,2024-09-26
2024092603013486,WNLB,56,75,132.0,2708.0,357456.0,2024-09-26
2024092601018671,UNLB,54,66,50.0,2477.0,123850.0,2024-09-26
2024092601018670,UNLB,36,66,10.0,2477.1,24771.0,2024-09-26
2024092601018669,UNLB,4,66,10.0,2478.0,24780.0,2024-09-26
2024092601018668,UNLB,6,66,10.0,2478.2,24782.0,2024-09-26
2024092601018667,UNLB,57,66,20.0,2480.0,49600.0,2024-09-26
2024092601018666,BGWT,47,57,50.0,914.0,45700.0,2024-09-26
2024092601018665,BGWT,47,21,10.0,913.0,9130.0,2024-09-26
2024092601018664,BGWT,47,13,20.0,912.9,18258.0,2024-09-26
2024092601018663,BGWT,47,47,200.0,910.0,182000.0,2024-09-26
2024092601018662,BGWT,47,40,10.0,907.8,9078.0,2024-09-26
2024092601018661,BGWT,47,35,40.0,900.0,36000.0,2024-09-26
2024092601018660,BGWT,47,59,70.0,899.0,62930.0,2024-09-26
2024092601018659,BGWT,47,57,100.0,890.0,89000.0,2024-09-26
2024092601018658,NBL,5,37,60.0,264.0,15840.0,2024-09-26
2024092601018657,NBL,5,48,15.0,264.0,3960.0,2024-09-26
2024092604019417,TRH,42,49,40.0,1050.0,42000.0,2024-09-26
2024092601018656,HIDCLP,42,35,20.0,160.5,3210.0,2024-09-26
2024092601018655,TVCL,34,58,20.0,448.5,8970.0,2024-09-26
2024092601018654,TVCL,34,36,177.0,446.5,79030.5,2024-09-26
2024092601018653,RFPL,92,60,90.0,528.5,47565.0,2024-09-26
2024092601018652,RFPL,92,58,10.0,528.0,5280.0,2024-09-26
2024092601018651,RFPL,92,45,10.0,528.0,5280.0,2024-09-26
2024092601018650,RFPL,92,49,10.0,525.0,5250.0,2024-09-26
2024092601018649,RFPL,92,49,500.0,525.0,262500.0,2024-09-26
2024092601018648,RFPL,92,28,70.0,524.9,36743.0,2024-09-26
2024092601018647,RFPL,92,36,10.0,524.7,5247.0,2024-09-26
2024092601018646,RFPL,92,5,200.0,524.7,104940.0,2024-09-26
2024092601018645,RFPL,92,32,100.0,524.0,52400.0,2024-09-26
2024092601018644,NABIL,45,38,25.0,550.0,13750.0,2024-09-26
2024092601018643,NABIL,45,38,21.0,550.0,11550.0,2024-09-26
2024092603013485,SINDU,88,34,95.0,573.0,54435.0,2024-09-26
2024092603013484,SINDU,88,56,50.0,569.0,28450.0,2024-09-26
2024092603013483,SINDU,88,1,855.0,568.0,485640.0,2024-09-26
2024092603013482,MATRI,45,21,54.0,1449.4,78267.6,2024-09-26
2024092603013481,MATRI,45,58,20.0,1449.0,28980.0,2024-09-26
2024092603013480,MATRI,45,46,110.0,1445.0,158950.0,2024-09-26
2024092603013479,MATRI,45,57,154.0,1445.0,222530.0,2024-09-26
2024092603013478,MATRI,45,16,40.0,1445.0,57800.0,2024-09-26
2024092603013477,MATRI,45,57,10.0,1444.0,14440.0,2024-09-26
2024092603013476,MATRI,45,57,12.0,1443.0,17316.0,2024-09-26
2024092603013475,SINDU,88,1,30.0,568.0,17040.0,2024-09-26
2024092601018642,NWCL,45,58,60.0,890.0,53400.0,2024-09-26
2024092605013409,NRIC,71,16,10.0,757.0,7570.0,2024-09-26
2024092601018641,RAWA,71,26,10.0,744.0,7440.0,2024-09-26
2024092604019416,UPCL,35,44,100.0,242.0,24200.0,2024-09-26
2024092604019415,SHPC,45,38,431.0,482.1,207785.1,2024-09-26
2024092604019414,SHPC,8,38,50.0,482.4,24120.0,2024-09-26
2024092604019413,SHPC,82,38,200.0,482.4,96480.0,2024-09-26
2024092604019412,SHPC,51,38,10.0,482.4,4824.0,2024-09-26
2024092604019411,SHPC,45,38,15.0,482.5,7237.5,2024-09-26
2024092604019410,SHPC,51,38,50.0,482.5,24125.0,2024-09-26
2024092604019409,SHPC,40,38,444.0,483.0,214452.0,2024-09-26
2024092601018640,MBL,39,38,634.0,237.0,150258.0,2024-09-26
2024092601018639,MBL,39,58,10.0,237.0,2370.0,2024-09-26
2024092601018638,MBL,39,67,200.0,237.0,47400.0,2024-09-26
2024092601018637,MBL,39,42,69.0,236.0,16284.0,2024-09-26
2024092601018636,MBL,39,14,500.0,235.1,117550.0,2024-09-26
2024092601018635,MBL,39,48,50.0,234.0,11700.0,2024-09-26
2024092601018634,MBL,39,44,11.0,234.0,2574.0,2024-09-26
2024092601018633,MBL,39,22,100.0,234.0,23400.0,2024-09-26
2024092601018632,MBL,39,14,400.0,233.0,93200.0,2024-09-26
2024092601018631,MBL,39,42,355.0,233.0,82715.0,2024-09-26
2024092601018630,MBL,39,44,300.0,232.9,69870.0,2024-09-26
2024092601018629,MBL,39,44,200.0,232.8,46560.0,2024-09-26
2024092601018628,MBL,39,44,300.0,232.5,69750.0,2024-09-26
2024092601018627,MBL,39,34,56.0,232.0,12992.0,2024-09-26
2024092601018626,MBL,39,57,10.0,232.0,2320.0,2024-09-26
2024092601018625,MBL,39,74,20.0,231.7,4634.0,2024-09-26
2024092601018624,MBL,39,13,1036.0,231.5,239834.0,2024-09-26
2024092601018623,MBL,39,34,249.0,231.0,57519.0,2024-09-26
2024092601018622,NWCL,62,58,30.0,890.0,26700.0,2024-09-26
2024092603013474,LBBL,46,39,12.0,446.0,5352.0,2024-09-26
2024092605013408,SAHAS,50,75,10.0,517.5,5175.0,2024-09-26
2024092603013473,NFS,74,61,250.0,1258.9,314725.0,2024-09-26
2024092601018621,RHGCL,16,34,50.0,379.0,18950.0,2024-09-26
2024092605013407,NBF2,25,54,1000.0,10.23,10230.0,2024-09-26
2024092601018620,HHL,54,58,10.0,449.0,4490.0,2024-09-26
2024092603013472,GFCL,72,52,10.0,830.0,8300.0,2024-09-26
2024092603013471,SMFBS,63,48,10.0,1480.0,14800.0,2024-09-26
2024092604019408,SHPC,63,22,500.0,483.9,241950.0,2024-09-26
2024092603013470,MLBL,22,18,30.0,375.1,11253.0,2024-09-26
2024092603013469,MLBL,52,18,440.0,375.2,165088.0,2024-09-26
2024092603013468,MLBL,6,18,10.0,375.3,3753.0,2024-09-26
2024092603013467,MLBL,58,18,20.0,375.3,7506.0,2024-09-26
2024092601018619,KBL,28,28,100.0,210.0,21000.0,2024-09-26
2024092604019407,CHCL,19,41,10.0,544.0,5440.0,2024-09-26
2024092601018618,TPC,44,42,180.0,434.9,78282.0,2024-09-26
2024092601018617,TPC,44,51,400.0,434.0,173600.0,2024-09-26
2024092601018616,TPC,44,43,100.0,433.5,43350.0,2024-09-26
2024092601018615,TPC,44,43,20.0,432.0,8640.0,2024-09-26
2024092603013466,SHINE,44,35,19.0,451.0,8569.0,2024-09-26
2024092605013406,PHCL,72,44,400.0,327.0,130800.0,2024-09-26
2024092604019406,OHL,17,50,20.0,930.0,18600.0,2024-09-26
2024092604019405,AHPC,57,98,60.0,255.0,15300.0,2024-09-26
2024092604019404,AHPC,56,98,20.0,255.0,5100.0,2024-09-26
2024092604019403,AHPC,41,98,200.0,255.0,51000.0,2024-09-26
2024092604019402,AHPC,28,98,100.0,255.0,25500.0,2024-09-26
2024092604019401,AHPC,44,98,10.0,255.0,2550.0,2024-09-26
2024092604019400,AHPC,29,98,500.0,255.3,127650.0,2024-09-26
2024092604019399,AHPC,64,98,500.0,255.3,127650.0,2024-09-26
2024092604019398,AHPC,36,98,10.0,255.4,2554.0,2024-09-26
2024092604019397,AHPC,41,98,200.0,255.5,51100.0,2024-09-26
2024092604019396,AHPC,84,98,1000.0,255.5,255500.0,2024-09-26
2024092604019395,AHPC,4,98,400.0,255.6,102240.0,2024-09-26
2024092603013465,SINDU,74,1,193.0,568.0,109624.0,2024-09-26
2024092603013464,SINDU,74,72,100.0,565.0,56500.0,2024-09-26
2024092603013463,SINDU,74,8,407.0,562.0,228734.0,2024-09-26
2024092601018614,RBCLPO,25,7,10.0,12420.6,124206.0,2024-09-26
2024092603013462,SLBBL,58,34,60.0,997.0,59820.0,2024-09-26
2024092603013461,SLBBL,58,8,40.0,996.0,39840.0,2024-09-26
2024092604019394,GHL,14,55,100.0,200.1,20010.0,2024-09-26
2024092604019393,SPIL,4,32,20.0,850.3,17006.0,2024-09-26
2024092601018613,IHL,32,35,327.0,481.0,157287.0,2024-09-26
2024092601018612,IHL,32,14,200.0,480.0,96000.0,2024-09-26
2024092604019392,SSHL,26,35,10.0,204.5,2045.0,2024-09-26
2024092601018611,TAMOR,52,58,10.0,456.0,4560.0,2024-09-26
2024092601018610,KDL,57,43,120.0,1000.0,120000.0,2024-09-26
2024092601018609,EBL,33,42,10.0,598.0,5980.0,2024-09-26
2024092604019391,SPDL,7,49,200.0,270.0,54000.0,2024-09-26
2024092603013460,NADEP,66,21,43.0,994.0,42742.0,2024-09-26
2024092603013459,NADEP,66,39,30.0,994.0,29820.0,2024-09-26
2024092603013458,NADEP,66,22,40.0,991.0,39640.0,2024-09-26
2024092603013457,NADEP,66,35,170.0,990.4,168368.0,2024-09-26
2024092603013456,NADEP,66,49,310.0,990.0,306900.0,2024-09-26
2024092603013455,NADEP,66,5,402.0,990.0,397980.0,2024-09-26
2024092603013454,NADEP,66,22,30.0,990.0,29700.0,2024-09-26
2024092603013453,NADEP,66,29,75.0,987.0,74025.0,2024-09-26
2024092601018608,BHPL,49,37,10.0,693.0,6930.0,2024-09-26
2024092601018607,BHPL,49,41,40.0,688.0,27520.0,2024-09-26
2024092603013452,NFS,74,19,10.0,1258.9,12589.0,2024-09-26
2024092601018606,SRLI,13,49,50.0,559.5,27975.0,2024-09-26
2024092601018605,SRLI,57,49,450.0,559.5,251775.0,2024-09-26
2024092601018604,SHLB,19,48,10.0,1840.0,18400.0,2024-09-26
2024092601018603,RAWA,40,26,176.0,744.0,130944.0,2024-09-26
2024092601018602,RAWA,40,3,500.0,744.0,372000.0,2024-09-26
2024092601018601,RAWA,40,8,100.0,740.0,74000.0,2024-09-26
2024092601018600,RAWA,40,72,344.0,740.0,254560.0,2024-09-26
2024092601018599,RAWA,40,60,70.0,739.0,51730.0,2024-09-26
2024092601018598,RAWA,40,49,20.0,738.9,14778.0,2024-09-26
2024092601018597,RAWA,40,17,190.0,730.0,138700.0,2024-09-26
2024092601018596,RAWA,40,57,100.0,726.0,72600.0,2024-09-26
2024092603013451,CORBL,49,28,71.0,851.0,60421.0,2024-09-26
2024092603013450,CORBL,49,20,100.0,850.0,85000.0,2024-09-26
2024092603013449,CORBL,49,77,29.0,842.0,24418.0,2024-09-26
2024092603013448,CORBL,49,77,100.0,840.0,84000.0,2024-09-26
2024092604019390,JOSHI,42,34,10.0,285.0,2850.0,2024-09-26
2024092605013405,HRL,60,37,50.0,761.4,38070.0,2024-09-26
2024092604019389,API,49,37,45.0,284.0,12780.0,2024-09-26
2024092604019388,API,34,37,100.0,284.0,28400.0,2024-09-26
2024092604019387,API,36,37,505.0,284.0,143420.0,2024-09-26
2024092604019386,API,13,37,50.0,284.2,14210.0,2024-09-26
2024092601018595,GVL,29,88,30.0,531.0,15930.0,2024-09-26
2024092601018594,GVL,36,88,30.0,531.0,15930.0,2024-09-26
2024092601018593,GVL,74,88,400.0,531.0,212400.0,2024-09-26
2024092601018592,GBIME,45,42,230.0,238.0,54740.0,2024-09-26
2024092601018591,GBIME,45,14,127.0,238.0,30226.0,2024-09-26
2024092601018590,GBIME,45,26,335.0,238.0,79730.0,2024-09-26
2024092603013447,SHINE,29,35,468.0,451.0,211068.0,2024-09-26
2024092603013446,SHINE,57,35,400.0,451.0,180400.0,2024-09-26
2024092603013445,NMLBBL,45,35,10.0,729.0,7290.0,2024-09-26
2024092603013444,NFS,22,16,50.0,1259.0,62950.0,2024-09-26
2024092603013443,NMBMF,38,10,28.0,663.0,18564.0,2024-09-26
2024092603013442,NMBMF,38,41,33.0,662.0,21846.0,2024-09-26
2024092603013441,NMBMF,38,25,20.0,660.5,13210.0,2024-09-26
2024092603013440,NMBMF,38,58,70.0,660.5,46235.0,2024-09-26
2024092603013439,NMBMF,38,49,149.0,660.0,98340.0,2024-09-26
2024092603013438,MDB,72,39,60.0,606.3,36378.0,2024-09-26
2024092603013437,MDB,49,39,20.0,606.4,12128.0,2024-09-26
2024092601018589,SPL,39,1,10.0,819.0,8190.0,2024-09-26
2024092601018588,ANLB,35,38,10.0,4950.1,49501.0,2024-09-26
2024092601018587,ANLB,10,38,10.0,4990.0,49900.0,2024-09-26
2024092603013436,JFL,19,38,140.0,521.0,72940.0,2024-09-26
2024092603013435,JFL,5,38,92.0,521.0,47932.0,2024-09-26
2024092603013434,GRDBL,20,4,119.0,659.0,78421.0,2024-09-26
2024092601018586,KBL,62,28,10.0,210.5,2105.0,2024-09-26
2024092601018585,KBL,28,62,500.0,210.0,105000.0,2024-09-26
2024092604019385,UPCL,48,44,10.0,242.0,2420.0,2024-09-26
2024092605013404,STC,8,48,20.0,5551.0,111020.0,2024-09-26
2024092605013403,STC,25,48,10.0,5558.0,55580.0,2024-09-26
2024092603013433,SHINE,46,53,10.0,452.9,4529.0,2024-09-26
2024092603013432,WNLB,28,75,68.0,2708.0,184144.0,2024-09-26
2024092603013431,WNLB,28,26,40.0,2700.0,108000.0,2024-09-26
2024092603013430,WNLB,28,56,11.0,2700.0,29700.0,2024-09-26
2024092603013429,WNLB,28,49,50.0,2697.0,134850.0,2024-09-26
2024092603013428,WNLB,28,42,50.0,2697.0,134850.0,2024-09-26
2024092603013427,WNLB,28,26,40.0,2694.0,107760.0,2024-09-26
2024092603013426,WNLB,28,14,11.0,2683.6,29519.6,2024-09-26
2024092603013425,WNLB,28,49,80.0,2683.6,214688.0,2024-09-26
2024092603013424,WNLB,28,49,50.0,2660.0,133000.0,2024-09-26
2024092601018584,MHCL,48,41,50.0,388.0,19400.0,2024-09-26
2024092605013402,SONA,1,68,285.0,432.1,123148.5,2024-09-26
2024092605013401,SONA,40,68,235.0,432.1,101543.5,2024-09-26
2024092603013423,PROFL,87,56,15.0,523.0,7845.0,2024-09-26
2024092603013422,GFCL,74,52,1728.0,830.0,1434240.0,2024-09-26
2024092603013421,GFCL,74,53,200.0,830.0,166000.0,2024-09-26
2024092603013420,GFCL,74,34,79.0,830.0,65570.0,2024-09-26
2024092603013419,GFCL,74,49,19.0,830.0,15770.0,2024-09-26
2024092603013418,GFCL,74,5,1500.0,829.9,1244850.0,2024-09-26
2024092603013417,GFCL,74,94,50.0,829.8,41490.0,2024-09-26
2024092603013416,GFCL,74,13,10.0,829.7,8297.0,2024-09-26
2024092603013415,GFCL,74,34,100.0,829.0,82900.0,2024-09-26
2024092603013414,GFCL,74,34,500.0,828.2,414100.0,2024-09-26
2024092603013413,GFCL,74,62,1305.0,827.0,1079235.0,2024-09-26
2024092603013412,GFCL,74,71,20.0,827.0,16540.0,2024-09-26
2024092603013411,GFCL,74,22,300.0,826.9,248070.0,2024-09-26
2024092603013410,GFCL,74,34,600.0,826.0,495600.0,2024-09-26
2024092603013409,GFCL,74,75,100.0,826.0,82600.0,2024-09-26
2024092603013408,GFCL,74,34,600.0,826.0,495600.0,2024-09-26
2024092603013407,GFCL,74,34,600.0,825.0,495000.0,2024-09-26
2024092603013406,GFCL,74,25,54.0,825.0,44550.0,2024-09-26
2024092603013405,GFCL,74,29,50.0,825.0,41250.0,2024-09-26
2024092603013404,GFCL,74,57,20.0,825.0,16500.0,2024-09-26
2024092603013403,GFCL,74,94,100.0,825.0,82500.0,2024-09-26
2024092603013402,GFCL,74,13,20.0,824.9,16498.0,2024-09-26
2024092603013401,GFCL,74,8,118.0,820.0,96760.0,2024-09-26
2024092603013400,GFCL,74,34,1000.0,820.0,820000.0,2024-09-26
2024092603013399,GFCL,74,17,50.0,820.0,41000.0,2024-09-26
2024092603013398,GFCL,74,17,10.0,820.0,8200.0,2024-09-26
2024092603013397,GFCL,74,26,256.0,820.0,209920.0,2024-09-26
2024092603013396,GFCL,74,3,12.0,820.0,9840.0,2024-09-26
2024092603013395,GFCL,74,21,100.0,819.3,81930.0,2024-09-26
2024092603013394,GFCL,74,49,30.0,818.0,24540.0,2024-09-26
2024092603013393,GFCL,74,42,30.0,818.0,24540.0,2024-09-26
2024092603013392,GFCL,74,13,10.0,817.7,8177.0,2024-09-26
2024092603013391,GFCL,74,49,20.0,817.0,16340.0,2024-09-26
2024092603013390,GFCL,74,55,60.0,817.0,49020.0,2024-09-26
2024092603013389,GFCL,74,21,20.0,817.0,16340.0,2024-09-26
2024092603013388,GFCL,74,34,19.0,815.0,15485.0,2024-09-26
2024092603013387,GFCL,74,1,30.0,814.0,24420.0,2024-09-26
2024092603013386,GFCL,74,57,190.0,812.0,154280.0,2024-09-26
2024092603013385,GFCL,74,6,90.0,811.9,73071.0,2024-09-26
2024092604019384,RADHI,52,32,1000.0,365.3,365300.0,2024-09-26
2024092601018583,SGHC,26,16,10.0,374.7,3747.0,2024-09-26
2024092605013400,SAEF,55,38,100.0,10.67,1067.0,2024-09-26
2024092601018582,SRLI,55,42,110.0,562.0,61820.0,2024-09-26
2024092604019383,UNHPL,58,26,179.0,247.3,44266.7,2024-09-26
2024092604019382,UNHPL,34,26,500.0,247.5,123750.0,2024-09-26
2024092604019381,UNHPL,48,26,150.0,248.0,37200.0,2024-09-26
2024092604019380,UNHPL,43,26,100.0,249.0,24900.0,2024-09-26
2024092604019379,UNHPL,42,26,100.0,249.0,24900.0,2024-09-26
2024092604019378,UNHPL,38,26,100.0,249.0,24900.0,2024-09-26
2024092604019377,UNHPL,6,26,10.0,249.0,2490.0,2024-09-26
2024092604019376,UNHPL,32,26,50.0,249.1,12455.0,2024-09-26
2024092604019375,UNHPL,42,26,311.0,249.9,77718.9,2024-09-26
2024092601018581,RHGCL,32,34,223.0,379.0,84517.0,2024-09-26
2024092601018580,RHGCL,32,34,250.0,378.9,94725.0,2024-09-26
2024092601018579,RHGCL,32,74,277.0,378.7,104899.9,2024-09-26
2024092601018578,RHGCL,32,44,250.0,378.2,94550.0,2024-09-26
2024092604019374,RHPL,22,6,200.0,359.1,71820.0,2024-09-26
2024092604019373,CHL,35,57,100.0,323.5,32350.0,2024-09-26
2024092601018577,MMKJL,58,58,160.0,515.0,82400.0,2024-09-26
2024092601018576,MMKJL,58,49,500.0,510.0,255000.0,2024-09-26
2024092601018575,MMKJL,58,45,340.0,495.0,168300.0,2024-09-26
2024092603013384,SLBBL,58,8,110.0,996.0,109560.0,2024-09-26
2024092603013383,SLBBL,58,58,100.0,995.0,99500.0,2024-09-26
2024092603013382,SLBBL,58,6,200.0,995.0,199000.0,2024-09-26
2024092603013381,SLBBL,58,34,10.0,994.9,9949.0,2024-09-26
2024092603013380,SLBBL,58,34,100.0,990.0,99000.0,2024-09-26
2024092603013379,SLBBL,58,65,10.0,987.0,9870.0,2024-09-26
2024092603013378,SLBBL,58,34,300.0,985.0,295500.0,2024-09-26
2024092603013377,SLBBL,58,34,100.0,985.0,98500.0,2024-09-26
2024092603013376,SLBBL,58,58,20.0,985.0,19700.0,2024-09-26
2024092603013375,SLBBL,58,65,50.0,983.0,49150.0,2024-09-26
2024092605013399,GCIL,77,58,10.0,468.7,4687.0,2024-09-26
2024092604019372,PMHPL,58,46,90.0,257.0,23130.0,2024-09-26
2024092604019371,PMHPL,58,34,590.0,253.0,149270.0,2024-09-26
2024092604019370,PMHPL,58,34,20.0,253.0,5060.0,2024-09-26
2024092601018574,LSL,19,58,492.0,232.0,114144.0,2024-09-26
2024092605013398,SAHAS,58,18,50.0,518.0,25900.0,2024-09-26
2024092604019369,MHNL,1,50,100.0,262.0,26200.0,2024-09-26
2024092604019368,NLG,6,8,10.0,1315.0,13150.0,2024-09-26
2024092601018573,NWCL,64,54,10.0,889.9,8899.0,2024-09-26
2024092601018572,NWCL,64,39,40.0,873.0,34920.0,2024-09-26
2024092601018571,SRLI,57,47,50.0,559.5,27975.0,2024-09-26
2024092601018570,SRLI,51,47,20.0,559.6,11192.0,2024-09-26
2024092601018569,SRLI,41,47,20.0,560.0,11200.0,2024-09-26
2024092601018568,SRLI,7,47,10.0,560.0,5600.0,2024-09-26
2024092603013374,MLBSL,5,49,10.0,1990.0,19900.0,2024-09-26
2024092604019367,SHPC,42,22,100.0,483.9,48390.0,2024-09-26
2024092601018567,SCB,34,63,10.0,680.0,6800.0,2024-09-26
2024092604019366,CHL,35,4,100.0,324.0,32400.0,2024-09-26
2024092604019365,TRH,45,49,10.0,1050.0,10500.0,2024-09-26
2024092603013373,SWMF,70,45,10.0,775.0,7750.0,2024-09-26
2024092605013397,SAHAS,50,67,30.0,517.5,15525.0,2024-09-26
2024092605013396,SAHAS,50,67,50.0,517.5,25875.0,2024-09-26
2024092605013395,SAHAS,38,67,120.0,517.5,62100.0,2024-09-26
2024092605013394,SAHAS,21,67,50.0,517.5,25875.0,2024-09-26
2024092605013393,SAHAS,43,67,300.0,517.6,155280.0,2024-09-26
2024092605013392,SAHAS,41,67,50.0,517.6,25880.0,2024-09-26
2024092604019364,TRH,22,49,10.0,1050.0,10500.0,2024-09-26
2024092605013391,NRN,58,13,10.0,893.9,8939.0,2024-09-26
2024092605013390,NRN,36,13,50.0,894.0,44700.0,2024-09-26
2024092605013389,NRN,48,13,40.0,894.0,35760.0,2024-09-26
2024092603013372,MNBBL,50,39,35.0,372.0,13020.0,2024-09-26
2024092603013371,NICLBSL,38,45,10.0,670.0,6700.0,2024-09-26
2024092603013370,SAPDBL,19,38,45.0,508.0,22860.0,2024-09-26
2024092603013369,SAPDBL,75,38,55.0,510.0,28050.0,2024-09-26
2024092603013368,ILBS,62,45,20.0,945.5,18910.0,2024-09-26
2024092603013367,ILBS,62,58,45.0,935.0,42075.0,2024-09-26
2024092603013366,ILBS,62,28,19.0,935.0,17765.0,2024-09-26
2024092601018566,SPC,48,5,10.0,540.0,5400.0,2024-09-26
2024092603013365,HLI,16,58,10.0,447.0,4470.0,2024-09-26
2024092603013364,HLI,16,1,473.0,447.0,211431.0,2024-09-26
2024092601018565,IHL,48,72,300.0,476.0,142800.0,2024-09-26
2024092601018564,IHL,34,72,200.0,476.1,95220.0,2024-09-26
2024092601018563,SANIMA,18,6,149.0,330.6,49259.4,2024-09-26
2024092601018562,SANIMA,18,52,20.0,330.5,6610.0,2024-09-26
2024092601018561,SANIMA,18,32,30.0,330.2,9906.0,2024-09-26
2024092601018560,SANIMA,18,32,84.0,330.0,27720.0,2024-09-26
2024092601018559,SANIMA,18,22,300.0,330.0,99000.0,2024-09-26
2024092601018558,SANIMA,18,7,50.0,330.0,16500.0,2024-09-26
2024092601018557,SANIMA,18,45,500.0,330.0,165000.0,2024-09-26
2024092601018556,SANIMA,18,19,49.0,330.0,16170.0,2024-09-26
2024092601018555,SANIMA,18,8,500.0,330.0,165000.0,2024-09-26
2024092601018554,SANIMA,18,26,111.0,329.8,36607.8,2024-09-26
2024092601018553,ULHC,16,59,73.0,375.0,27375.0,2024-09-26
2024092601018552,ULHC,41,59,380.0,375.0,142500.0,2024-09-26
2024092601018551,ULHC,42,59,547.0,376.0,205672.0,2024-09-26
2024092605013388,HATHY,81,32,12.0,1280.1,15361.2,2024-09-26
2024092603013363,MSLB,44,13,23.0,1530.0,35190.0,2024-09-26
2024092603013362,MSLB,44,14,20.0,1530.0,30600.0,2024-09-26
2024092603013361,MSLB,44,58,50.0,1521.0,76050.0,2024-09-26
2024092603013360,MSLB,44,11,50.0,1520.8,76040.0,2024-09-26
2024092603013359,MSLB,44,55,10.0,1520.0,15200.0,2024-09-26
2024092603013358,MSLB,44,57,10.0,1515.0,15150.0,2024-09-26
2024092603013357,MSLB,44,55,50.0,1510.0,75500.0,2024-09-26
2024092603013356,MSLB,44,46,30.0,1510.0,45300.0,2024-09-26
2024092603013355,MSLB,44,37,10.0,1509.0,15090.0,2024-09-26
2024092603013354,MSLB,44,41,20.0,1509.0,30180.0,2024-09-26
2024092603013353,MSLB,44,50,217.0,1505.0,326585.0,2024-09-26
2024092603013352,MSLB,44,50,100.0,1505.0,150500.0,2024-09-26
2024092603013351,MSLB,44,45,10.0,1505.0,15050.0,2024-09-26
2024092601018550,EBL,63,44,163.0,596.0,97148.0,2024-09-26
2024092601018549,GVL,74,74,100.0,531.0,53100.0,2024-09-26
2024092601018548,KBL,28,50,5000.0,210.0,1050000.0,2024-09-26
2024092605013387,CHDC,22,99,232.0,1580.0,366560.0,2024-09-26
2024092605013386,CHDC,80,99,19.0,1583.0,30077.0,2024-09-26
2024092601018547,UHEWA,32,25,10.0,478.9,4789.0,2024-09-26
2024092601018546,DORDI,32,34,10.0,412.0,4120.0,2024-09-26
2024092601018545,MKJC,26,41,100.0,419.7,41970.0,2024-09-26
2024092604019363,API,57,42,40.0,284.9,11396.0,2024-09-26
2024092604019362,API,57,36,60.0,284.9,17094.0,2024-09-26
2024092605013385,HRL,57,42,20.0,762.0,15240.0,2024-09-26
2024092605013384,HRL,57,34,10.0,762.0,7620.0,2024-09-26
2024092605013383,HRL,57,28,10.0,762.0,7620.0,2024-09-26
2024092605013382,HRL,57,51,60.0,762.0,45720.0,2024-09-26
2024092601018544,CZBIL,58,46,35.0,228.0,7980.0,2024-09-26
2024092604019361,GHL,14,58,1740.0,200.1,348174.0,2024-09-26
2024092605013381,HRL,60,7,232.0,761.4,176644.8,2024-09-26
2024092605013380,HRL,44,7,58.0,761.4,44161.2,2024-09-26
2024092601018543,DLBS,47,47,10.0,1301.0,13010.0,2024-09-26
2024092604019360,NLG,6,47,100.0,1315.0,131500.0,2024-09-26
2024092601018542,KBL,28,42,609.0,210.0,127890.0,2024-09-26
2024092605013379,HDL,35,34,70.0,1234.0,86380.0,2024-09-26
2024092605013378,HDL,49,34,10.0,1234.0,12340.0,2024-09-26
2024092605013377,HDL,49,34,20.0,1234.0,24680.0,2024-09-26
2024092605013376,NRN,48,34,160.0,894.0,143040.0,2024-09-26
2024092605013375,NRN,47,34,40.0,894.2,35768.0,2024-09-26
2024092601018541,MKCL,56,45,30.0,1290.0,38700.0,2024-09-26
2024092601018540,MKCL,56,51,70.0,1282.2,89754.0,2024-09-26
2024092603013350,CBBL,29,52,10.0,909.2,9092.0,2024-09-26
2024092603013349,NFS,74,45,500.0,1258.9,629450.0,2024-09-26
2024092605013374,SAHAS,45,18,50.0,518.0,25900.0,2024-09-26
2024092601018539,HBL,45,49,500.0,241.8,120900.0,2024-09-26
2024092604019359,NHPC,47,45,320.0,203.8,65216.0,2024-09-26
2024092601018538,MSHL,58,45,185.0,905.0,167425.0,2024-09-26
2024092604019358,API,36,39,495.0,284.0,140580.0,2024-09-26
2024092604019357,API,35,39,50.0,284.0,14200.0,2024-09-26
2024092604019356,API,34,39,150.0,284.0,42600.0,2024-09-26
2024092604019355,API,61,39,50.0,284.0,14200.0,2024-09-26
2024092604019354,API,35,39,245.0,284.0,69580.0,2024-09-26
2024092604019353,API,35,39,10.0,284.2,2842.0,2024-09-26
2024092601018537,PPL,4,34,20.0,469.0,9380.0,2024-09-26
2024092601018536,NESDO,62,49,10.0,2110.0,21100.0,2024-09-26
2024092601018535,NESDO,62,41,10.0,2095.0,20950.0,2024-09-26
2024092601018534,NABIL,50,38,10.0,549.0,5490.0,2024-09-26
2024092603013348,MFIL,40,59,100.0,624.0,62400.0,2024-09-26
2024092603013347,HLI,57,53,110.0,446.7,49137.0,2024-09-26
2024092604019352,LEC,51,41,20.0,260.0,5200.0,2024-09-26
2024092605013373,SONA,29,59,40.0,433.0,17320.0,2024-09-26
2024092605013372,SONA,29,48,10.0,432.3,4323.0,2024-09-26
2024092604019351,CGH,44,34,50.0,876.0,43800.0,2024-09-26
2024092603013346,NFS,74,50,250.0,1258.9,314725.0,2024-09-26
2024092601018533,DOLTI,49,57,10.0,475.0,4750.0,2024-09-26
2024092601018532,DOLTI,38,57,50.0,475.0,23750.0,2024-09-26
2024092605013371,NRN,43,57,100.0,894.3,89430.0,2024-09-26
2024092603013345,NFS,74,57,40.0,1258.9,50356.0,2024-09-26
2024092603013344,GFCL,56,1,180.0,810.2,145836.0,2024-09-26
2024092603013343,GFCL,43,1,20.0,811.0,16220.0,2024-09-26
2024092604019350,AKJCL,17,58,102.0,195.0,19890.0,2024-09-26
2024092604019349,AKJCL,45,58,420.0,195.4,82068.0,2024-09-26
2024092603013342,NFS,74,58,70.0,1258.9,88123.0,2024-09-26
2024092604019348,SJCL,58,50,50.0,313.0,15650.0,2024-09-26
2024092604019347,SJCL,58,81,30.0,312.0,9360.0,2024-09-26
2024092604019346,SJCL,58,58,20.0,311.5,6230.0,2024-09-26
2024092604019345,NIL,47,25,10.0,894.9,8949.0,2024-09-26
2024092604019344,HPPL,36,19,255.0,295.0,75225.0,2024-09-26
2024092604019343,HPPL,49,19,10.0,295.0,2950.0,2024-09-26
2024092604019342,HPPL,42,19,500.0,296.0,148000.0,2024-09-26
2024092604019341,HPPL,47,19,100.0,296.1,29610.0,2024-09-26
2024092604019340,HPPL,52,19,60.0,297.0,17820.0,2024-09-26
2024092604019339,HPPL,3,19,50.0,297.0,14850.0,2024-09-26
2024092604019338,HPPL,45,19,20.0,297.0,5940.0,2024-09-26
2024092604019337,HPPL,59,19,16.0,297.0,4752.0,2024-09-26
2024092604019336,HPPL,48,19,115.0,297.1,34166.5,2024-09-26
2024092604019335,HPPL,19,19,74.0,298.0,22052.0,2024-09-26
2024092601018531,MKJC,49,41,100.0,419.7,41970.0,2024-09-26
2024092604019334,NGPL,34,46,250.0,425.5,106375.0,2024-09-26
2024092601018530,PRVU,13,80,184.0,229.0,42136.0,2024-09-26
2024092601018529,PRVU,13,35,116.0,229.0,26564.0,2024-09-26
2024092604019333,UPPER,65,45,2274.0,205.0,466170.0,2024-09-26
2024092604019332,UPPER,38,45,50.0,205.1,10255.0,2024-09-26
2024092604019331,UPPER,34,45,246.0,205.1,50454.6,2024-09-26
2024092604019330,UPPER,46,45,10.0,205.2,2052.0,2024-09-26
2024092604019329,UPPER,55,45,100.0,205.2,20520.0,2024-09-26
2024092604019328,UPPER,47,45,320.0,206.0,65920.0,2024-09-26
2024092603013341,JSLBB,62,54,33.0,1550.0,51150.0,2024-09-26
2024092603013340,JSLBB,62,64,20.0,1550.0,31000.0,2024-09-26
2024092603013339,JSLBB,62,37,100.0,1550.0,155000.0,2024-09-26
2024092603013338,JSLBB,62,10,20.0,1550.0,31000.0,2024-09-26
2024092603013337,JSLBB,62,47,20.0,1546.0,30920.0,2024-09-26
2024092603013336,JSLBB,62,61,100.0,1544.9,154490.0,2024-09-26
2024092603013335,JSLBB,62,6,50.0,1544.9,77245.0,2024-09-26
2024092603013334,JSLBB,62,14,10.0,1544.0,15440.0,2024-09-26
2024092603013333,JSLBB,62,45,12.0,1542.0,18504.0,2024-09-26
2024092603013332,JSLBB,62,37,135.0,1540.0,207900.0,2024-09-26
2024092604019327,HEI,62,25,10.0,639.0,6390.0,2024-09-26
2024092604019326,RIDI,48,58,21.0,220.0,4620.0,2024-09-26
2024092604019325,RIDI,48,47,186.0,220.0,40920.0,2024-09-26
2024092604019324,RIDI,48,49,478.0,220.0,105160.0,2024-09-26
2024092604019323,RIDI,48,34,315.0,219.9,69268.5,2024-09-26
2024092604019322,NHPC,57,48,138.0,204.0,28152.0,2024-09-26
2024092605013370,PHCL,72,48,200.0,327.0,65400.0,2024-09-26
2024092605013369,HRL,57,54,10.0,761.4,7614.0,2024-09-26
2024092605013368,SHIVM,1,18,80.0,536.5,42920.0,2024-09-26
2024092605013367,SHIVM,81,18,260.0,536.5,139490.0,2024-09-26
2024092605013366,SHIVM,80,18,60.0,536.7,32202.0,2024-09-26
2024092605013365,SONA,6,14,20.0,432.2,8644.0,2024-09-26
2024092605013364,NIFRA,26,51,44.0,261.3,11497.2,2024-09-26
2024092605013363,NIFRA,34,51,10.0,261.7,2617.0,2024-09-26
2024092605013362,MBJC,50,26,10.0,333.0,3330.0,2024-09-26
2024092601018528,LSL,19,6,120.0,232.0,27840.0,2024-09-26
2024092604019321,SSHL,6,35,2505.0,204.5,512272.5,2024-09-26
2024092604019320,SSHL,6,34,15.0,203.0,3045.0,2024-09-26
2024092604019319,SSHL,6,58,980.0,203.0,198940.0,2024-09-26
2024092603013331,HLBSL,33,45,25.0,834.0,20850.0,2024-09-26
2024092604019318,DHPL,45,57,30.0,220.0,6600.0,2024-09-26
2024092604019317,KKHC,48,57,156.0,256.7,40045.2,2024-09-26
2024092601018527,USHL,58,45,10.0,894.8,8948.0,2024-09-26
2024092603013330,GRDBL,20,38,70.0,658.0,46060.0,2024-09-26
2024092605013361,NRM,47,11,50.0,430.0,21500.0,2024-09-26
2024092605013360,NRM,47,36,100.0,430.0,43000.0,2024-09-26
2024092605013359,NRM,47,13,10.0,430.0,4300.0,2024-09-26
2024092605013358,NRM,47,29,10.0,430.0,4300.0,2024-09-26
2024092605013357,NRM,47,51,70.0,429.9,30093.0,2024-09-26
2024092605013356,NRM,47,16,330.0,429.5,141735.0,2024-09-26
2024092605013355,NRM,47,57,10.0,429.0,4290.0,2024-09-26
2024092605013354,NRM,47,60,500.0,428.1,214050.0,2024-09-26
2024092605013353,NRM,47,60,500.0,428.0,214000.0,2024-09-26
2024092605013352,NRM,47,52,10.0,428.0,4280.0,2024-09-26
2024092605013351,NRM,47,41,10.0,428.0,4280.0,2024-09-26
2024092605013350,NRM,47,11,10.0,427.0,4270.0,2024-09-26
2024092605013349,NRM,47,44,10.0,427.0,4270.0,2024-09-26
2024092605013348,NRM,47,33,10.0,427.0,4270.0,2024-09-26
2024092605013347,NRM,47,43,10.0,427.0,4270.0,2024-09-26
2024092605013346,NRM,47,41,50.0,427.0,21350.0,2024-09-26
2024092605013345,NRM,47,8,10.0,426.0,4260.0,2024-09-26
2024092605013344,NRM,47,50,10.0,425.0,4250.0,2024-09-26
2024092605013343,NRM,47,49,10.0,423.0,4230.0,2024-09-26
2024092605013342,NRM,47,45,100.0,420.0,42000.0,2024-09-26
2024092605013341,NRM,47,26,100.0,420.0,42000.0,2024-09-26
2024092605013340,NRM,47,32,10.0,420.0,4200.0,2024-09-26
2024092605013339,NRM,47,67,10.0,420.0,4200.0,2024-09-26
2024092605013338,NRM,47,8,40.0,420.0,16800.0,2024-09-26
2024092605013337,NRM,47,6,10.0,419.9,4199.0,2024-09-26
2024092605013336,NRM,47,42,510.0,419.2,213792.0,2024-09-26
2024092604019316,UPPER,47,55,50.0,206.0,10300.0,2024-09-26
2024092604019315,UPPER,47,38,260.0,206.0,53560.0,2024-09-26
2024092604019314,UPPER,47,45,1000.0,206.0,206000.0,2024-09-26
2024092604019313,GHL,5,85,89.0,200.7,17862.3,2024-09-26
2024092604019312,GHL,5,19,200.0,200.6,40120.0,2024-09-26
2024092604019311,GHL,5,11,297.0,200.6,59578.2,2024-09-26
2024092604019310,GHL,5,49,414.0,200.5,83007.0,2024-09-26
2024092603013329,ICFC,42,58,90.0,645.0,58050.0,2024-09-26
2024092601018526,PPL,43,34,10.0,469.0,4690.0,2024-09-26
2024092601018525,PPL,43,81,10.0,468.0,4680.0,2024-09-26
2024092604019309,GHL,14,35,75.0,200.1,15007.5,2024-09-26
2024092604019308,GHL,59,35,750.0,200.1,150075.0,2024-09-26
2024092604019307,GHL,54,35,75.0,200.1,15007.5,2024-09-26
2024092604019306,HDHPC,39,39,250.0,191.9,47975.0,2024-09-26
2024092604019305,HDHPC,39,87,50.0,191.9,9595.0,2024-09-26
2024092604019304,HDHPC,39,52,60.0,191.9,11514.0,2024-09-26
2024092604019303,SSHL,43,35,288.0,201.0,57888.0,2024-09-26
2024092604019302,SSHL,57,35,100.0,201.0,20100.0,2024-09-26
2024092604019301,SSHL,47,35,100.0,201.0,20100.0,2024-09-26
2024092604019300,SSHL,35,35,612.0,201.0,123012.0,2024-09-26
2024092604019299,API,45,36,240.0,284.9,68376.0,2024-09-26
2024092604019298,API,45,48,460.0,284.1,130686.0,2024-09-26
2024092601018524,MHCL,57,45,50.0,388.0,19400.0,2024-09-26
2024092605013335,NMB50,39,45,1500.0,11.96,17940.0,2024-09-26
2024092605013334,SHIVM,80,70,240.0,536.7,128808.0,2024-09-26
2024092604019297,NHPC,57,48,62.0,204.0,12648.0,2024-09-26
2024092604019296,NHPC,21,48,938.0,204.0,191352.0,2024-09-26
2024092601018523,GBIME,32,59,10.0,236.0,2360.0,2024-09-26
2024092604019295,API,41,48,500.0,284.1,142050.0,2024-09-26
2024092601018522,BHDC,36,58,20.0,557.0,11140.0,2024-09-26
2024092605013333,HDL,44,25,25.0,1236.0,30900.0,2024-09-26
2024092604019294,HDHPC,58,25,317.0,191.6,60737.2,2024-09-26
2024092604019293,HDHPC,74,25,100.0,191.6,19160.0,2024-09-26
2024092604019292,HDHPC,16,25,100.0,191.6,19160.0,2024-09-26
2024092604019291,HDHPC,57,25,30.0,191.6,5748.0,2024-09-26
2024092604019290,HDHPC,58,25,300.0,191.6,57480.0,2024-09-26
2024092604019289,HDHPC,58,25,103.0,191.7,19745.1,2024-09-26
2024092604019288,HDHPC,58,25,50.0,191.7,9585.0,2024-09-26
2024092604019287,HDHPC,50,25,100.0,191.7,19170.0,2024-09-26
2024092604019286,HDHPC,26,25,350.0,191.7,67095.0,2024-09-26
2024092605013332,SMJC,56,74,170.0,542.0,92140.0,2024-09-26
2024092605013331,SMJC,51,74,30.0,543.0,16290.0,2024-09-26
2024092605013330,SMJC,42,74,50.0,544.0,27200.0,2024-09-26
2024092601018521,GBIME,26,26,50.0,238.0,11900.0,2024-09-26
2024092601018520,SARBTM,32,63,10.0,715.0,7150.0,2024-09-26
2024092604019285,SALICO,36,1,440.0,738.0,324720.0,2024-09-26
2024092604019284,API,58,48,30.0,284.1,8523.0,2024-09-26
2024092601018519,MKCL,40,51,10.0,1282.2,12822.0,2024-09-26
2024092604019283,UPCL,58,44,20.0,242.0,4840.0,2024-09-26
2024092601018518,MHCL,57,49,300.0,388.0,116400.0,2024-09-26
2024092604019282,GLH,42,52,500.0,228.0,114000.0,2024-09-26
2024092601018517,SRLI,6,42,20.0,562.0,11240.0,2024-09-26
2024092601018516,SRLI,19,42,90.0,562.5,50625.0,2024-09-26
2024092603013328,NUBL,52,42,10.0,688.0,6880.0,2024-09-26
2024092605013329,NRN,54,13,60.0,894.5,53670.0,2024-09-26
2024092603013327,NLIC,13,4,100.0,750.0,75000.0,2024-09-26
2024092603013326,GFCL,56,45,230.0,810.2,186346.0,2024-09-26
2024092603013325,GFCL,55,45,50.0,811.0,40550.0,2024-09-26
2024092603013324,GFCL,47,45,25.0,811.0,20275.0,2024-09-26
2024092603013323,JSLBB,62,37,165.0,1540.0,254100.0,2024-09-26
2024092603013322,JSLBB,62,58,200.0,1540.0,308000.0,2024-09-26
2024092603013321,JSLBB,62,58,135.0,1535.0,207225.0,2024-09-26
2024092601018515,HHL,38,58,30.0,449.0,13470.0,2024-09-26
2024092601018514,HHL,38,14,10.0,449.0,4490.0,2024-09-26
2024092604019281,API,35,83,155.0,284.0,44020.0,2024-09-26
2024092604019280,API,35,83,30.0,284.0,8520.0,2024-09-26
2024092604019279,API,57,83,100.0,284.0,28400.0,2024-09-26
2024092604019278,API,40,83,105.0,284.0,29820.0,2024-09-26
2024092601018513,HIDCLP,28,34,1147.0,160.1,183634.7,2024-09-26
2024092601018512,NBL,53,4,101.0,263.0,26563.0,2024-09-26
2024092603013320,KSBBL,51,10,15.0,457.9,6868.5,2024-09-26
2024092604019277,MEN,48,14,11.0,617.0,6787.0,2024-09-26
2024092601018511,LSL,44,51,10.0,232.9,2329.0,2024-09-26
2024092601018510,TVCL,34,29,100.0,446.5,44650.0,2024-09-26
2024092601018509,TVCL,41,29,80.0,446.5,35720.0,2024-09-26
2024092604019276,API,94,48,500.0,284.1,142050.0,2024-09-26
2024092604019275,API,40,55,150.0,284.0,42600.0,2024-09-26
2024092601018508,NBL,26,4,20.0,263.0,5260.0,2024-09-26
2024092601018507,GVL,35,6,50.0,531.0,26550.0,2024-09-26
2024092603013319,NICLBSL,32,45,10.0,670.0,6700.0,2024-09-26
2024092603013318,SKBBL,53,32,160.0,879.0,140640.0,2024-09-26
2024092601018506,GBIME,65,26,150.0,238.0,35700.0,2024-09-26
2024092601018505,SANIMA,52,1,250.0,329.0,82250.0,2024-09-26
2024092605013328,HIDCL,57,58,100.0,252.9,25290.0,2024-09-26
2024092605013327,HIDCL,57,58,10.0,252.9,2529.0,2024-09-26
2024092605013326,NTC,50,64,1500.0,912.0,1368000.0,2024-09-26
2024092603013317,SLBSL,66,37,53.0,1364.0,72292.0,2024-09-26
2024092603013316,SLBSL,66,4,47.0,1360.0,63920.0,2024-09-26
2024092601018504,NIMB,51,47,13.0,223.0,2899.0,2024-09-26
2024092601018503,NIMB,57,47,72.0,223.0,16056.0,2024-09-26
2024092601018502,SRLI,19,32,10.0,562.5,5625.0,2024-09-26
2024092603013315,NABBC,8,19,100.0,544.0,54400.0,2024-09-26
2024092603013314,NABBC,36,19,20.0,544.0,10880.0,2024-09-26
2024092603013313,NABBC,58,19,210.0,545.0,114450.0,2024-09-26
2024092601018501,MCHL,58,22,10.0,488.4,4884.0,2024-09-26
2024092601018500,MCHL,58,28,10.0,485.0,4850.0,2024-09-26
2024092605013325,NICBF,17,58,500.0,9.15,4575.0,2024-09-26
2024092605013324,SAHAS,45,58,10.0,517.9,5179.0,2024-09-26
2024092604019274,AKPL,49,52,20.0,218.5,4370.0,2024-09-26
2024092604019273,GHL,45,49,30.0,200.5,6015.0,2024-09-26
2024092604019272,GHL,32,49,56.0,200.5,11228.0,2024-09-26
2024092605013323,NRN,77,1,190.0,895.0,170050.0,2024-09-26
2024092605013322,NRN,77,13,10.0,894.7,8947.0,2024-09-26
2024092605013321,NTC,50,43,1568.0,912.0,1430016.0,2024-09-26
2024092605013320,NTC,42,43,10.0,912.1,9121.0,2024-09-26
2024092605013319,NTC,58,43,12.0,912.2,10946.4,2024-09-26
2024092605013318,NTC,58,43,10.0,912.2,9122.0,2024-09-26
2024092603013312,NLIC,22,4,39.0,750.0,29250.0,2024-09-26
2024092603013311,NLIC,22,55,56.0,750.0,42000.0,2024-09-26
2024092603013310,MLBBL,72,45,10.0,1485.0,14850.0,2024-09-26
2024092603013309,MPFL,49,63,420.0,591.2,248304.0,2024-09-26
2024092603013308,MPFL,55,63,50.0,592.0,29600.0,2024-09-26
2024092603013307,MPFL,29,63,30.0,592.3,17769.0,2024-09-26
2024092604019271,HDHPC,21,52,230.0,191.9,44137.0,2024-09-26
2024092604019270,HDHPC,21,57,70.0,191.8,13426.0,2024-09-26
2024092604019269,SPDL,98,49,500.0,270.0,135000.0,2024-09-26
2024092603013306,BFC,7,14,100.0,500.0,50000.0,2024-09-26
2024092604019268,HDHPC,14,57,30.0,191.8,5754.0,2024-09-26
2024092603013305,SMPDA,57,29,10.0,848.0,8480.0,2024-09-26
2024092603013304,MDB,26,19,10.0,607.9,6079.0,2024-09-26
2024092601018499,SARBTM,57,63,20.0,715.0,14300.0,2024-09-26
2024092601018498,SANIMA,52,57,400.0,329.0,131600.0,2024-09-26
2024092605013317,HIDCL,53,7,50.0,252.5,12625.0,2024-09-26
2024092603013303,KRBL,58,17,10.0,554.0,5540.0,2024-09-26
2024092603013302,HLI,52,58,10.0,446.9,4469.0,2024-09-26
2024092604019267,UPPER,34,37,134.0,205.1,27483.4,2024-09-26
2024092604019266,UPPER,44,37,490.0,205.5,100695.0,2024-09-26
2024092603013301,VLBS,88,11,10.0,789.0,7890.0,2024-09-26
2024092603013300,VLBS,88,33,90.0,789.0,71010.0,2024-09-26
2024092604019265,HURJA,56,19,17.0,209.0,3553.0,2024-09-26
2024092605013316,SFMF,42,51,3870.0,9.55,36958.5,2024-09-26
2024092605013315,CIT,17,13,10.0,2116.0,21160.0,2024-09-26
2024092604019264,API,35,48,10.0,284.1,2841.0,2024-09-26
2024092605013314,SAHAS,39,18,105.0,518.0,54390.0,2024-09-26
2024092603013299,JSLBB,62,58,165.0,1535.0,253275.0,2024-09-26
2024092603013298,JSLBB,62,1,24.0,1535.0,36840.0,2024-09-26
2024092603013297,JSLBB,62,60,38.0,1534.8,58322.4,2024-09-26
2024092603013296,JSLBB,62,62,73.0,1534.0,111982.0,2024-09-26
2024092603013295,JSLBB,62,62,27.0,1534.0,41418.0,2024-09-26
2024092603013294,JSLBB,62,53,20.0,1532.0,30640.0,2024-09-26
2024092603013293,JSLBB,62,32,100.0,1531.0,153100.0,2024-09-26
2024092603013292,JSLBB,62,34,10.0,1528.9,15289.0,2024-09-26
2024092603013291,JSLBB,62,55,10.0,1525.0,15250.0,2024-09-26
2024092603013290,JSLBB,62,40,10.0,1524.0,15240.0,2024-09-26
2024092603013289,JSLBB,62,40,30.0,1523.0,45690.0,2024-09-26
2024092603013288,JSLBB,62,37,300.0,1522.0,456600.0,2024-09-26
2024092603013287,JSLBB,62,53,100.0,1522.0,152200.0,2024-09-26
2024092603013286,JSLBB,62,88,393.0,1520.0,597360.0,2024-09-26
2024092601018497,UHEWA,14,80,30.0,474.1,14223.0,2024-09-26
2024092601018496,UHEWA,6,80,50.0,475.1,23755.0,2024-09-26
2024092601018495,UHEWA,46,80,20.0,476.0,9520.0,2024-09-26
2024092605013313,HDL,38,34,20.0,1235.0,24700.0,2024-09-26
2024092604019263,NLG,6,16,10.0,1315.0,13150.0,2024-09-26
2024092601018494,NIMB,57,72,148.0,223.0,33004.0,2024-09-26
2024092601018493,NIMB,16,72,552.0,223.0,123096.0,2024-09-26
2024092604019262,SHL,17,16,100.0,481.0,48100.0,2024-09-26
2024092604019261,AHPC,72,58,10.0,256.0,2560.0,2024-09-26
2024092604019260,API,40,25,185.0,284.0,52540.0,2024-09-26
2024092605013312,HATHY,69,17,100.0,1280.0,128000.0,2024-09-26
2024092601018492,MEHL,13,55,580.0,355.0,205900.0,2024-09-26
2024092601018491,MEHL,17,55,30.0,358.7,10761.0,2024-09-26
2024092601018490,MEHL,55,55,10.0,358.7,3587.0,2024-09-26
2024092601018489,MEHL,4,55,200.0,358.7,71740.0,2024-09-26
2024092601018488,MEHL,45,55,455.0,360.0,163800.0,2024-09-26
2024092604019259,NICL,42,6,40.0,972.0,38880.0,2024-09-26
2024092604019258,NICL,47,6,60.0,972.0,58320.0,2024-09-26
2024092603013285,PFL,32,10,10.0,565.0,5650.0,2024-09-26
2024092603013284,PFL,32,42,126.0,565.0,71190.0,2024-09-26
2024092603013283,PFL,32,29,10.0,565.0,5650.0,2024-09-26
2024092603013282,PFL,32,29,10.0,565.0,5650.0,2024-09-26
2024092603013281,PFL,32,26,100.0,565.0,56500.0,2024-09-26
2024092603013280,PFL,32,49,10.0,565.0,5650.0,2024-09-26
2024092603013279,PFL,32,43,86.0,565.0,48590.0,2024-09-26
2024092603013278,PFL,32,43,250.0,565.0,141250.0,2024-09-26
2024092603013277,PFL,32,38,200.0,565.0,113000.0,2024-09-26
2024092603013276,PFL,32,33,100.0,565.0,56500.0,2024-09-26
2024092603013275,PFL,32,81,805.0,565.0,454825.0,2024-09-26
2024092603013274,PFL,32,7,1000.0,565.0,565000.0,2024-09-26
2024092603013273,PFL,32,4,100.0,565.0,56500.0,2024-09-26
2024092603013272,PFL,32,38,100.0,565.0,56500.0,2024-09-26
2024092603013271,PFL,32,59,300.0,565.0,169500.0,2024-09-26
2024092603013270,PFL,32,34,265.0,565.0,149725.0,2024-09-26
2024092603013269,PFL,32,32,25.0,564.9,14122.5,2024-09-26
2024092603013268,PFL,32,34,200.0,564.8,112960.0,2024-09-26
2024092603013267,PFL,32,57,10.0,562.0,5620.0,2024-09-26
2024092603013266,PFL,32,17,150.0,562.0,84300.0,2024-09-26
2024092603013265,PFL,32,51,100.0,560.0,56000.0,2024-09-26
2024092603013264,PFL,32,51,17.0,557.6,9479.2,2024-09-26
2024092603013263,PFL,32,26,100.0,556.9,55690.0,2024-09-26
2024092603013262,PFL,32,91,970.0,556.0,539320.0,2024-09-26
2024092603013261,PFL,32,6,100.0,555.9,55590.0,2024-09-26
2024092603013260,PFL,32,57,50.0,555.7,27785.0,2024-09-26
2024092603013259,PFL,32,55,150.0,555.7,83355.0,2024-09-26
2024092603013258,PFL,32,7,100.0,555.0,55500.0,2024-09-26
2024092603013257,PFL,32,56,200.0,551.9,110380.0,2024-09-26
2024092603013256,PFL,32,17,17.0,550.0,9350.0,2024-09-26
2024092603013255,PFL,32,43,150.0,550.0,82500.0,2024-09-26
2024092603013254,PFL,32,81,50.0,549.9,27495.0,2024-09-26
2024092603013253,PFL,32,90,50.0,548.0,27400.0,2024-09-26
2024092603013252,PFL,32,37,50.0,547.0,27350.0,2024-09-26
2024092603013251,PFL,32,32,115.0,546.0,62790.0,2024-09-26
2024092603013250,PFL,32,37,40.0,545.0,21800.0,2024-09-26
2024092603013249,PFL,32,32,30.0,544.6,16338.0,2024-09-26
2024092603013248,PFL,32,10,30.0,539.0,16170.0,2024-09-26
2024092603013247,PFL,32,41,100.0,536.5,53650.0,2024-09-26
2024092603013246,PFL,32,22,17.0,532.0,9044.0,2024-09-26
2024092603013245,PFL,32,10,30.0,530.0,15900.0,2024-09-26
2024092603013244,PFL,32,55,105.0,530.0,55650.0,2024-09-26
2024092603013243,PFL,32,96,888.0,530.0,470640.0,2024-09-26
2024092603013242,PFL,32,42,200.0,529.1,105820.0,2024-09-26
2024092603013241,PFL,32,42,368.0,529.0,194672.0,2024-09-26
2024092603013240,PFL,32,3,900.0,525.0,472500.0,2024-09-26
2024092603013239,PFL,32,64,100.0,525.0,52500.0,2024-09-26
2024092603013238,PFL,32,3,353.0,522.0,184266.0,2024-09-26
2024092603013237,PFL,32,25,102.0,522.0,53244.0,2024-09-26
2024092603013236,PFL,32,53,500.0,520.0,260000.0,2024-09-26
2024092603013235,PFL,32,46,150.0,520.0,78000.0,2024-09-26
2024092603013234,PFL,32,3,148.0,520.0,76960.0,2024-09-26
2024092604019257,SICL,57,41,100.0,789.0,78900.0,2024-09-26
2024092601018487,MBL,25,37,100.0,230.1,23010.0,2024-09-26
2024092601018486,MBL,40,37,500.0,230.2,115100.0,2024-09-26
2024092603013233,RSDC,58,37,100.0,662.6,66260.0,2024-09-26
2024092603013232,RSDC,52,37,30.0,663.0,19890.0,2024-09-26
2024092604019256,AHPC,84,58,100.0,256.0,25600.0,2024-09-26
2024092604019255,AHPC,22,58,20.0,256.0,5120.0,2024-09-26
2024092604019254,AHPC,41,58,265.0,256.0,67840.0,2024-09-26
2024092604019253,AHPC,45,58,10.0,257.0,2570.0,2024-09-26
2024092601018485,USHL,58,45,92.0,894.8,82321.6,2024-09-26
2024092601018484,USHL,58,38,250.0,894.8,223700.0,2024-09-26
2024092601018483,USHL,58,38,28.0,894.8,25054.4,2024-09-26
2024092601018482,USHL,58,39,30.0,841.5,25245.0,2024-09-26
2024092601018481,USHL,58,21,485.0,841.5,408127.5,2024-09-26
2024092601018480,USHL,58,41,200.0,841.5,168300.0,2024-09-26
2024092601018479,USHL,58,89,276.0,841.5,232254.0,2024-09-26
2024092601018478,USHL,58,89,500.0,841.5,420750.0,2024-09-26
2024092601018477,USHL,58,22,10.0,841.5,8415.0,2024-09-26
2024092601018476,USHL,58,42,10.0,841.5,8415.0,2024-09-26
2024092601018475,USHL,58,59,500.0,841.5,420750.0,2024-09-26
2024092601018474,USHL,58,41,50.0,841.5,42075.0,2024-09-26
2024092601018473,USHL,58,49,10.0,841.0,8410.0,2024-09-26
2024092601018472,USHL,58,56,20.0,840.4,16808.0,2024-09-26
2024092601018471,USHL,58,4,10.0,840.4,8404.0,2024-09-26
2024092601018470,USHL,58,49,10.0,840.0,8400.0,2024-09-26
2024092601018469,USHL,58,42,10.0,840.0,8400.0,2024-09-26
2024092601018468,USHL,58,42,10.0,840.0,8400.0,2024-09-26
2024092601018467,USHL,58,57,100.0,838.0,83800.0,2024-09-26
2024092601018466,USHL,58,57,10.0,835.0,8350.0,2024-09-26
2024092601018465,USHL,58,14,339.0,828.0,280692.0,2024-09-26
2024092601018464,USHL,58,32,50.0,821.7,41085.0,2024-09-26
2024092601018463,SRLI,6,49,10.0,562.0,5620.0,2024-09-26
2024092601018462,EBL,63,52,77.0,596.0,45892.0,2024-09-26
2024092605013311,VLUCL,42,49,20.0,588.0,11760.0,2024-09-26
2024092604019252,AKPL,42,52,20.0,218.5,4370.0,2024-09-26
2024092603013231,SFCL,13,6,100.0,517.0,51700.0,2024-09-26
2024092604019251,AKJCL,22,4,150.0,195.5,29325.0,2024-09-26
2024092605013310,ILI,35,56,179.0,470.0,84130.0,2024-09-26
2024092605013309,ILI,35,57,262.0,470.0,123140.0,2024-09-26
2024092605013308,ILI,35,43,12.0,470.0,5640.0,2024-09-26
2024092605013307,ILI,35,42,42.0,470.0,19740.0,2024-09-26
2024092605013306,ILI,35,98,70.0,469.9,32893.0,2024-09-26
2024092605013305,ILI,35,48,30.0,469.9,14097.0,2024-09-26
2024092601018461,LSL,19,75,388.0,232.0,90016.0,2024-09-26
2024092601018460,CYCL,60,38,10.0,1524.9,15249.0,2024-09-26
2024092601018459,CYCL,60,34,93.0,1520.0,141360.0,2024-09-26
2024092601018458,MHCL,38,35,36.0,389.8,14032.8,2024-09-26
2024092601018457,MHCL,38,44,24.0,389.7,9352.8,2024-09-26
2024092601018456,MHCL,38,6,10.0,389.5,3895.0,2024-09-26
2024092601018455,MHCL,38,38,80.0,389.0,31120.0,2024-09-26
2024092601018454,PRVU,38,35,100.0,229.0,22900.0,2024-09-26
2024092604019250,UPCL,16,44,500.0,242.0,121000.0,2024-09-26
2024092601018453,PRSF,59,48,100.0,10.49,1049.0,2024-09-26
2024092604019249,NHPC,21,13,1562.0,204.0,318648.0,2024-09-26
2024092601018452,HBL,44,34,400.0,241.7,96680.0,2024-09-26
2024092601018451,NIMB,16,57,89.0,223.0,19847.0,2024-09-26
2024092604019248,PPCL,4,57,47.0,266.0,12502.0,2024-09-26
2024092605013304,VLUCL,52,14,50.0,583.0,29150.0,2024-09-26
2024092601018450,MHCL,57,62,10.0,388.0,3880.0,2024-09-26
2024092604019247,API,40,34,260.0,284.0,73840.0,2024-09-26
2024092604019246,API,1,34,1000.0,284.0,284000.0,2024-09-26
2024092604019245,API,22,34,10.0,284.0,2840.0,2024-09-26
2024092604019244,API,58,34,50.0,284.0,14200.0,2024-09-26
2024092604019243,API,14,34,20.0,284.0,5680.0,2024-09-26
2024092604019242,API,58,34,10.0,284.0,2840.0,2024-09-26
2024092604019241,API,58,34,100.0,284.0,28400.0,2024-09-26
2024092604019240,API,54,34,312.0,284.0,88608.0,2024-09-26
2024092603013230,ICFC,34,58,10.0,645.0,6450.0,2024-09-26
2024092603013229,ICFC,34,14,170.0,645.0,109650.0,2024-09-26
2024092603013228,ICFC,34,40,450.0,645.0,290250.0,2024-09-26
2024092603013227,RLFL,88,48,65.0,517.6,33644.0,2024-09-26
2024092603013226,RLFL,45,48,300.0,518.0,155400.0,2024-09-26
2024092603013225,RLFL,54,48,20.0,518.0,10360.0,2024-09-26
2024092603013224,RLFL,25,48,200.0,518.0,103600.0,2024-09-26
2024092603013223,RLFL,29,48,30.0,518.0,15540.0,2024-09-26
2024092603013222,RLFL,8,48,100.0,519.0,51900.0,2024-09-26
2024092603013221,RLFL,41,48,100.0,520.0,52000.0,2024-09-26
2024092603013220,RLFL,17,48,20.0,520.0,10400.0,2024-09-26
2024092603013219,RLFL,67,48,815.0,520.0,423800.0,2024-09-26
2024092603013218,RLFL,49,48,200.0,521.0,104200.0,2024-09-26
2024092601018449,NABIL,48,38,20.0,550.0,11000.0,2024-09-26
2024092603013217,NLIC,45,54,80.0,749.0,59920.0,2024-09-26
2024092603013216,NLIC,48,54,20.0,749.0,14980.0,2024-09-26
2024092603013215,SMPDA,57,21,40.0,848.0,33920.0,2024-09-26
2024092601018448,SGHC,48,41,70.0,366.0,25620.0,2024-09-26
2024092601018447,SGHC,58,41,150.0,366.5,54975.0,2024-09-26
2024092601018446,SGHC,17,41,20.0,366.7,7334.0,2024-09-26
2024092603013214,MNBBL,50,45,11.0,372.0,4092.0,2024-09-26
2024092601018445,BNHC,57,6,200.0,465.0,93000.0,2024-09-26
2024092604019239,IGI,65,35,111.0,593.8,65911.8,2024-09-26
2024092604019238,IGI,65,49,16.0,593.0,9488.0,2024-09-26
2024092604019237,IGI,65,71,100.0,591.2,59120.0,2024-09-26
2024092604019236,IGI,65,58,110.0,590.0,64900.0,2024-09-26
2024092604019235,IGI,65,44,13.0,590.0,7670.0,2024-09-26
2024092604019234,IGI,65,6,50.0,590.0,29500.0,2024-09-26
2024092604019233,IGI,65,42,100.0,590.0,59000.0,2024-09-26
2024092604019232,IGI,65,6,300.0,589.9,176970.0,2024-09-26
2024092604019231,IGI,65,1,100.0,589.9,58990.0,2024-09-26
2024092604019230,IGI,65,91,100.0,589.5,58950.0,2024-09-26
2024092603013213,GLBSL,57,56,30.0,1720.0,51600.0,2024-09-26
2024092604019229,API,54,40,1188.0,284.0,337392.0,2024-09-26
2024092604019228,API,10,40,100.0,284.0,28400.0,2024-09-26
2024092604019227,API,45,40,100.0,284.0,28400.0,2024-09-26
2024092604019226,API,58,40,23.0,284.0,6532.0,2024-09-26
2024092604019225,API,6,40,500.0,284.0,142000.0,2024-09-26
2024092604019224,API,55,40,200.0,284.0,56800.0,2024-09-26
2024092604019223,API,22,40,20.0,284.0,5680.0,2024-09-26
2024092604019222,API,35,40,175.0,284.0,49700.0,2024-09-26
2024092604019221,API,43,40,50.0,284.0,14200.0,2024-09-26
2024092604019220,API,54,40,138.0,284.0,39192.0,2024-09-26
2024092604019219,TRH,65,37,40.0,1031.0,41240.0,2024-09-26
2024092605013303,RNLI,37,28,200.0,473.0,94600.0,2024-09-26
2024092604019218,SGIC,35,22,20.0,628.0,12560.0,2024-09-26
2024092604019217,SGIC,86,22,50.0,628.0,31400.0,2024-09-26
2024092604019216,AKJCL,45,19,80.0,195.4,15632.0,2024-09-26
2024092603013212,SWMF,70,45,100.0,775.0,77500.0,2024-09-26
2024092603013211,SWMF,65,45,90.0,775.1,69759.0,2024-09-26
2024092603013210,HLI,52,58,10.0,446.9,4469.0,2024-09-26
2024092604019215,KKHC,38,88,10.0,257.0,2570.0,2024-09-26
2024092601018444,SARBTM,25,63,10.0,715.0,7150.0,2024-09-26
2024092601018443,SARBTM,42,63,420.0,715.0,300300.0,2024-09-26
2024092604019214,NICL,28,49,10.0,977.7,9777.0,2024-09-26
2024092605013302,SMJC,51,98,50.0,543.0,27150.0,2024-09-26
2024092604019213,HDHPC,10,52,50.0,191.9,9595.0,2024-09-26
2024092605013301,HDL,21,42,2.0,1235.0,2470.0,2024-09-26
2024092605013300,HDL,21,44,32.0,1235.0,39520.0,2024-09-26
2024092604019212,HDHPC,36,52,160.0,191.9,30704.0,2024-09-26
2024092604019211,HDHPC,36,42,300.0,191.9,57570.0,2024-09-26
2024092604019210,API,36,29,400.0,285.0,114000.0,2024-09-26
2024092604019209,API,36,38,600.0,284.9,170940.0,2024-09-26
2024092601018442,TSHL,21,25,30.0,790.0,23700.0,2024-09-26
2024092601018441,TSHL,11,25,10.0,797.0,7970.0,2024-09-26
2024092601018440,MKCL,49,51,10.0,1282.2,12822.0,2024-09-26
2024092601018439,MKCL,42,51,10.0,1285.0,12850.0,2024-09-26
2024092601018438,SRLI,6,17,10.0,562.0,5620.0,2024-09-26
2024092604019208,BPCL,11,29,45.0,392.0,17640.0,2024-09-26
2024092604019207,BPCL,38,29,20.0,392.0,7840.0,2024-09-26
2024092604019206,BPCL,14,29,35.0,392.0,13720.0,2024-09-26
2024092603013209,GFCL,47,57,50.0,811.0,40550.0,2024-09-26
2024092603013208,NABBC,58,19,290.0,545.0,158050.0,2024-09-26
2024092603013207,NABBC,42,19,10.0,545.0,5450.0,2024-09-26
2024092603013206,NABBC,16,19,100.0,546.0,54600.0,2024-09-26
2024092603013205,NABBC,55,19,100.0,546.9,54690.0,2024-09-26
2024092605013299,SMJC,19,34,100.0,545.0,54500.0,2024-09-26
2024092604019205,AKPL,3,52,630.0,218.5,137655.0,2024-09-26
2024092603013204,MLBSL,57,49,15.0,1975.0,29625.0,2024-09-26
2024092603013203,MLBSL,57,49,50.0,1976.0,98800.0,2024-09-26
2024092603013202,MLBSL,45,49,10.0,1976.0,19760.0,2024-09-26
2024092605013298,HIDCL,53,49,90.0,252.5,22725.0,2024-09-26
2024092604019204,API,54,42,112.0,284.0,31808.0,2024-09-26
2024092604019203,API,45,42,88.0,284.0,24992.0,2024-09-26
2024092603013201,NFS,11,16,46.0,1259.0,57914.0,2024-09-26
2024092604019202,SHEL,4,45,20.0,232.1,4642.0,2024-09-26
2024092605013297,RNLI,37,58,20.0,471.2,9424.0,2024-09-26
2024092605013296,RNLI,4,58,42.0,472.0,19824.0,2024-09-26
2024092605013295,RNLI,51,58,60.0,472.0,28320.0,2024-09-26
2024092605013294,RNLI,59,58,42.0,472.0,19824.0,2024-09-26
2024092605013293,RNLI,62,58,657.0,472.0,310104.0,2024-09-26
2024092605013292,RNLI,37,58,179.0,472.1,84505.9,2024-09-26
2024092604019201,RADHI,59,58,110.0,366.0,40260.0,2024-09-26
2024092605013291,ILI,41,41,8.0,469.5,3756.0,2024-09-26
2024092605013290,ILI,41,34,12.0,469.5,5634.0,2024-09-26
2024092604019200,API,38,38,100.0,284.9,28490.0,2024-09-26
2024092601018437,JBLB,10,58,10.0,1455.0,14550.0,2024-09-26
2024092601018436,JBLB,10,34,10.0,1455.0,14550.0,2024-09-26
2024092601018435,JBLB,10,56,10.0,1448.0,14480.0,2024-09-26
2024092605013289,ILI,41,14,80.0,469.5,37560.0,2024-09-26
2024092604019199,API,45,50,612.0,284.0,173808.0,2024-09-26
2024092604019198,API,6,50,250.0,284.0,71000.0,2024-09-26
2024092604019197,API,58,50,138.0,284.0,39192.0,2024-09-26
2024092605013288,HRL,29,54,200.0,761.5,152300.0,2024-09-26
2024092605013287,CHDC,76,17,10.0,1590.0,15900.0,2024-09-26
2024092601018434,NYADI,44,55,100.0,303.0,30300.0,2024-09-26
2024092601018433,SRLI,6,48,260.0,562.0,146120.0,2024-09-26
2024092603013200,KSBBL,33,10,10.0,457.9,4579.0,2024-09-26
2024092604019196,UAIL,6,36,100.0,626.0,62600.0,2024-09-26
2024092603013199,BFC,7,51,80.0,500.0,40000.0,2024-09-26
2024092603013198,BFC,7,34,10.0,500.0,5000.0,2024-09-26
2024092605013286,CIT,17,57,10.0,2116.0,21160.0,2024-09-26
2024092601018432,SBL,28,57,120.0,325.1,39012.0,2024-09-26
2024092604019195,API,47,38,300.0,284.9,85470.0,2024-09-26
2024092601018431,SPL,20,37,80.0,812.5,65000.0,2024-09-26
2024092605013285,SAHAS,56,18,50.0,518.0,25900.0,2024-09-26
2024092603013197,PFL,49,3,40.0,520.0,20800.0,2024-09-26
2024092601018430,NWCL,35,39,10.0,874.0,8740.0,2024-09-26
2024092605013284,ENL,99,22,10.0,1093.0,10930.0,2024-09-26
2024092604019194,UNHPL,42,8,10.0,250.0,2500.0,2024-09-26
2024092603013196,SHINE,42,38,25.0,453.0,11325.0,2024-09-26
2024092604019193,RADHI,59,45,140.0,366.0,51240.0,2024-09-26
2024092604019192,RADHI,17,45,589.0,366.0,215574.0,2024-09-26
2024092604019191,RADHI,50,45,271.0,366.0,99186.0,2024-09-26
2024092601018429,ANLB,62,49,10.0,5050.0,50500.0,2024-09-26
2024092603013195,NFS,74,62,800.0,1258.9,1007120.0,2024-09-26
2024092601018428,LSL,25,58,990.0,232.0,229680.0,2024-09-26
2024092601018427,MEHL,45,95,45.0,360.0,16200.0,2024-09-26
2024092601018426,MEHL,63,95,10.0,360.0,3600.0,2024-09-26
2024092601018425,MEHL,43,95,15.0,360.0,5400.0,2024-09-26
2024092601018424,MEHL,63,95,10.0,361.0,3610.0,2024-09-26
2024092601018423,MEHL,63,95,10.0,361.2,3612.0,2024-09-26
2024092601018422,MEHL,36,95,10.0,362.0,3620.0,2024-09-26
2024092603013194,SAPDBL,58,45,23.0,514.0,11822.0,2024-09-26
2024092605013283,HRL,38,54,100.0,761.5,76150.0,2024-09-26
2024092605013282,ILI,28,48,10.0,469.9,4699.0,2024-09-26
2024092605013281,RNLI,37,68,10.0,472.1,4721.0,2024-09-26
2024092605013280,MEL,14,45,100.0,278.0,27800.0,2024-09-26
2024092601018421,SARBTM,32,44,325.0,719.0,233675.0,2024-09-26
2024092601018420,SARBTM,32,49,60.0,718.0,43080.0,2024-09-26
2024092601018419,SARBTM,32,35,500.0,718.0,359000.0,2024-09-26
2024092601018418,SARBTM,32,58,150.0,716.8,107520.0,2024-09-26
2024092601018417,SARBTM,32,36,15.0,716.0,10740.0,2024-09-26
2024092601018416,SARBTM,32,14,450.0,716.0,322200.0,2024-09-26
2024092605013279,HIDCL,32,58,50.0,252.9,12645.0,2024-09-26
2024092605013278,HIDCL,32,45,50.0,252.9,12645.0,2024-09-26
2024092604019190,SPIL,4,86,70.0,850.3,59521.0,2024-09-26
2024092603013193,NFS,74,5,10.0,1258.9,12589.0,2024-09-26
2024092601018415,CITY,57,43,205.0,744.1,152540.5,2024-09-26
2024092601018414,CITY,34,43,10.0,745.0,7450.0,2024-09-26
2024092603013192,GBBL,5,52,500.0,426.0,213000.0,2024-09-26
2024092604019189,SPDL,70,49,13.0,270.0,3510.0,2024-09-26
2024092605013277,HIDCL,42,45,50.0,252.9,12645.0,2024-09-26
2024092601018413,SRLI,48,48,40.0,562.0,22480.0,2024-09-26
2024092601018412,SRLI,48,55,260.0,562.0,146120.0,2024-09-26
2024092604019188,TRH,45,49,10.0,1050.0,10500.0,2024-09-26
2024092601018411,EBL,63,6,547.0,596.0,326012.0,2024-09-26
2024092601018410,EBL,63,14,21.0,596.0,12516.0,2024-09-26
2024092603013191,SMPDA,57,58,61.0,848.0,51728.0,2024-09-26
2024092603013190,SMPDA,37,58,39.0,848.0,33072.0,2024-09-26
2024092601018409,HIDCLP,28,38,2000.0,160.0,320000.0,2024-09-26
2024092603013189,LICN,38,28,45.0,2060.0,92700.0,2024-09-26
2024092603013188,LICN,40,28,12.0,2060.0,24720.0,2024-09-26
2024092603013187,LICN,26,28,45.0,2060.0,92700.0,2024-09-26
2024092603013186,LICN,42,28,30.0,2061.0,61830.0,2024-09-26
2024092603013185,LICN,16,28,10.0,2061.2,20612.0,2024-09-26
2024092605013276,HRL,68,54,250.0,761.5,190375.0,2024-09-26
2024092603013184,GFCL,36,6,10.0,811.9,8119.0,2024-09-26
2024092601018408,SPHL,57,41,60.0,678.2,40692.0,2024-09-26
2024092601018407,SPHL,34,41,30.0,678.3,20349.0,2024-09-26
2024092601018406,TVCL,41,51,30.0,446.5,13395.0,2024-09-26
2024092605013275,NIFRA,16,50,600.0,261.1,156660.0,2024-09-26
2024092604019187,API,58,55,130.0,284.0,36920.0,2024-09-26
2024092604019186,API,54,55,1000.0,284.1,284100.0,2024-09-26
2024092604019185,API,34,55,30.0,284.1,8523.0,2024-09-26
2024092604019184,API,25,55,200.0,284.1,56820.0,2024-09-26
2024092604019183,API,21,55,50.0,284.1,14205.0,2024-09-26
2024092604019182,API,14,55,483.0,284.1,137220.3,2024-09-26
2024092604019181,API,22,55,107.0,284.9,30484.3,2024-09-26
2024092605013274,NIFRA,16,29,380.0,261.1,99218.0,2024-09-26
2024092601018405,NBL,13,26,40.0,262.6,10504.0,2024-09-26
2024092604019180,UAIL,59,33,45.0,625.0,28125.0,2024-09-26
2024092601018404,PRVU,65,33,770.0,228.1,175637.0,2024-09-26
2024092601018403,PRVU,34,33,1000.0,228.2,228200.0,2024-09-26
2024092604019179,AHPC,41,32,35.0,256.0,8960.0,2024-09-26
2024092604019178,AHPC,45,32,200.0,256.0,51200.0,2024-09-26
2024092604019177,AHPC,58,32,20.0,256.0,5120.0,2024-09-26
2024092604019176,AHPC,34,32,165.0,256.0,42240.0,2024-09-26
2024092601018402,NABIL,86,6,30.0,550.0,16500.0,2024-09-26
2024092605013273,SAHAS,47,18,20.0,518.0,10360.0,2024-09-26
2024092603013183,KRBL,58,5,16.0,545.0,8720.0,2024-09-26
2024092601018401,UNLB,39,57,10.0,2478.1,24781.0,2024-09-26
2024092601018400,NABIL,50,57,438.0,549.0,240462.0,2024-09-26
2024092605013272,SONA,6,52,115.0,432.2,49703.0,2024-09-26
2024092605013271,SONA,52,52,15.0,432.3,6484.5,2024-09-26
2024092605013270,SONA,57,52,10.0,432.3,4323.0,2024-09-26
2024092605013269,SONA,8,52,10.0,432.5,4325.0,2024-09-26
2024092605013268,SONA,22,52,50.0,432.5,21625.0,2024-09-26
2024092603013182,CFCL,34,13,129.0,506.2,65299.8,2024-09-26
2024092603013181,CFCL,41,13,50.0,507.0,25350.0,2024-09-26
2024092603013180,CFCL,38,13,296.0,507.0,150072.0,2024-09-26
2024092601018399,BHDC,71,4,10.0,555.1,5551.0,2024-09-26
2024092601018398,KBL,28,42,200.0,210.0,42000.0,2024-09-26
2024092601018397,ANLB,62,21,10.0,5050.0,50500.0,2024-09-26
2024092604019175,UPCL,54,44,10.0,242.0,2420.0,2024-09-26
2024092603013179,MFIL,40,16,221.0,624.0,137904.0,2024-09-26
2024092603013178,MFIL,58,16,145.0,624.0,90480.0,2024-09-26
2024092603013177,MFIL,49,16,10.0,624.0,6240.0,2024-09-26
2024092603013176,MFIL,48,16,20.0,624.0,12480.0,2024-09-26
2024092603013175,MFIL,57,16,22.0,624.0,13728.0,2024-09-26
2024092603013174,MFIL,47,16,82.0,624.1,51176.2,2024-09-26
2024092605013267,SMJC,58,34,24.0,545.0,13080.0,2024-09-26
2024092605013266,SMJC,58,58,26.0,544.0,14144.0,2024-09-26
2024092603013173,PMLI,58,17,50.0,565.0,28250.0,2024-09-26
2024092604019174,SSHL,34,58,10.0,203.0,2030.0,2024-09-26
2024092605013265,CHDC,69,17,10.0,1590.0,15900.0,2024-09-26
2024092605013264,HRL,38,54,50.0,761.5,38075.0,2024-09-26
2024092604019173,NHPC,38,13,10.0,204.0,2040.0,2024-09-26
2024092603013172,JFL,5,36,16.0,521.0,8336.0,2024-09-26
2024092604019172,LEC,44,41,10.0,260.0,2600.0,2024-09-26
2024092603013171,MSLB,44,7,10.0,1500.0,15000.0,2024-09-26
2024092603013170,GUFL,42,41,100.0,641.1,64110.0,2024-09-26
2024092603013169,GUFL,13,41,50.0,641.2,32060.0,2024-09-26
2024092603013168,GUFL,54,41,50.0,641.2,32060.0,2024-09-26
2024092603013167,NFS,74,25,1000.0,1258.9,1258900.0,2024-09-26
2024092604019171,NGPL,32,55,1841.0,425.0,782425.0,2024-09-26
2024092601018396,USHL,57,32,100.0,821.7,82170.0,2024-09-26
2024092601018395,USHL,52,32,20.0,821.7,16434.0,2024-09-26
2024092601018394,USHL,37,32,30.0,821.7,24651.0,2024-09-26
2024092601018393,RHGCL,32,74,213.0,378.7,80663.1,2024-09-26
2024092601018392,RHGCL,32,58,1000.0,378.0,378000.0,2024-09-26
2024092601018391,RHGCL,32,55,100.0,378.0,37800.0,2024-09-26
2024092601018390,RHGCL,32,14,50.0,377.9,18895.0,2024-09-26
2024092601018389,RHGCL,32,18,496.0,370.0,183520.0,2024-09-26
2024092601018388,RHGCL,32,39,100.0,370.0,37000.0,2024-09-26
2024092601018387,RHGCL,32,38,41.0,369.0,15129.0,2024-09-26
2024092601018386,TAMOR,66,58,10.0,457.0,4570.0,2024-09-26
2024092605013263,GIBF1,6,43,100.0,9.6,960.0,2024-09-26
2024092603013166,JFL,5,52,50.0,521.0,26050.0,2024-09-26
2024092604019170,HDHPC,49,42,30.0,191.9,5757.0,2024-09-26
2024092603013165,MERO,19,45,20.0,708.0,14160.0,2024-09-26
2024092603013164,HLI,57,45,50.0,446.7,22335.0,2024-09-26
2024092604019169,UPPER,34,45,100.0,205.1,20510.0,2024-09-26
2024092605013262,HATHY,46,32,10.0,1280.1,12801.0,2024-09-26
2024092604019168,NHPC,58,13,200.0,204.0,40800.0,2024-09-26
2024092604019167,AKPL,3,34,200.0,218.5,43700.0,2024-09-26
2024092605013261,CIT,58,44,10.0,2117.0,21170.0,2024-09-26
2024092605013260,NIFRA,16,98,305.0,261.1,79635.5,2024-09-26
2024092605013259,NIFRA,57,98,95.0,261.2,24814.0,2024-09-26
2024092604019166,RIDI,57,38,149.0,219.0,32631.0,2024-09-26
2024092604019165,RIDI,57,38,150.0,219.0,32850.0,2024-09-26
2024092604019164,RIDI,38,38,15.0,219.0,3285.0,2024-09-26
2024092604019163,RIDI,65,38,138.0,219.0,30222.0,2024-09-26
2024092605013258,HATHY,69,21,270.0,1280.0,345600.0,2024-09-26
2024092604019162,API,38,29,100.0,285.0,28500.0,2024-09-26
2024092604019161,API,38,29,350.0,285.0,99750.0,2024-09-26
2024092604019160,CHCL,19,36,58.0,544.0,31552.0,2024-09-26
2024092604019159,CHCL,45,36,28.0,544.1,15234.8,2024-09-26
2024092604019158,API,44,29,100.0,285.0,28500.0,2024-09-26
2024092605013257,CHDC,50,17,100.0,1590.0,159000.0,2024-09-26
2024092604019157,AKPL,3,26,170.0,218.5,37145.0,2024-09-26
2024092604019156,AKPL,36,26,300.0,218.5,65550.0,2024-09-26
2024092604019155,AKPL,22,26,80.0,218.5,17480.0,2024-09-26
2024092603013163,MPFL,20,1,20.0,594.0,11880.0,2024-09-26
2024092605013256,SONA,47,59,100.0,433.0,43300.0,2024-09-26
2024092603013162,SHINE,57,7,100.0,451.0,45100.0,2024-09-26
2024092604019154,AKJCL,57,19,20.0,195.4,3908.0,2024-09-26
2024092601018385,TAMOR,52,81,25.0,456.0,11400.0,2024-09-26
2024092604019153,RURU,11,21,10.0,848.0,8480.0,2024-09-26
2024092604019152,SHEL,55,4,220.0,232.0,51040.0,2024-09-26
2024092604019151,SHEL,50,4,100.0,232.0,23200.0,2024-09-26
2024092604019150,SHEL,13,4,1000.0,232.0,232000.0,2024-09-26
2024092604019149,SHEL,22,4,200.0,232.0,46400.0,2024-09-26
2024092604019148,SHEL,82,4,480.0,232.0,111360.0,2024-09-26
2024092603013161,NLIC,41,49,50.0,749.0,37450.0,2024-09-26
2024092601018384,GBIME,42,26,52.0,238.0,12376.0,2024-09-26
2024092604019147,NHPC,48,13,200.0,204.0,40800.0,2024-09-26
2024092603013160,JBBL,48,37,50.0,330.5,16525.0,2024-09-26
2024092604019146,NICL,47,45,40.0,972.0,38880.0,2024-09-26
2024092604019145,NICL,47,45,10.0,972.4,9724.0,2024-09-26
2024092604019144,NICL,58,45,100.0,972.5,97250.0,2024-09-26
2024092604019143,BPCL,14,28,20.0,392.0,7840.0,2024-09-26
2024092604019142,BPCL,70,28,30.0,392.0,11760.0,2024-09-26
2024092604019141,BPCL,49,28,10.0,392.0,3920.0,2024-09-26
2024092605013255,HRL,52,58,39.0,761.4,29694.6,2024-09-26
2024092604019140,SHPC,41,49,156.0,484.0,75504.0,2024-09-26
2024092604019139,SHPC,41,29,344.0,483.0,166152.0,2024-09-26
2024092601018383,SNLI,29,51,12.0,545.1,6541.2,2024-09-26
2024092601018382,NABIL,51,6,25.0,550.0,13750.0,2024-09-26
2024092604019138,API,14,32,1517.0,284.1,430979.7,2024-09-26
2024092604019137,API,49,32,706.0,284.1,200574.6,2024-09-26
2024092604019136,API,38,32,500.0,284.2,142100.0,2024-09-26
2024092604019135,API,84,32,77.0,284.2,21883.4,2024-09-26
2024092604019134,API,49,32,100.0,284.4,28440.0,2024-09-26
2024092604019133,API,63,32,100.0,284.5,28450.0,2024-09-26
2024092603013159,NFS,74,19,130.0,1258.9,163657.0,2024-09-26
2024092603013158,SWMF,77,7,35.0,780.0,27300.0,2024-09-26
2024092604019132,API,57,29,500.0,285.0,142500.0,2024-09-26
2024092601018381,SPC,37,39,10.0,535.4,5354.0,2024-09-26
2024092601018380,SPC,48,39,10.0,536.2,5362.0,2024-09-26
2024092601018379,SPC,37,39,10.0,537.0,5370.0,2024-09-26
2024092601018378,SPC,48,39,10.0,537.1,5371.0,2024-09-26
2024092601018377,SPC,37,39,10.0,537.2,5372.0,2024-09-26
2024092604019131,GLH,57,52,40.0,228.0,9120.0,2024-09-26
2024092604019130,GLH,29,52,478.0,228.0,108984.0,2024-09-26
2024092601018376,PRVU,49,35,50.0,229.0,11450.0,2024-09-26
2024092601018375,BHDC,71,49,10.0,555.1,5551.0,2024-09-26
2024092605013254,GCIL,7,42,13.0,468.5,6090.5,2024-09-26
2024092605013253,GCIL,38,42,137.0,468.6,64198.2,2024-09-26
2024092605013252,GCIL,58,42,50.0,468.7,23435.0,2024-09-26
2024092603013157,MNBBL,45,45,10.0,372.0,3720.0,2024-09-26
2024092605013251,SAHAS,14,18,125.0,518.0,64750.0,2024-09-26
2024092605013250,SAHAS,57,18,200.0,518.0,103600.0,2024-09-26
2024092605013249,SAHAS,38,18,40.0,518.0,20720.0,2024-09-26
2024092605013248,SAHAS,22,18,40.0,518.0,20720.0,2024-09-26
2024092605013247,SAHAS,8,18,193.0,518.0,99974.0,2024-09-26
2024092605013246,SAHAS,49,18,32.0,518.0,16576.0,2024-09-26
2024092605013245,SAHAS,47,18,20.0,518.0,10360.0,2024-09-26
2024092605013244,SAHAS,41,18,75.0,518.1,38857.5,2024-09-26
2024092605013243,SAHAS,19,18,200.0,518.2,103640.0,2024-09-26
2024092605013242,SAHAS,57,18,209.0,518.5,108366.5,2024-09-26
2024092605013241,SAHAS,22,18,10.0,519.0,5190.0,2024-09-26
2024092605013240,SAHAS,21,18,10.0,519.0,5190.0,2024-09-26
2024092605013239,SAHAS,38,18,200.0,519.0,103800.0,2024-09-26
2024092605013238,SAHAS,28,18,100.0,519.0,51900.0,2024-09-26
2024092605013237,SAHAS,57,18,90.0,519.0,46710.0,2024-09-26
2024092605013236,SAHAS,33,18,23.0,519.0,11937.0,2024-09-26
2024092605013235,SAHAS,29,18,200.0,519.7,103940.0,2024-09-26
2024092605013234,SAHAS,49,18,66.0,519.7,34300.2,2024-09-26
2024092605013233,SAHAS,41,18,50.0,519.7,25985.0,2024-09-26
2024092605013232,SAHAS,70,18,50.0,519.8,25990.0,2024-09-26
2024092604019129,API,16,29,15.0,285.0,4275.0,2024-09-26
2024092604019128,KKHC,48,67,180.0,256.7,46206.0,2024-09-26
2024092603013156,SJLIC,34,22,200.0,455.0,91000.0,2024-09-26
2024092604019127,HDHPC,34,42,50.0,191.9,9595.0,2024-09-26
2024092605013231,SONA,59,59,10.0,433.0,4330.0,2024-09-26
2024092604019126,UMHL,45,14,500.0,284.0,142000.0,2024-09-26
2024092603013155,VLBS,17,33,120.0,789.0,94680.0,2024-09-26
2024092601018374,NICA,60,58,50.0,437.0,21850.0,2024-09-26
2024092605013230,NRN,47,58,60.0,894.2,53652.0,2024-09-26
2024092605013229,NRN,60,58,10.0,894.2,8942.0,2024-09-26
2024092605013228,NRN,37,58,130.0,894.9,116337.0,2024-09-26
2024092604019125,UPPER,58,37,11.0,206.0,2266.0,2024-09-26
2024092605013227,SMATA,65,55,60.0,805.0,48300.0,2024-09-26
2024092605013226,SMATA,57,55,20.0,805.0,16100.0,2024-09-26
2024092605013225,SMATA,25,55,20.0,805.1,16102.0,2024-09-26
2024092605013224,SMJC,47,58,62.0,544.0,33728.0,2024-09-26
2024092601018373,USHL,1,14,161.0,828.0,133308.0,2024-09-26
2024092601018372,USHL,1,59,10.0,827.0,8270.0,2024-09-26
2024092601018371,USHL,1,56,10.0,827.0,8270.0,2024-09-26
2024092601018370,USHL,1,41,19.0,825.0,15675.0,2024-09-26
2024092601018369,USHL,1,45,100.0,823.0,82300.0,2024-09-26
2024092604019124,UPPER,34,38,20.0,205.1,4102.0,2024-09-26
2024092604019123,GHL,38,11,100.0,200.6,20060.0,2024-09-26
2024092603013154,JSLBB,62,38,81.0,1505.0,121905.0,2024-09-26
2024092603013153,JSLBB,45,38,120.0,1505.2,180624.0,2024-09-26
2024092603013152,JSLBB,62,38,30.0,1506.1,45183.0,2024-09-26
2024092603013151,JSLBB,62,38,100.0,1506.2,150620.0,2024-09-26
2024092603013150,JSLBB,62,38,94.0,1506.3,141592.2,2024-09-26
2024092601018368,SRLI,6,55,140.0,562.0,78680.0,2024-09-26
2024092601018367,SRLI,6,14,10.0,562.0,5620.0,2024-09-26
2024092601018366,SRLI,6,57,10.0,562.0,5620.0,2024-09-26
2024092601018365,SRLI,6,59,10.0,562.0,5620.0,2024-09-26
2024092601018364,SRLI,6,55,130.0,560.0,72800.0,2024-09-26
2024092603013149,ILBS,1,8,10.0,920.0,9200.0,2024-09-26
2024092603013148,ILBS,49,8,26.0,927.0,24102.0,2024-09-26
2024092603013147,ILBS,17,8,24.0,928.0,22272.0,2024-09-26
2024092603013146,NLICL,7,44,50.0,575.0,28750.0,2024-09-26
2024092605013223,NRN,37,7,100.0,894.9,89490.0,2024-09-26
2024092604019122,UPPER,57,37,100.0,206.0,20600.0,2024-09-26
2024092605013222,SONA,57,59,15.0,433.0,6495.0,2024-09-26
2024092601018363,TPC,45,43,30.0,432.0,12960.0,2024-09-26
2024092603013145,GMFBS,13,35,130.0,1450.0,188500.0,2024-09-26
2024092603013144,ICFC,78,75,150.0,643.0,96450.0,2024-09-26
2024092603013143,ICFC,57,75,100.0,643.0,64300.0,2024-09-26
2024092603013142,ICFC,21,75,150.0,643.1,96465.0,2024-09-26
2024092604019121,NGPL,32,4,153.0,425.0,65025.0,2024-09-26
2024092604019120,NGPL,47,4,200.0,425.0,85000.0,2024-09-26
2024092604019119,NGPL,32,4,947.0,425.0,402475.0,2024-09-26
2024092601018362,SARBTM,49,14,50.0,716.0,35800.0,2024-09-26
2024092604019118,NLG,6,95,52.0,1315.0,68380.0,2024-09-26
2024092604019117,UMHL,45,1,774.0,284.0,219816.0,2024-09-26
2024092604019116,UMHL,45,57,50.0,283.0,14150.0,2024-09-26
2024092603013141,LBBL,86,45,200.0,440.1,88020.0,2024-09-26
2024092604019115,MEN,48,53,11.0,617.0,6787.0,2024-09-26
2024092604019114,KKHC,33,34,100.0,257.0,25700.0,2024-09-26
2024092601018361,BEDC,49,36,20.0,447.0,8940.0,2024-09-26
2024092601018360,BEDC,21,36,20.0,447.0,8940.0,2024-09-26
2024092604019113,OHL,17,62,42.0,935.0,39270.0,2024-09-26
2024092604019112,OHL,17,51,25.0,935.0,23375.0,2024-09-26
2024092604019111,OHL,17,6,20.0,934.9,18698.0,2024-09-26
2024092604019110,OHL,17,39,150.0,934.0,140100.0,2024-09-26
2024092604019109,OHL,17,34,133.0,933.0,124089.0,2024-09-26
2024092604019108,OHL,17,57,20.0,932.9,18658.0,2024-09-26
2024092604019107,OHL,17,42,100.0,912.0,91200.0,2024-09-26
2024092604019106,OHL,17,52,10.0,912.0,9120.0,2024-09-26
2024092604019105,OHL,17,89,2000.0,887.0,1774000.0,2024-09-26
2024092601018359,EBL,63,42,100.0,595.7,59570.0,2024-09-26
2024092605013221,GCIL,17,44,50.0,468.9,23445.0,2024-09-26
2024092604019104,API,49,42,400.0,284.4,113760.0,2024-09-26
2024092604019103,API,34,42,100.0,284.9,28490.0,2024-09-26
2024092603013140,JFL,5,41,22.0,521.0,11462.0,2024-09-26
2024092605013220,VLUCL,42,14,50.0,583.0,29150.0,2024-09-26
2024092605013219,CIT,17,55,30.0,2116.0,63480.0,2024-09-26
2024092604019102,NIL,60,26,500.0,892.0,446000.0,2024-09-26
2024092603013139,RSDC,42,1,10.0,664.0,6640.0,2024-09-26
2024092603013138,RSDC,56,1,150.0,665.2,99780.0,2024-09-26
2024092603013137,RSDC,51,1,100.0,665.3,66530.0,2024-09-26
2024092603013136,RSDC,87,1,10.0,666.0,6660.0,2024-09-26
2024092603013135,NFS,74,6,100.0,1258.9,125890.0,2024-09-26
2024092604019101,PRIN,38,49,42.0,930.0,39060.0,2024-09-26
2024092601018358,NESDO,62,38,10.0,2080.0,20800.0,2024-09-26
2024092605013218,HATHY,69,38,50.0,1280.0,64000.0,2024-09-26
2024092605013217,HATHY,17,38,100.0,1280.1,128010.0,2024-09-26
2024092605013216,HATHY,32,38,274.0,1280.1,350747.4,2024-09-26
2024092601018357,SRLI,34,47,10.0,559.4,5594.0,2024-09-26
2024092603013134,HLI,37,22,40.0,446.9,17876.0,2024-09-26
2024092604019100,NHDL,70,34,10.0,542.2,5422.0,2024-09-26
2024092604019099,API,13,29,300.0,285.0,85500.0,2024-09-26
2024092603013133,CBBL,29,52,10.0,909.2,9092.0,2024-09-26
2024092601018356,SRLI,34,4,200.0,559.4,111880.0,2024-09-26
2024092604019098,NGPL,54,46,55.0,425.5,23402.5,2024-09-26
2024092604019097,NGPL,54,47,45.0,425.1,19129.5,2024-09-26
2024092604019096,HDHPC,45,42,100.0,191.9,19190.0,2024-09-26
2024092601018355,KBL,28,45,25.0,210.0,5250.0,2024-09-26
2024092601018354,PRVU,65,34,500.0,228.1,114050.0,2024-09-26
2024092603013132,SJLIC,57,34,147.0,454.0,66738.0,2024-09-26
2024092603013131,SJLIC,38,34,23.0,454.0,10442.0,2024-09-26
2024092603013130,SJLIC,51,34,130.0,454.0,59020.0,2024-09-26
2024092605013215,SMJC,47,14,500.0,544.0,272000.0,2024-09-26
2024092604019095,NLG,6,41,50.0,1315.0,65750.0,2024-09-26
2024092604019094,SHPC,42,29,100.0,483.0,48300.0,2024-09-26
2024092605013214,HATHY,32,26,226.0,1280.1,289302.6,2024-09-26
2024092601018353,HIDCLP,28,55,1900.0,160.0,304000.0,2024-09-26
2024092601018352,HIDCLP,77,55,1000.0,160.1,160100.0,2024-09-26
2024092601018351,HIDCLP,13,55,500.0,160.1,80050.0,2024-09-26
2024092601018350,RFPL,33,5,300.0,524.7,157410.0,2024-09-26
2024092601018349,RFPL,33,17,50.0,523.0,26150.0,2024-09-26
2024092601018348,RFPL,33,57,50.0,522.9,26145.0,2024-09-26
2024092601018347,RFPL,33,49,200.0,522.7,104540.0,2024-09-26
2024092601018346,RFPL,33,41,400.0,522.0,208800.0,2024-09-26
2024092601018345,USHL,58,58,500.0,822.0,411000.0,2024-09-26
2024092605013213,HIDCL,53,58,125.0,252.5,31562.5,2024-09-26
2024092605013212,HIDCL,21,58,50.0,252.6,12630.0,2024-09-26
2024092605013211,NMB50,58,1,10000.0,11.97,119700.0,2024-09-26
2024092605013210,NMB50,39,1,7126.0,11.97,85298.22,2024-09-26
2024092603013129,MNBBL,1,45,229.0,372.0,85188.0,2024-09-26
2024092603013128,MNBBL,1,38,35.0,372.0,13020.0,2024-09-26
2024092603013127,MNBBL,1,34,100.0,372.0,37200.0,2024-09-26
2024092603013126,MNBBL,1,14,150.0,372.0,55800.0,2024-09-26
2024092603013125,MNBBL,1,25,10.0,372.0,3720.0,2024-09-26
2024092603013124,MNBBL,1,56,376.0,372.0,139872.0,2024-09-26
2024092604019093,SGIC,86,71,30.0,628.0,18840.0,2024-09-26
2024092604019092,SGIC,86,76,200.0,628.0,125600.0,2024-09-26
2024092604019091,NLG,6,92,329.0,1315.0,432635.0,2024-09-26
2024092604019090,NLG,6,92,301.0,1319.0,397019.0,2024-09-26
2024092605013209,NRM,47,42,490.0,419.2,205408.0,2024-09-26
2024092605013208,NRM,47,54,100.0,419.2,41920.0,2024-09-26
2024092605013207,NRM,47,42,10.0,419.0,4190.0,2024-09-26
2024092605013206,NRM,47,66,60.0,418.0,25080.0,2024-09-26
2024092605013205,NRM,47,22,140.0,418.0,58520.0,2024-09-26
2024092603013123,SAPDBL,19,37,405.0,508.0,205740.0,2024-09-26
2024092603013122,SAPDBL,57,37,50.0,508.0,25400.0,2024-09-26
2024092603013121,SAPDBL,58,37,30.0,508.0,15240.0,2024-09-26
2024092603013120,SAPDBL,57,37,15.0,509.0,7635.0,2024-09-26
2024092604019089,HDHPC,49,35,50.0,191.8,9590.0,2024-09-26
2024092604019088,HDHPC,58,35,50.0,191.8,9590.0,2024-09-26
2024092601018344,BGWT,45,59,10.0,899.0,8990.0,2024-09-26
2024092605013204,SHIVM,21,41,300.0,537.0,161100.0,2024-09-26
2024092603013119,MFIL,47,36,100.0,624.1,62410.0,2024-09-26
2024092604019087,SHEL,82,44,20.0,232.0,4640.0,2024-09-26
2024092605013203,HDL,38,99,49.0,1234.0,60466.0,2024-09-26
2024092605013202,HDL,57,99,50.0,1234.0,61700.0,2024-09-26
2024092605013201,HDL,58,99,50.0,1234.0,61700.0,2024-09-26
2024092605013200,HDL,19,99,50.0,1234.0,61700.0,2024-09-26
2024092605013199,HDL,50,99,10.0,1234.0,12340.0,2024-09-26
2024092605013198,HDL,26,99,20.0,1234.0,24680.0,2024-09-26
2024092605013197,HDL,21,99,26.0,1234.0,32084.0,2024-09-26
2024092605013196,HDL,19,99,25.0,1234.0,30850.0,2024-09-26
2024092605013195,HDL,42,99,50.0,1234.0,61700.0,2024-09-26
2024092605013194,HDL,42,99,24.0,1234.0,29616.0,2024-09-26
2024092605013193,HDL,50,99,100.0,1234.0,123400.0,2024-09-26
2024092605013192,HDL,42,99,20.0,1234.0,24680.0,2024-09-26
2024092605013191,HDL,57,99,16.0,1234.0,19744.0,2024-09-26
2024092605013190,HDL,38,99,10.0,1234.1,12341.0,2024-09-26
2024092601018343,MKHL,16,34,100.0,478.0,47800.0,2024-09-26
2024092601018342,NYADI,44,41,10.0,303.0,3030.0,2024-09-26
2024092605013189,HRL,52,41,20.0,761.4,15228.0,2024-09-26
2024092601018341,SRLI,34,55,10.0,559.4,5594.0,2024-09-26
2024092601018340,SRLI,34,21,98.0,559.4,54821.2,2024-09-26
2024092603013118,GFCL,8,34,34.0,810.1,27543.4,2024-09-26
2024092603013117,GFCL,50,34,16.0,811.0,12976.0,2024-09-26
2024092603013116,GFCL,58,34,50.0,811.0,40550.0,2024-09-26
2024092603013115,NADEP,96,29,40.0,987.0,39480.0,2024-09-26
2024092603013114,NADEP,96,11,10.0,986.0,9860.0,2024-09-26
2024092603013113,NADEP,96,77,100.0,984.0,98400.0,2024-09-26
2024092603013112,NADEP,96,26,100.0,980.0,98000.0,2024-09-26
2024092603013111,NADEP,96,45,30.0,979.0,29370.0,2024-09-26
2024092605013188,CHDC,80,66,11.0,1583.0,17413.0,2024-09-26
2024092604019086,HDHPC,86,42,10.0,191.9,1919.0,2024-09-26
2024092601018339,RAWA,72,92,2000.0,712.0,1424000.0,2024-09-26
2024092601018338,RAWA,57,92,40.0,713.0,28520.0,2024-09-26
2024092601018337,RAWA,34,92,10.0,715.0,7150.0,2024-09-26
2024092604019085,HURJA,57,37,150.0,205.8,30870.0,2024-09-26
2024092604019084,HURJA,89,37,340.0,206.0,70040.0,2024-09-26
2024092604019083,HURJA,49,37,50.0,206.0,10300.0,2024-09-26
2024092604019082,HURJA,17,37,100.0,206.0,20600.0,2024-09-26
2024092604019081,HURJA,49,37,100.0,206.0,20600.0,2024-09-26
2024092604019080,HURJA,11,37,20.0,206.0,4120.0,2024-09-26
2024092604019079,HURJA,58,37,50.0,206.5,10325.0,2024-09-26
2024092604019078,HURJA,42,37,500.0,207.0,103500.0,2024-09-26
2024092604019077,HURJA,57,37,200.0,207.0,41400.0,2024-09-26
2024092604019076,HURJA,7,37,100.0,207.0,20700.0,2024-09-26
2024092604019075,HURJA,5,37,20.0,207.0,4140.0,2024-09-26
2024092604019074,HURJA,22,37,30.0,207.0,6210.0,2024-09-26
2024092604019073,HURJA,42,37,20.0,207.5,4150.0,2024-09-26
2024092604019072,HURJA,43,37,20.0,207.5,4150.0,2024-09-26
2024092604019071,HURJA,57,37,10.0,208.0,2080.0,2024-09-26
2024092604019070,HURJA,26,37,300.0,208.0,62400.0,2024-09-26
2024092604019069,HURJA,41,37,140.0,208.0,29120.0,2024-09-26
2024092604019068,HURJA,52,37,50.0,208.0,10400.0,2024-09-26
2024092604019067,HURJA,46,37,50.0,208.0,10400.0,2024-09-26
2024092604019066,HURJA,34,37,250.0,208.2,52050.0,2024-09-26
2024092604019065,HURJA,49,37,500.0,208.5,104250.0,2024-09-26
2024092603013110,USLB,57,48,50.0,1364.0,68200.0,2024-09-26
2024092605013187,NRIC,6,57,250.0,756.0,189000.0,2024-09-26
2024092605013186,HRL,4,54,50.0,761.5,38075.0,2024-09-26
2024092604019064,BPCL,49,48,25.0,392.0,9800.0,2024-09-26
2024092604019063,BPCL,77,48,50.0,392.1,19605.0,2024-09-26
2024092604019062,BPCL,57,48,25.0,392.2,9805.0,2024-09-26
2024092604019061,BPCL,48,48,100.0,393.0,39300.0,2024-09-26
2024092601018336,NBL,13,48,50.0,262.6,13130.0,2024-09-26
2024092603013109,SINDU,49,1,400.0,560.0,224000.0,2024-09-26
2024092601018335,NESDO,62,49,30.0,2080.0,62400.0,2024-09-26
2024092601018334,GBIME,32,62,100.0,236.0,23600.0,2024-09-26
2024092601018333,ANLB,62,56,10.0,5047.0,50470.0,2024-09-26
2024092601018332,NICA,18,42,40.0,443.5,17740.0,2024-09-26
2024092601018331,NICA,18,55,96.0,443.4,42566.4,2024-09-26
2024092601018330,NICA,18,42,100.0,442.0,44200.0,2024-09-26
2024092601018329,NICA,18,25,80.0,442.0,35360.0,2024-09-26
2024092601018328,NICA,18,14,14.0,440.0,6160.0,2024-09-26
2024092601018327,NICA,18,45,98.0,440.0,43120.0,2024-09-26
2024092601018326,NICA,18,58,256.0,440.0,112640.0,2024-09-26
2024092601018325,NICA,18,16,440.0,440.0,193600.0,2024-09-26
2024092601018324,NICA,18,7,100.0,439.9,43990.0,2024-09-26
2024092601018323,NICA,18,48,400.0,439.5,175800.0,2024-09-26
2024092601018322,NICA,18,34,100.0,439.0,43900.0,2024-09-26
2024092601018321,NICA,18,37,200.0,438.0,87600.0,2024-09-26
2024092601018320,NICA,18,38,1000.0,438.0,438000.0,2024-09-26
2024092601018319,NICA,18,16,91.0,437.7,39830.7,2024-09-26
2024092601018318,NICA,18,35,20.0,437.5,8750.0,2024-09-26
2024092604019060,AHPC,34,45,44.0,256.0,11264.0,2024-09-26
2024092604019059,AHPC,75,45,20.0,256.0,5120.0,2024-09-26
2024092604019058,AHPC,67,45,300.0,256.1,76830.0,2024-09-26
2024092604019057,AHPC,45,45,1000.0,256.2,256200.0,2024-09-26
2024092604019056,AHPC,84,45,500.0,256.3,128150.0,2024-09-26
2024092604019055,AHPC,5,45,300.0,256.3,76890.0,2024-09-26
2024092604019054,AHPC,38,45,51.0,256.3,13071.3,2024-09-26
2024092604019053,AHPC,25,45,160.0,256.4,41024.0,2024-09-26
2024092604019052,AHPC,33,45,625.0,257.0,160625.0,2024-09-26
2024092604019051,API,28,29,1000.0,285.0,285000.0,2024-09-26
2024092604019050,UMHL,58,45,500.0,282.7,141350.0,2024-09-26
2024092604019049,UMHL,48,45,1500.0,282.7,424050.0,2024-09-26
2024092605013185,NIFRA,21,50,100.0,261.7,26170.0,2024-09-26
2024092601018317,SBI,57,44,200.0,413.0,82600.0,2024-09-26
2024092601018316,NIMB,16,59,459.0,223.0,102357.0,2024-09-26
2024092601018315,NIMB,58,59,40.0,223.0,8920.0,2024-09-26
2024092601018314,NIMB,22,59,95.0,223.0,21185.0,2024-09-26
2024092601018313,NIMB,17,59,50.0,223.0,11150.0,2024-09-26
2024092601018312,NIMB,42,59,1356.0,223.0,302388.0,2024-09-26
2024092601018311,SRLI,22,44,57.0,559.0,31863.0,2024-09-26
2024092601018310,SRLI,36,44,85.0,559.0,47515.0,2024-09-26
2024092601018309,SRLI,46,44,50.0,559.0,27950.0,2024-09-26
2024092601018308,SRLI,32,44,30.0,559.0,16770.0,2024-09-26
2024092601018307,SRLI,57,44,100.0,559.0,55900.0,2024-09-26
2024092601018306,SRLI,35,44,30.0,559.0,16770.0,2024-09-26
2024092601018305,SRLI,49,44,200.0,559.0,111800.0,2024-09-26
2024092601018304,SRLI,58,44,10.0,559.0,5590.0,2024-09-26
2024092601018303,SRLI,1,44,330.0,559.0,184470.0,2024-09-26
2024092601018302,SRLI,34,44,78.0,559.2,43617.6,2024-09-26
2024092603013108,GUFL,36,19,10.0,644.0,6440.0,2024-09-26
2024092605013184,SMJC,47,51,10.0,544.0,5440.0,2024-09-26
2024092603013107,BFC,34,34,10.0,500.0,5000.0,2024-09-26
2024092604019048,BARUN,80,26,492.0,326.5,160638.0,2024-09-26
2024092604019047,BARUN,32,26,320.0,326.6,104512.0,2024-09-26
2024092603013106,BFC,54,34,10.0,500.0,5000.0,2024-09-26
2024092604019046,NLG,6,77,63.0,1318.9,83090.7,2024-09-26
2024092604019045,NLG,6,42,46.0,1318.0,60628.0,2024-09-26
2024092604019044,NLG,6,52,20.0,1317.0,26340.0,2024-09-26
2024092604019043,NLG,6,49,50.0,1316.0,65800.0,2024-09-26
2024092604019042,NLG,6,4,20.0,1316.0,26320.0,2024-09-26
2024092604019041,NLG,6,46,300.0,1316.0,394800.0,2024-09-26
2024092604019040,NLG,6,47,200.0,1316.0,263200.0,2024-09-26
2024092601018301,SRLI,1,58,200.0,559.0,111800.0,2024-09-26
2024092601018300,SRLI,98,58,100.0,559.1,55910.0,2024-09-26
2024092601018299,TSHL,58,49,25.0,798.0,19950.0,2024-09-26
2024092604019039,API,88,29,54.0,285.0,15390.0,2024-09-26
2024092604019038,NHPC,13,13,228.0,204.0,46512.0,2024-09-26
2024092604019037,NHPC,13,58,500.0,204.0,102000.0,2024-09-26
2024092604019036,NHPC,13,57,332.0,204.0,67728.0,2024-09-26
2024092605013183,NTC,57,16,10.0,916.0,9160.0,2024-09-26
2024092601018298,ULHC,42,57,10.0,376.0,3760.0,2024-09-26
2024092603013105,MLBBL,60,45,10.0,1485.0,14850.0,2024-09-26
2024092605013182,NRIC,6,48,100.0,756.0,75600.0,2024-09-26
2024092604019035,NHDL,50,48,943.0,540.0,509220.0,2024-09-26
2024092604019034,NHDL,42,48,57.0,540.1,30785.7,2024-09-26
2024092601018297,PCBL,35,42,50.0,268.0,13400.0,2024-09-26
2024092605013181,HRL,45,54,50.0,761.5,38075.0,2024-09-26
2024092605013180,HRL,57,54,100.0,761.5,76150.0,2024-09-26
2024092605013179,HRL,16,54,100.0,761.5,76150.0,2024-09-26
2024092605013178,HRL,33,54,68.0,761.5,51782.0,2024-09-26
2024092605013177,HRL,42,54,20.0,761.6,15232.0,2024-09-26
2024092604019033,LEC,44,57,500.0,259.0,129500.0,2024-09-26
2024092604019032,LEC,44,62,1000.0,258.9,258900.0,2024-09-26
2024092604019031,LEC,44,60,500.0,258.7,129350.0,2024-09-26
2024092604019030,LEC,44,50,445.0,257.9,114765.5,2024-09-26
2024092604019029,LEC,44,57,1000.0,257.0,257000.0,2024-09-26
2024092604019028,LEC,44,6,90.0,257.0,23130.0,2024-09-26
2024092604019027,LEC,44,33,1000.0,256.5,256500.0,2024-09-26
2024092604019026,LEC,44,56,200.0,255.0,51000.0,2024-09-26
2024092604019025,LEC,44,44,20.0,255.0,5100.0,2024-09-26
2024092604019024,LEC,44,67,176.0,255.0,44880.0,2024-09-26
2024092603013104,MSLB,44,7,40.0,1500.0,60000.0,2024-09-26
2024092603013103,MSLB,44,37,100.0,1500.0,150000.0,2024-09-26
2024092603013102,MSLB,44,53,22.0,1500.0,33000.0,2024-09-26
2024092601018296,BHDC,36,58,60.0,557.0,33420.0,2024-09-26
2024092604019023,SHL,17,99,155.0,481.0,74555.0,2024-09-26
2024092604019022,SHL,17,57,100.0,480.0,48000.0,2024-09-26
2024092604019021,SHL,17,54,100.0,480.0,48000.0,2024-09-26
2024092604019020,GLH,29,51,1175.0,228.0,267900.0,2024-09-26
2024092601018295,SRLI,93,21,35.0,559.4,19579.0,2024-09-26
2024092604019019,NLG,6,42,100.0,1315.0,131500.0,2024-09-26
2024092604019018,PRIN,29,49,1500.0,930.0,1395000.0,2024-09-26
2024092603013101,MLBBL,66,55,20.0,1482.0,29640.0,2024-09-26
2024092603013100,MLBBL,66,6,10.0,1480.0,14800.0,2024-09-26
2024092603013099,MLBBL,66,6,60.0,1480.0,88800.0,2024-09-26
2024092603013098,MLBBL,66,55,10.0,1480.0,14800.0,2024-09-26
2024092601018294,KBSH,32,34,20.0,1930.0,38600.0,2024-09-26
2024092601018293,KBSH,32,42,10.0,1904.0,19040.0,2024-09-26
2024092603013097,CBBL,29,55,25.0,909.2,22730.0,2024-09-26
2024092603013096,SHINE,29,34,100.0,450.9,45090.0,2024-09-26
2024092604019017,UPCL,58,6,30.0,241.4,7242.0,2024-09-26
2024092603013095,MLBSL,5,35,18.0,1988.0,35784.0,2024-09-26
2024092603013094,MLBSL,5,21,30.0,1988.0,59640.0,2024-09-26
2024092605013176,NRIC,6,47,23.0,756.0,17388.0,2024-09-26
2024092605013175,CHDC,57,58,11.0,1585.0,17435.0,2024-09-26
2024092605013174,NRM,47,22,260.0,418.0,108680.0,2024-09-26
2024092605013173,NRM,47,40,10.0,417.9,4179.0,2024-09-26
2024092605013172,NRM,47,48,20.0,417.0,8340.0,2024-09-26
2024092605013171,NRM,47,38,10.0,416.0,4160.0,2024-09-26
2024092605013170,NRM,47,7,500.0,415.0,207500.0,2024-09-26
2024092605013169,NRM,47,91,10.0,415.0,4150.0,2024-09-26
2024092605013168,NRM,47,7,20.0,415.0,8300.0,2024-09-26
2024092605013167,NRM,47,47,150.0,414.0,62100.0,2024-09-26
2024092605013166,NRM,47,41,10.0,412.0,4120.0,2024-09-26
2024092605013165,NRM,47,81,10.0,411.0,4110.0,2024-09-26
2024092601018292,CITY,57,57,180.0,744.1,133938.0,2024-09-26
2024092604019016,AKJCL,17,52,258.0,195.0,50310.0,2024-09-26
2024092604019015,AKJCL,58,52,37.0,195.0,7215.0,2024-09-26
2024092601018291,MKJC,4,41,200.0,419.7,83940.0,2024-09-26
2024092601018290,CYCL,60,34,57.0,1520.0,86640.0,2024-09-26
2024092601018289,CYCL,60,39,100.0,1520.0,152000.0,2024-09-26
2024092601018288,CYCL,60,3,50.0,1520.0,76000.0,2024-09-26
2024092601018287,CYCL,60,62,10.0,1518.0,15180.0,2024-09-26
2024092601018286,CYCL,60,50,10.0,1516.0,15160.0,2024-09-26
2024092601018285,CYCL,60,26,10.0,1515.0,15150.0,2024-09-26
2024092601018284,CYCL,60,50,10.0,1515.0,15150.0,2024-09-26
2024092601018283,CYCL,60,11,13.0,1514.0,19682.0,2024-09-26
2024092601018282,CYCL,60,62,10.0,1514.0,15140.0,2024-09-26
2024092601018281,CYCL,60,62,10.0,1513.0,15130.0,2024-09-26
2024092601018280,CYCL,60,74,20.0,1510.0,30200.0,2024-09-26
