transaction,symbol,buyer,seller,quantity,rate,amount,date
2025032003012553,PFL,57,3,500.0,424.0,212000.0,2025-03-20
2025032004013927,UMHL,62,42,10.0,450.0,4500.0,2025-03-20
2025032004013926,UMHL,62,42,32.0,450.0,14400.0,2025-03-20
2025032004013925,UMHL,62,45,616.0,450.0,277200.0,2025-03-20
2025032004013924,UMHL,62,89,1252.0,450.0,563400.0,2025-03-20
2025032004013923,UMHL,62,92,100.0,449.9,44990.0,2025-03-20
2025032001016856,MKCL,34,32,10.0,1602.0,16020.0,2025-03-20
2025032001016855,GMLI,60,34,10.0,2028.0,20280.0,2025-03-20
2025032004013922,UMRH,32,36,100.0,637.3,63730.0,2025-03-20
2025032003012552,SAPDBL,40,20,10.0,1195.0,11950.0,2025-03-20
2025032003012551,SLBSL,86,65,10.0,2134.0,21340.0,2025-03-20
2025032005012140,CHDC,96,32,10.0,2263.0,22630.0,2025-03-20
2025032003012550,NLICL,71,69,10.0,639.1,6391.0,2025-03-20
2025032003012549,NABBC,69,16,20.0,1978.0,39560.0,2025-03-20
2025032003012548,NABBC,69,16,10.0,1978.0,19780.0,2025-03-20
2025032004013921,UPPER,57,41,150.0,201.4,30210.0,2025-03-20
2025032005012139,NIFRA,60,43,10.0,268.0,2680.0,2025-03-20
2025032001016854,MAKAR,60,26,100.0,727.0,72700.0,2025-03-20
2025032001016853,MEHL,59,16,10.0,566.0,5660.0,2025-03-20
2025032001016852,MKCL,18,42,50.0,1600.0,80000.0,2025-03-20
2025032005012138,PHCL,47,36,500.0,599.0,299500.0,2025-03-20
2025032005012137,PHCL,47,36,500.0,599.0,299500.0,2025-03-20
2025032005012136,PHCL,47,36,500.0,599.0,299500.0,2025-03-20
2025032005012135,PHCL,47,36,490.0,599.0,293510.0,2025-03-20
2025032003012547,LICN,48,14,27.0,1012.9,27348.3,2025-03-20
2025032003012546,LICN,48,53,45.0,1010.0,45450.0,2025-03-20
2025032003012545,LICN,48,14,20.0,1010.0,20200.0,2025-03-20
2025032003012544,EDBL,48,95,74.0,658.0,48692.0,2025-03-20
2025032003012543,MATRI,34,48,16.0,1233.2,19731.2,2025-03-20
2025032003012542,MATRI,57,48,10.0,1233.3,12333.0,2025-03-20
2025032005012134,NRN,13,56,90.0,1409.9,126891.0,2025-03-20
2025032001016851,MKCL,13,58,10.0,1601.0,16010.0,2025-03-20
2025032004013920,SGIC,7,13,489.0,664.0,324696.0,2025-03-20
2025032004013919,SGIC,94,13,11.0,664.0,7304.0,2025-03-20
2025032001016850,MANDU,49,50,10.0,903.0,9030.0,2025-03-20
2025032001016849,SBL,50,58,15.0,285.0,4275.0,2025-03-20
2025032001016848,SBL,50,19,125.0,284.9,35612.5,2025-03-20
2025032004013918,KPCL,55,62,114.0,547.0,62358.0,2025-03-20
2025032004013917,GHL,39,52,2000.0,293.0,586000.0,2025-03-20
2025032004013916,GHL,39,52,500.0,293.0,146500.0,2025-03-20
2025032003012541,PFL,49,45,20.0,425.0,8500.0,2025-03-20
2025032001016847,SARBTM,58,51,30.0,799.0,23970.0,2025-03-20
2025032001016846,SARBTM,58,1,100.0,799.0,79900.0,2025-03-20
2025032001016845,SARBTM,58,39,100.0,797.0,79700.0,2025-03-20
2025032001016844,SARBTM,58,57,30.0,797.0,23910.0,2025-03-20
2025032001016843,SARBTM,58,49,50.0,795.0,39750.0,2025-03-20
2025032001016842,SARBTM,58,29,120.0,795.0,95400.0,2025-03-20
2025032001016841,SARBTM,58,34,70.0,793.0,55510.0,2025-03-20
2025032003012540,GRDBL,71,50,10.0,1448.0,14480.0,2025-03-20
2025032004013915,GHL,39,26,2545.0,295.0,750775.0,2025-03-20
2025032004013914,GHL,39,58,1000.0,295.0,295000.0,2025-03-20
2025032004013913,GHL,39,67,100.0,295.0,29500.0,2025-03-20
2025032004013912,GHL,39,45,1520.0,295.0,448400.0,2025-03-20
2025032004013911,GHL,39,77,500.0,295.0,147500.0,2025-03-20
2025032004013910,GHL,39,55,10.0,295.0,2950.0,2025-03-20
2025032004013909,GHL,39,13,100.0,294.9,29490.0,2025-03-20
2025032004013908,GHL,39,75,3000.0,294.9,884700.0,2025-03-20
2025032004013907,GHL,39,91,500.0,294.0,147000.0,2025-03-20
2025032004013906,GHL,39,16,200.0,294.0,58800.0,2025-03-20
2025032004013905,GHL,39,28,35.0,294.0,10290.0,2025-03-20
2025032004013904,GHL,39,45,6500.0,294.0,1911000.0,2025-03-20
2025032004013903,GHL,39,63,640.0,293.9,188096.0,2025-03-20
2025032004013902,GHL,39,82,500.0,293.7,146850.0,2025-03-20
2025032004013901,GHL,39,3,120.0,293.4,35208.0,2025-03-20
2025032004013900,GHL,39,70,300.0,293.4,88020.0,2025-03-20
2025032004013899,GHL,39,8,430.0,293.3,126119.0,2025-03-20
2025032004013898,UMHL,18,45,200.0,449.0,89800.0,2025-03-20
2025032001016840,ULHC,91,7,204.0,523.0,106692.0,2025-03-20
2025032001016839,ULHC,91,16,10.0,523.0,5230.0,2025-03-20
2025032001016838,ULHC,91,26,10.0,522.0,5220.0,2025-03-20
2025032001016837,ULHC,91,25,10.0,520.0,5200.0,2025-03-20
2025032001016836,ULHC,91,49,50.0,518.0,25900.0,2025-03-20
2025032001016835,ULHC,91,7,145.0,518.0,75110.0,2025-03-20
2025032001016834,ULHC,91,7,19.0,517.0,9823.0,2025-03-20
2025032001016833,ULHC,91,58,10.0,516.5,5165.0,2025-03-20
2025032001016832,ULHC,91,57,42.0,516.0,21672.0,2025-03-20
2025032004013897,PMHPL,45,34,10.0,294.0,2940.0,2025-03-20
2025032004013896,NIL,32,35,125.0,770.1,96262.5,2025-03-20
2025032003012539,NABBC,28,16,10.0,1978.0,19780.0,2025-03-20
2025032003012538,NABBC,28,21,10.0,1978.0,19780.0,2025-03-20
2025032004013895,SHEL,28,81,10.0,254.0,2540.0,2025-03-20
2025032001016831,RAWA,44,16,10.0,885.0,8850.0,2025-03-20
2025032001016830,BHPL,92,44,272.0,1030.0,280160.0,2025-03-20
2025032001016829,BHPL,62,44,100.0,1030.0,103000.0,2025-03-20
2025032001016828,BHPL,62,44,500.0,1031.0,515500.0,2025-03-20
2025032001016827,BHPL,62,44,490.0,1031.1,505239.0,2025-03-20
2025032001016826,BHPL,45,44,10.0,1033.0,10330.0,2025-03-20
2025032001016825,BHDC,47,14,94.0,610.0,57340.0,2025-03-20
2025032001016824,BHDC,47,14,50.0,610.7,30535.0,2025-03-20
2025032001016823,BHDC,34,14,50.0,610.8,30540.0,2025-03-20
2025032001016822,BHDC,34,14,32.0,611.0,19552.0,2025-03-20
2025032001016821,BHDC,16,14,50.0,612.0,30600.0,2025-03-20
2025032001016820,BHDC,45,14,180.0,612.0,110160.0,2025-03-20
2025032001016819,BHDC,52,14,200.0,612.1,122420.0,2025-03-20
2025032001016818,BHDC,87,14,94.0,613.0,57622.0,2025-03-20
2025032003012537,SFCL,56,21,260.0,522.0,135720.0,2025-03-20
2025032003012536,SFCL,57,21,30.0,522.0,15660.0,2025-03-20
2025032003012535,SFCL,34,21,50.0,522.0,26100.0,2025-03-20
2025032003012534,SFCL,44,21,100.0,522.0,52200.0,2025-03-20
2025032003012533,SFCL,33,21,50.0,522.0,26100.0,2025-03-20
2025032003012532,SFCL,32,21,10.0,522.1,5221.0,2025-03-20
2025032005012133,NRIC,51,21,134.0,1277.9,171238.6,2025-03-20
2025032004013894,SHEL,49,81,71.0,252.1,17899.1,2025-03-20
2025032004013893,SHEL,22,81,50.0,252.1,12605.0,2025-03-20
2025032004013892,SHEL,22,81,100.0,252.1,25210.0,2025-03-20
2025032004013891,SHEL,35,81,50.0,252.4,12620.0,2025-03-20
2025032004013890,SHEL,39,81,500.0,252.4,126200.0,2025-03-20
2025032004013889,SHEL,13,81,250.0,252.5,63125.0,2025-03-20
2025032004013888,SHEL,57,81,380.0,252.5,95950.0,2025-03-20
2025032004013887,SHEL,48,81,200.0,252.6,50520.0,2025-03-20
2025032004013886,SHEL,49,81,1088.0,252.6,274828.8,2025-03-20
2025032004013885,SHEL,66,81,320.0,253.0,80960.0,2025-03-20
2025032001016817,SANIMA,26,7,20.0,302.0,6040.0,2025-03-20
2025032001016816,SANIMA,26,38,80.0,302.0,24160.0,2025-03-20
2025032001016815,SANIMA,26,57,68.0,302.0,20536.0,2025-03-20
2025032005012132,HRL,38,66,10.0,963.0,9630.0,2025-03-20
2025032004013884,RURU,62,29,40.0,750.0,30000.0,2025-03-20
2025032004013883,RURU,62,29,40.0,750.0,30000.0,2025-03-20
2025032001016814,MSHL,62,58,10.0,940.0,9400.0,2025-03-20
2025032001016813,MAKAR,62,26,20.0,727.0,14540.0,2025-03-20
2025032001016812,CKHL,34,55,20.0,755.0,15100.0,2025-03-20
2025032001016811,GMLI,29,67,10.0,2030.0,20300.0,2025-03-20
2025032001016810,GMLI,29,59,10.0,2030.0,20300.0,2025-03-20
2025032004013882,SPDL,35,89,100.0,335.0,33500.0,2025-03-20
2025032001016809,HEIP,16,54,200.0,380.9,76180.0,2025-03-20
2025032001016808,NYADI,43,64,93.0,570.0,53010.0,2025-03-20
2025032003012531,NABBC,20,26,10.0,1976.1,19761.0,2025-03-20
2025032003012530,NABBC,20,28,10.0,1976.0,19760.0,2025-03-20
2025032003012529,NABBC,20,38,70.0,1976.0,138320.0,2025-03-20
2025032003012528,NABBC,20,21,10.0,1976.0,19760.0,2025-03-20
2025032001016807,MEHL,5,16,20.0,566.0,11320.0,2025-03-20
2025032001016806,ULBSL,45,57,11.0,3541.0,38951.0,2025-03-20
2025032001016805,SMHL,65,22,127.0,965.0,122555.0,2025-03-20
2025032001016804,SMHL,65,38,10.0,965.0,9650.0,2025-03-20
2025032001016803,SMHL,65,58,10.0,965.0,9650.0,2025-03-20
2025032001016802,SMHL,65,66,200.0,960.0,192000.0,2025-03-20
2025032001016801,SMHL,65,58,20.0,960.0,19200.0,2025-03-20
2025032001016800,SMHL,65,52,400.0,960.0,384000.0,2025-03-20
2025032001016799,SMHL,65,58,10.0,960.0,9600.0,2025-03-20
2025032001016798,SMHL,65,21,423.0,960.0,406080.0,2025-03-20
2025032003012527,JBBL,57,60,70.0,347.1,24297.0,2025-03-20
2025032003012526,JBBL,59,60,150.0,347.1,52065.0,2025-03-20
2025032003012525,JBBL,36,60,30.0,349.0,10470.0,2025-03-20
2025032004013881,AHPC,33,59,871.0,254.0,221234.0,2025-03-20
2025032004013880,AHPC,85,59,200.0,254.0,50800.0,2025-03-20
2025032004013879,AHPC,16,59,680.0,254.0,172720.0,2025-03-20
2025032003012524,FMDBL,4,25,10.0,785.0,7850.0,2025-03-20
2025032003012523,GBLBS,42,10,50.0,819.0,40950.0,2025-03-20
2025032004013878,AKPL,54,42,330.0,229.0,75570.0,2025-03-20
2025032004013877,AKPL,33,42,370.0,229.0,84730.0,2025-03-20
2025032004013876,AKPL,86,42,200.0,229.1,45820.0,2025-03-20
2025032001016797,EHPL,42,56,10.0,775.0,7750.0,2025-03-20
2025032001016796,UNLB,47,48,10.0,2339.0,23390.0,2025-03-20
2025032003012522,MNBBL,42,25,10.0,369.9,3699.0,2025-03-20
2025032004013875,HPPL,35,48,10.0,598.0,5980.0,2025-03-20
2025032001016795,HIDCLP,48,41,10.0,174.1,1741.0,2025-03-20
2025032003012521,CORBL,72,66,10.0,1895.0,18950.0,2025-03-20
2025032001016794,HBL,56,22,10.0,236.4,2364.0,2025-03-20
2025032003012520,LICN,1,14,18.0,1010.0,18180.0,2025-03-20
2025032003012519,PMLI,1,80,10.0,574.9,5749.0,2025-03-20
2025032003012518,FMDBL,25,51,11.0,784.0,8624.0,2025-03-20
2025032005012131,ENL,55,48,30.0,1141.0,34230.0,2025-03-20
2025032001016793,MEHL,6,16,10.0,566.0,5660.0,2025-03-20
2025032003012517,GRDBL,45,49,50.0,1445.0,72250.0,2025-03-20
2025032004013874,GHL,39,52,200.0,293.0,58600.0,2025-03-20
2025032001016792,USHEC,38,36,10.0,623.9,6239.0,2025-03-20
2025032001016791,PRVU,58,25,72.0,214.0,15408.0,2025-03-20
2025032003012516,LICN,39,14,10.0,1010.0,10100.0,2025-03-20
2025032004013873,BARUN,58,46,1000.0,499.0,499000.0,2025-03-20
2025032003012515,KSBBL,45,32,480.0,440.1,211248.0,2025-03-20
2025032001016790,HIDCLP,45,41,10.0,174.1,1741.0,2025-03-20
2025032003012514,SMFBS,18,34,10.0,1900.0,19000.0,2025-03-20
2025032004013872,GHL,39,28,85.0,293.0,24905.0,2025-03-20
2025032003012513,NABBC,28,41,80.0,1975.0,158000.0,2025-03-20
2025032003012512,NABBC,28,20,60.0,1972.0,118320.0,2025-03-20
2025032003012511,NABBC,28,34,10.0,1970.0,19700.0,2025-03-20
2025032003012510,NABBC,28,49,100.0,1970.0,197000.0,2025-03-20
2025032003012509,NABBC,28,17,3000.0,1970.0,5910000.0,2025-03-20
2025032003012508,NABBC,28,56,4000.0,1970.0,7880000.0,2025-03-20
2025032003012507,NABBC,28,32,1200.0,1970.0,2364000.0,2025-03-20
2025032003012506,NABBC,28,21,30.0,1969.9,59097.0,2025-03-20
2025032003012505,NABBC,28,21,10.0,1969.9,19699.0,2025-03-20
2025032003012504,NABBC,28,21,30.0,1969.0,59070.0,2025-03-20
2025032003012503,NABBC,28,20,100.0,1968.0,196800.0,2025-03-20
2025032003012502,NABBC,28,58,10.0,1967.9,19679.0,2025-03-20
2025032003012501,NABBC,28,51,250.0,1965.0,491250.0,2025-03-20
2025032003012500,NABBC,28,58,40.0,1965.0,78600.0,2025-03-20
2025032003012499,NABBC,28,62,150.0,1964.0,294600.0,2025-03-20
2025032003012498,NABBC,28,21,30.0,1960.0,58800.0,2025-03-20
2025032003012497,NABBC,28,21,10.0,1960.0,19600.0,2025-03-20
2025032003012496,NABBC,28,10,10.0,1959.0,19590.0,2025-03-20
2025032003012495,NABBC,28,65,90.0,1958.0,176220.0,2025-03-20
2025032003012494,NABBC,28,48,50.0,1958.0,97900.0,2025-03-20
2025032003012493,NABBC,28,17,150.0,1955.0,293250.0,2025-03-20
2025032003012492,NABBC,28,32,190.0,1955.0,371450.0,2025-03-20
2025032003012491,NABBC,28,5,55.0,1954.0,107470.0,2025-03-20
2025032003012490,NABBC,28,56,19.0,1951.0,37069.0,2025-03-20
2025032004013871,RADHI,13,44,106.0,397.0,42082.0,2025-03-20
2025032003012489,GLBSL,35,45,10.0,2885.0,28850.0,2025-03-20
2025032001016789,MAKAR,14,26,20.0,727.0,14540.0,2025-03-20
2025032001016788,CYCL,80,89,10.0,1597.0,15970.0,2025-03-20
2025032001016787,CYCL,49,89,10.0,1597.0,15970.0,2025-03-20
2025032004013870,SHEL,17,81,10.0,254.0,2540.0,2025-03-20
2025032003012488,EDBL,34,95,30.0,658.0,19740.0,2025-03-20
2025032001016786,MEHL,34,16,20.0,566.0,11320.0,2025-03-20
2025032004013869,RURU,34,29,10.0,750.0,7500.0,2025-03-20
2025032005012130,HDL,42,34,15.0,1211.0,18165.0,2025-03-20
2025032003012487,MNBBL,33,16,150.0,369.0,55350.0,2025-03-20
2025032001016785,RAWA,86,16,10.0,885.0,8850.0,2025-03-20
2025032001016784,SHLB,59,33,10.0,2180.1,21801.0,2025-03-20
2025032001016783,MEHL,67,16,210.0,566.0,118860.0,2025-03-20
2025032001016782,MEHL,67,82,90.0,566.0,50940.0,2025-03-20
2025032001016781,SPC,75,41,760.0,544.9,414124.0,2025-03-20
2025032001016780,SPC,75,41,50.0,544.8,27240.0,2025-03-20
2025032001016779,SPC,75,39,50.0,544.5,27225.0,2025-03-20
2025032001016778,SPC,75,80,40.0,544.3,21772.0,2025-03-20
2025032003012486,CFCL,50,95,1000.0,552.0,552000.0,2025-03-20
2025032003012485,CFCL,57,95,31.0,552.1,17115.1,2025-03-20
2025032003012484,CFCL,60,95,285.0,552.1,157348.5,2025-03-20
2025032003012483,CFCL,18,95,1000.0,553.0,553000.0,2025-03-20
2025032003012482,CFCL,49,95,368.0,553.9,203835.2,2025-03-20
2025032005012129,ILI,26,77,12.0,470.0,5640.0,2025-03-20
2025032005012128,ILI,38,77,50.0,470.0,23500.0,2025-03-20
2025032005012127,ILI,55,77,100.0,470.0,47000.0,2025-03-20
2025032005012126,ILI,38,77,12.0,470.0,5640.0,2025-03-20
2025032005012125,ILI,29,77,26.0,470.0,12220.0,2025-03-20
2025032005012124,GCIL,57,20,200.0,530.1,106020.0,2025-03-20
2025032003012481,LBBL,20,45,150.0,437.4,65610.0,2025-03-20
2025032003012480,LBBL,20,90,100.0,437.3,43730.0,2025-03-20
2025032005012123,NTC,57,50,10.0,901.0,9010.0,2025-03-20
2025032004013868,RIDI,57,82,100.0,223.4,22340.0,2025-03-20
2025032001016777,MAKAR,65,26,10.0,727.0,7270.0,2025-03-20
2025032001016776,NMB,4,36,200.0,250.0,50000.0,2025-03-20
2025032001016775,BHDC,42,57,10.0,615.8,6158.0,2025-03-20
2025032001016774,MHL,72,48,30.0,741.0,22230.0,2025-03-20
2025032001016773,MHL,57,48,100.0,741.0,74100.0,2025-03-20
2025032001016772,MHL,26,48,50.0,742.0,37100.0,2025-03-20
2025032001016771,MHL,49,48,10.0,742.0,7420.0,2025-03-20
2025032001016770,MHL,72,48,100.0,742.0,74200.0,2025-03-20
2025032001016769,MHL,26,48,50.0,742.1,37105.0,2025-03-20
2025032001016768,MHL,25,48,40.0,742.1,29684.0,2025-03-20
2025032001016767,MHL,58,48,50.0,743.0,37150.0,2025-03-20
2025032001016766,MHL,58,48,40.0,743.1,29724.0,2025-03-20
2025032001016765,MHL,42,48,10.0,744.0,7440.0,2025-03-20
2025032001016764,MHL,36,48,100.0,744.0,74400.0,2025-03-20
2025032001016763,MHL,45,48,100.0,745.0,74500.0,2025-03-20
2025032001016762,MHL,25,48,20.0,745.0,14900.0,2025-03-20
2025032004013867,GHL,39,48,5860.0,293.0,1716980.0,2025-03-20
2025032003012479,BFC,88,80,10.0,573.0,5730.0,2025-03-20
2025032004013866,GHL,88,70,200.0,293.4,58680.0,2025-03-20
2025032004013865,GHL,88,21,400.0,293.3,117320.0,2025-03-20
2025032004013864,GHL,88,21,500.0,293.3,146650.0,2025-03-20
2025032001016761,KBL,94,50,1088.0,205.0,223040.0,2025-03-20
2025032003012478,NMFBS,55,78,11.0,1257.9,13836.9,2025-03-20
2025032005012122,NIFRA,58,43,10.0,268.0,2680.0,2025-03-20
2025032004013863,CHL,99,22,204.0,521.4,106365.6,2025-03-20
2025032004013862,CHL,99,22,296.0,521.4,154334.4,2025-03-20
2025032001016760,NABIL,47,22,50.0,487.5,24375.0,2025-03-20
2025032004013861,UPCL,22,57,10.0,298.5,2985.0,2025-03-20
2025032004013860,IGI,44,49,188.0,590.0,110920.0,2025-03-20
2025032004013859,IGI,58,49,20.0,590.1,11802.0,2025-03-20
2025032004013858,IGI,88,49,29.0,590.1,17112.9,2025-03-20
2025032004013857,BARUN,45,38,50.0,498.0,24900.0,2025-03-20
2025032003012477,CORBL,41,71,10.0,1865.2,18652.0,2025-03-20
2025032001016759,MMKJL,91,78,19.0,719.0,13661.0,2025-03-20
2025032003012476,MLBL,28,37,500.0,409.2,204600.0,2025-03-20
2025032004013856,PPCL,38,36,104.0,326.7,33976.8,2025-03-20
2025032004013855,PPCL,38,64,250.0,326.7,81675.0,2025-03-20
2025032004013854,PPCL,38,49,550.0,326.0,179300.0,2025-03-20
2025032004013853,PPCL,38,49,100.0,325.0,32500.0,2025-03-20
2025032004013852,PPCL,38,4,10.0,325.0,3250.0,2025-03-20
2025032004013851,PPCL,38,1,16.0,325.0,5200.0,2025-03-20
2025032004013850,PPCL,38,42,370.0,324.5,120065.0,2025-03-20
2025032004013849,PPCL,38,26,100.0,323.5,32350.0,2025-03-20
2025032004013848,PPCL,38,86,200.0,323.0,64600.0,2025-03-20
2025032005012121,NRIC,51,25,100.0,1277.9,127790.0,2025-03-20
2025032005012120,NRIC,49,25,200.0,1277.9,255580.0,2025-03-20
2025032005012119,NRIC,52,25,200.0,1277.9,255580.0,2025-03-20
2025032003012475,SINDU,72,18,250.0,1143.1,285775.0,2025-03-20
2025032003012474,NFS,45,45,140.0,703.0,98420.0,2025-03-20
2025032003012473,NFS,32,45,200.0,703.0,140600.0,2025-03-20
2025032001016758,HIDCLP,17,45,300.0,174.0,52200.0,2025-03-20
2025032001016757,USHEC,25,34,71.0,623.8,44289.8,2025-03-20
2025032001016756,SIKLES,45,98,100.0,1174.7,117470.0,2025-03-20
2025032001016755,SIKLES,45,57,10.0,1173.0,11730.0,2025-03-20
2025032001016754,SIKLES,45,66,10.0,1170.0,11700.0,2025-03-20
2025032001016753,SIKLES,45,26,10.0,1169.9,11699.0,2025-03-20
2025032001016752,SIKLES,45,20,10.0,1160.0,11600.0,2025-03-20
2025032001016751,SIKLES,45,35,100.0,1160.0,116000.0,2025-03-20
2025032001016750,SIKLES,45,34,20.0,1159.0,23180.0,2025-03-20
2025032001016749,SIKLES,45,35,30.0,1150.0,34500.0,2025-03-20
2025032001016748,SIKLES,45,38,10.0,1145.0,11450.0,2025-03-20
2025032003012472,SINDU,72,45,420.0,1143.1,480102.0,2025-03-20
2025032003012471,NMLBBL,32,45,25.0,666.0,16650.0,2025-03-20
2025032005012118,SMJC,48,25,352.0,605.0,212960.0,2025-03-20
2025032005012117,SMJC,50,25,500.0,605.1,302550.0,2025-03-20
2025032005012116,SMJC,92,25,100.0,605.6,60560.0,2025-03-20
2025032005012115,SMJC,10,25,19.0,606.0,11514.0,2025-03-20
2025032005012114,SMJC,1,25,429.0,606.5,260188.5,2025-03-20
2025032001016747,PPL,32,56,10.0,529.0,5290.0,2025-03-20
2025032001016746,SCB,58,45,90.0,643.9,57951.0,2025-03-20
2025032005012113,NIFRA,34,7,70.0,266.2,18634.0,2025-03-20
2025032005012112,NIFRA,32,7,100.0,266.5,26650.0,2025-03-20
2025032005012111,NIFRA,66,7,230.0,267.0,61410.0,2025-03-20
2025032001016745,ULHC,7,21,305.0,515.0,157075.0,2025-03-20
2025032001016744,ULHC,41,21,25.0,515.0,12875.0,2025-03-20
2025032001016743,ULHC,45,21,50.0,515.0,25750.0,2025-03-20
2025032001016742,ULHC,41,21,50.0,515.0,25750.0,2025-03-20
2025032001016741,ULHC,14,21,20.0,515.1,10302.0,2025-03-20
2025032001016740,ULHC,55,21,50.0,515.1,25755.0,2025-03-20
2025032001016739,EBL,81,25,10.0,611.0,6110.0,2025-03-20
2025032001016738,EBL,81,57,20.0,610.5,12210.0,2025-03-20
2025032001016737,EBL,81,21,100.0,610.0,61000.0,2025-03-20
2025032005012110,NIFRA,66,67,270.0,267.0,72090.0,2025-03-20
2025032003012470,USLB,66,62,10.0,1696.2,16962.0,2025-03-20
2025032003012469,CORBL,62,66,20.0,1895.0,37900.0,2025-03-20
2025032003012468,CORBL,62,59,10.0,1894.0,18940.0,2025-03-20
2025032003012467,CORBL,62,57,50.0,1894.0,94700.0,2025-03-20
2025032003012466,CORBL,62,28,20.0,1894.0,37880.0,2025-03-20
2025032001016736,NBL,17,29,20.0,249.3,4986.0,2025-03-20
2025032005012109,NIFRA,17,67,230.0,267.5,61525.0,2025-03-20
2025032004013847,SHPC,40,57,10.0,465.0,4650.0,2025-03-20
2025032004013846,HPPL,35,95,626.0,598.0,374348.0,2025-03-20
2025032004013845,HPPL,48,95,300.0,599.0,179700.0,2025-03-20
2025032004013844,HPPL,36,95,74.0,600.0,44400.0,2025-03-20
2025032001016735,CITY,77,50,317.0,875.0,277375.0,2025-03-20
2025032001016734,CITY,77,11,30.0,874.0,26220.0,2025-03-20
2025032001016733,CITY,77,26,153.0,874.0,133722.0,2025-03-20
2025032001016732,NBL,5,25,53.0,251.3,13318.9,2025-03-20
2025032001016731,NBL,5,42,97.0,250.0,24250.0,2025-03-20
2025032003012465,LICN,57,14,25.0,1010.0,25250.0,2025-03-20
2025032003012464,USLB,18,57,10.0,1696.3,16963.0,2025-03-20
2025032003012463,SMB,45,65,85.0,2700.0,229500.0,2025-03-20
2025032003012462,SMB,35,65,40.0,2702.0,108080.0,2025-03-20
2025032001016730,ANLB,39,4,30.0,5055.0,151650.0,2025-03-20
2025032005012108,HDL,56,11,101.0,1212.0,122412.0,2025-03-20
2025032001016729,SPHL,72,57,10.0,777.0,7770.0,2025-03-20
2025032003012461,SAPDBL,94,92,100.0,1189.0,118900.0,2025-03-20
2025032003012460,SAPDBL,6,92,10.0,1189.1,11891.0,2025-03-20
2025032003012459,SAPDBL,1,92,10.0,1190.0,11900.0,2025-03-20
2025032003012458,SAPDBL,94,92,50.0,1190.0,59500.0,2025-03-20
2025032001016728,MANDU,74,6,188.0,904.0,169952.0,2025-03-20
2025032001016727,MANDU,74,34,112.0,903.9,101236.8,2025-03-20
2025032001016726,MEHL,49,70,98.0,566.0,55468.0,2025-03-20
2025032001016725,DOLTI,64,39,300.0,728.0,218400.0,2025-03-20
2025032005012107,HATHY,38,49,10.0,1332.0,13320.0,2025-03-20
2025032001016724,NABIL,41,19,20.0,487.5,9750.0,2025-03-20
2025032004013843,DHPL,74,18,650.0,418.0,271700.0,2025-03-20
2025032004013842,UMHL,45,89,348.0,450.0,156600.0,2025-03-20
2025032004013841,UMHL,45,22,84.0,449.9,37791.6,2025-03-20
2025032004013840,UMHL,45,58,51.0,449.9,22944.9,2025-03-20
2025032004013839,UMHL,45,52,17.0,449.9,7648.3,2025-03-20
2025032003012457,SJLIC,45,44,100.0,446.9,44690.0,2025-03-20
2025032003012456,SFCL,14,21,100.0,523.0,52300.0,2025-03-20
2025032003012455,LICN,84,62,95.0,1009.0,95855.0,2025-03-20
2025032004013838,IGI,62,43,50.0,591.0,29550.0,2025-03-20
2025032004013837,SJCL,58,13,680.0,332.0,225760.0,2025-03-20
2025032004013836,SJCL,58,58,20.0,331.9,6638.0,2025-03-20
2025032001016723,SBI,49,58,25.0,413.1,10327.5,2025-03-20
2025032001016722,SGHC,34,47,10.0,507.0,5070.0,2025-03-20
2025032001016721,SARBTM,57,34,230.0,793.0,182390.0,2025-03-20
2025032003012454,NUBL,65,16,194.0,681.0,132114.0,2025-03-20
2025032001016720,RFPL,96,48,10.0,735.0,7350.0,2025-03-20
2025032001016719,RFPL,96,45,30.0,734.0,22020.0,2025-03-20
2025032001016718,SPHL,60,57,490.0,777.0,380730.0,2025-03-20
2025032001016717,SPHL,60,58,10.0,777.0,7770.0,2025-03-20
2025032004013835,NHPC,48,34,100.0,212.0,21200.0,2025-03-20
2025032005012106,HRL,38,50,20.0,963.0,19260.0,2025-03-20
2025032005012105,HRL,54,50,280.0,963.0,269640.0,2025-03-20
2025032001016716,NABIL,1,32,50.0,487.9,24395.0,2025-03-20
2025032004013834,DHPL,74,53,10.0,419.8,4198.0,2025-03-20
2025032001016715,MLBS,48,74,10.0,1852.8,18528.0,2025-03-20
2025032004013833,SPDL,70,58,100.0,335.5,33550.0,2025-03-20
2025032004013832,SPDL,70,29,200.0,335.4,67080.0,2025-03-20
2025032003012453,GRDBL,45,22,10.0,1445.0,14450.0,2025-03-20
2025032004013831,SJCL,42,22,100.0,330.4,33040.0,2025-03-20
2025032004013830,AKPL,52,34,394.0,229.8,90541.2,2025-03-20
2025032004013829,AKPL,52,50,500.0,229.7,114850.0,2025-03-20
2025032004013828,AKPL,52,62,106.0,229.3,24305.8,2025-03-20
2025032004013827,RIDI,49,82,1000.0,223.4,223400.0,2025-03-20
2025032001016714,HBL,52,22,200.0,236.4,47280.0,2025-03-20
2025032003012452,ALICL,85,45,10.0,737.0,7370.0,2025-03-20
2025032004013826,PRIN,57,39,60.0,954.0,57240.0,2025-03-20
2025032004013825,PRIN,57,39,40.0,954.0,38160.0,2025-03-20
2025032003012451,MDB,40,39,1000.0,642.1,642100.0,2025-03-20
2025032004013824,UMHL,38,52,22.0,449.9,9897.8,2025-03-20
2025032001016713,CZBIL,28,33,80.0,208.9,16712.0,2025-03-20
2025032001016712,CZBIL,28,22,30.0,208.9,6267.0,2025-03-20
2025032003012450,RLFL,28,32,191.0,521.0,99511.0,2025-03-20
2025032003012449,RLFL,14,32,100.0,521.1,52110.0,2025-03-20
2025032003012448,RLFL,4,32,20.0,521.8,10436.0,2025-03-20
2025032003012447,RLFL,49,32,200.0,522.0,104400.0,2025-03-20
2025032003012446,RLFL,51,32,20.0,523.0,10460.0,2025-03-20
2025032003012445,RLFL,47,32,189.0,523.0,98847.0,2025-03-20
2025032005012104,BBC,69,45,10.0,5376.0,53760.0,2025-03-20
2025032003012444,CBBL,18,45,53.0,856.0,45368.0,2025-03-20
2025032003012443,CBBL,48,45,17.0,856.0,14552.0,2025-03-20
2025032003012442,CBBL,42,45,20.0,856.0,17120.0,2025-03-20
2025032003012441,CBBL,7,45,10.0,856.1,8561.0,2025-03-20
2025032004013823,CGH,94,84,100.0,885.0,88500.0,2025-03-20
2025032004013822,HPPL,36,14,26.0,600.0,15600.0,2025-03-20
2025032004013821,UPCL,65,58,3952.0,297.4,1175324.8,2025-03-20
2025032004013820,UPCL,48,58,35.0,297.5,10412.5,2025-03-20
2025032004013819,UPCL,13,58,1000.0,297.5,297500.0,2025-03-20
2025032004013818,UPCL,17,58,1500.0,297.5,446250.0,2025-03-20
2025032004013817,UPCL,66,58,1000.0,297.5,297500.0,2025-03-20
2025032004013816,UPCL,43,58,200.0,298.0,59600.0,2025-03-20
2025032004013815,UPCL,72,58,679.0,298.1,202409.9,2025-03-20
2025032004013814,UPCL,8,58,350.0,298.2,104370.0,2025-03-20
2025032004013813,UPCL,16,58,784.0,298.2,233788.8,2025-03-20
2025032001016711,SARBTM,57,33,225.0,793.0,178425.0,2025-03-20
2025032004013812,UPCL,16,5,318.0,298.2,94827.6,2025-03-20
2025032004013811,CHL,99,59,204.0,521.4,106365.6,2025-03-20
2025032004013810,CHL,17,59,429.0,522.0,223938.0,2025-03-20
2025032001016710,SPHL,90,10,20.0,771.0,15420.0,2025-03-20
2025032001016709,MAKAR,4,26,10.0,727.0,7270.0,2025-03-20
2025032001016708,SGHC,62,47,332.0,507.5,168490.0,2025-03-20
2025032005012103,HIDCL,45,42,1427.0,266.2,379867.4,2025-03-20
2025032005012102,HIDCL,5,42,200.0,267.0,53400.0,2025-03-20
2025032005012101,HIDCL,22,42,200.0,267.0,53400.0,2025-03-20
2025032005012100,HIDCL,91,42,23.0,267.0,6141.0,2025-03-20
2025032003012440,MLBL,42,19,254.0,410.0,104140.0,2025-03-20
2025032003012439,MLBL,42,94,746.0,410.0,305860.0,2025-03-20
2025032003012438,SAPDBL,94,5,50.0,1190.0,59500.0,2025-03-20
2025032005012099,HIDCL,91,50,200.0,267.0,53400.0,2025-03-20
2025032001016707,SMHL,26,22,239.0,950.0,227050.0,2025-03-20
2025032001016706,SMHL,85,22,50.0,950.0,47500.0,2025-03-20
2025032001016705,SMHL,59,22,20.0,950.0,19000.0,2025-03-20
2025032001016704,SMHL,36,22,191.0,950.1,181469.1,2025-03-20
2025032004013809,UNHPL,1,11,10.0,318.0,3180.0,2025-03-20
2025032004013808,UNHPL,18,11,90.0,318.0,28620.0,2025-03-20
2025032004013807,SGIC,94,49,30.0,664.0,19920.0,2025-03-20
2025032003012437,GRDBL,45,38,162.0,1445.0,234090.0,2025-03-20
2025032003012436,GRDBL,35,38,103.0,1445.0,148835.0,2025-03-20
2025032003012435,GRDBL,72,38,25.0,1445.1,36127.5,2025-03-20
2025032003012434,GRDBL,38,38,10.0,1446.0,14460.0,2025-03-20
2025032004013806,AHPC,16,63,1000.0,254.0,254000.0,2025-03-20
2025032003012433,LLBS,32,74,10.0,1114.0,11140.0,2025-03-20
2025032003012432,LLBS,32,14,16.0,1095.0,17520.0,2025-03-20
2025032003012431,LLBS,32,43,30.0,1095.0,32850.0,2025-03-20
2025032001016703,NIMB,44,44,400.0,211.5,84600.0,2025-03-20
2025032003012430,NFS,32,44,100.0,703.0,70300.0,2025-03-20
2025032003012429,JFL,51,14,156.0,512.0,79872.0,2025-03-20
2025032001016702,USHL,35,35,27.0,749.0,20223.0,2025-03-20
2025032001016701,USHL,35,35,100.0,750.0,75000.0,2025-03-20
2025032004013805,SHEL,66,94,180.0,253.0,45540.0,2025-03-20
2025032003012428,JFL,51,62,506.0,512.0,259072.0,2025-03-20
2025032004013804,TRH,62,71,10.0,1089.9,10899.0,2025-03-20
2025032004013803,TRH,62,22,40.0,1089.0,43560.0,2025-03-20
2025032004013802,RURU,62,57,20.0,749.9,14998.0,2025-03-20
2025032001016700,MSHL,36,45,10.0,935.0,9350.0,2025-03-20
2025032005012098,HDL,58,45,30.0,1211.9,36357.0,2025-03-20
2025032004013801,SICL,45,34,20.0,780.0,15600.0,2025-03-20
2025032001016699,GVL,58,58,30.0,490.0,14700.0,2025-03-20
2025032004013800,HEI,34,36,250.0,614.0,153500.0,2025-03-20
2025032005012097,HATHY,42,33,40.0,1330.0,53200.0,2025-03-20
2025032001016698,PRVU,53,25,100.0,214.0,21400.0,2025-03-20
2025032003012427,GFCL,42,60,163.0,677.0,110351.0,2025-03-20
2025032003012426,GFCL,42,60,100.0,677.0,67700.0,2025-03-20
2025032003012425,GFCL,56,60,400.0,677.0,270800.0,2025-03-20
2025032003012424,GFCL,45,60,100.0,678.0,67800.0,2025-03-20
2025032003012423,GFCL,42,60,90.0,678.0,61020.0,2025-03-20
2025032003012422,GFCL,57,60,10.0,678.0,6780.0,2025-03-20
2025032003012421,GFCL,43,60,135.0,678.0,91530.0,2025-03-20
2025032003012420,GFCL,29,60,1000.0,678.0,678000.0,2025-03-20
2025032003012419,GFCL,42,60,130.0,678.0,88140.0,2025-03-20
2025032003012418,GFCL,42,60,100.0,678.0,67800.0,2025-03-20
2025032003012417,GFCL,42,60,50.0,678.0,33900.0,2025-03-20
2025032003012416,GFCL,1,60,30.0,678.0,20340.0,2025-03-20
2025032003012415,GFCL,45,60,10.0,678.0,6780.0,2025-03-20
2025032003012414,GFCL,21,60,100.0,678.0,67800.0,2025-03-20
2025032003012413,GFCL,11,60,142.0,678.3,96318.6,2025-03-20
2025032001016697,DOLTI,42,16,10.0,729.0,7290.0,2025-03-20
2025032004013799,SGIC,94,14,193.0,664.0,128152.0,2025-03-20
2025032004013798,SGIC,94,65,52.0,664.0,34528.0,2025-03-20
2025032004013797,UPPER,7,55,131.0,201.3,26370.3,2025-03-20
2025032004013796,UPPER,53,55,20.0,201.3,4026.0,2025-03-20
2025032004013795,UPPER,25,55,151.0,201.3,30396.3,2025-03-20
2025032004013794,UPPER,54,55,98.0,201.4,19737.2,2025-03-20
2025032004013793,UPPER,57,55,500.0,201.4,100700.0,2025-03-20
2025032004013792,UPPER,34,55,100.0,201.4,20140.0,2025-03-20
2025032004013791,DHPL,74,53,10.0,419.8,4198.0,2025-03-20
2025032004013790,SHPC,43,57,100.0,465.0,46500.0,2025-03-20
2025032005012096,MEL,16,43,821.0,321.1,263623.1,2025-03-20
2025032005012095,MEL,57,43,179.0,321.2,57494.8,2025-03-20
2025032004013789,BARUN,43,46,20.0,499.0,9980.0,2025-03-20
2025032001016696,NYADI,43,6,890.0,570.0,507300.0,2025-03-20
2025032001016695,NYADI,43,42,30.0,570.0,17100.0,2025-03-20
2025032001016694,NYADI,43,49,10.0,570.0,5700.0,2025-03-20
2025032001016693,NYADI,43,42,117.0,570.0,66690.0,2025-03-20
2025032001016692,UHEWA,49,32,200.0,895.5,179100.0,2025-03-20
2025032001016691,UHEWA,49,26,10000.0,895.5,8955000.0,2025-03-20
2025032001016690,UHEWA,49,28,10.0,895.5,8955.0,2025-03-20
2025032001016689,UHEWA,49,43,300.0,894.0,268200.0,2025-03-20
2025032001016688,UHEWA,49,60,200.0,894.0,178800.0,2025-03-20
2025032001016687,UHEWA,49,29,10.0,863.0,8630.0,2025-03-20
2025032001016686,UHEWA,49,1,10.0,863.0,8630.0,2025-03-20
2025032001016685,UHEWA,49,63,10.0,863.0,8630.0,2025-03-20
2025032001016684,UHEWA,49,36,37.0,863.0,31931.0,2025-03-20
2025032001016683,UHEWA,49,19,10.0,863.0,8630.0,2025-03-20
2025032001016682,UHEWA,49,14,10.0,860.0,8600.0,2025-03-20
2025032001016681,UHEWA,49,17,10.0,857.9,8579.0,2025-03-20
2025032001016680,UHEWA,49,49,30.0,855.0,25650.0,2025-03-20
2025032001016679,UHEWA,49,36,100.0,855.0,85500.0,2025-03-20
2025032001016678,UHEWA,49,36,10.0,853.1,8531.0,2025-03-20
2025032001016677,UHEWA,49,57,500.0,852.0,426000.0,2025-03-20
2025032001016676,UHEWA,49,25,10.0,851.0,8510.0,2025-03-20
2025032001016675,UHEWA,49,7,10.0,850.0,8500.0,2025-03-20
2025032001016674,UHEWA,49,35,10.0,850.0,8500.0,2025-03-20
2025032001016673,UHEWA,49,49,50.0,850.0,42500.0,2025-03-20
2025032001016672,UHEWA,49,42,10.0,850.0,8500.0,2025-03-20
2025032001016671,UHEWA,49,55,10.0,850.0,8500.0,2025-03-20
2025032001016670,UHEWA,49,49,10.0,845.0,8450.0,2025-03-20
2025032001016669,UHEWA,49,36,50.0,845.0,42250.0,2025-03-20
2025032001016668,UHEWA,49,58,50.0,840.0,42000.0,2025-03-20
2025032001016667,UHEWA,49,57,10.0,840.0,8400.0,2025-03-20
2025032001016666,UHEWA,49,25,10.0,839.0,8390.0,2025-03-20
2025032001016665,UHEWA,49,35,100.0,838.6,83860.0,2025-03-20
2025032001016664,UHEWA,49,48,10.0,838.0,8380.0,2025-03-20
2025032001016663,UHEWA,49,29,10.0,836.0,8360.0,2025-03-20
2025032001016662,UHEWA,49,34,54.0,836.0,45144.0,2025-03-20
2025032001016661,UHEWA,49,56,10.0,836.0,8360.0,2025-03-20
2025032001016660,UHEWA,49,32,100.0,829.0,82900.0,2025-03-20
2025032004013788,GHL,39,39,1000.0,293.0,293000.0,2025-03-20
2025032005012094,SHIVM,38,38,216.0,533.2,115171.2,2025-03-20
2025032005012093,HATHY,63,49,80.0,1332.0,106560.0,2025-03-20
2025032005012092,HATHY,63,21,12.0,1330.0,15960.0,2025-03-20
2025032005012091,HATHY,63,17,50.0,1330.0,66500.0,2025-03-20
2025032005012090,HATHY,63,42,24.0,1330.0,31920.0,2025-03-20
2025032005012089,HATHY,63,48,34.0,1330.0,45220.0,2025-03-20
2025032001016659,NMB,18,36,233.0,250.0,58250.0,2025-03-20
2025032001016658,NMB,18,45,25.0,250.0,6250.0,2025-03-20
2025032001016657,NMB,18,82,742.0,250.0,185500.0,2025-03-20
2025032003012412,PROFL,48,19,100.0,530.0,53000.0,2025-03-20
2025032004013787,SPDL,35,14,50.0,335.0,16750.0,2025-03-20
2025032003012411,JBBL,59,81,350.0,347.1,121485.0,2025-03-20
2025032003012410,JBBL,28,81,100.0,347.1,34710.0,2025-03-20
2025032005012088,NIFRA,3,43,100.0,268.0,26800.0,2025-03-20
2025032001016656,MHCL,45,26,160.0,541.3,86608.0,2025-03-20
2025032001016655,MHCL,55,26,200.0,541.4,108280.0,2025-03-20
2025032005012087,SAHAS,45,44,28.0,505.3,14148.4,2025-03-20
2025032001016654,SGHC,58,13,300.0,508.0,152400.0,2025-03-20
2025032001016653,SGHC,58,80,50.0,508.0,25400.0,2025-03-20
2025032005012086,GCIL,57,53,150.0,530.1,79515.0,2025-03-20
2025032001016652,SPC,69,80,100.0,544.3,54430.0,2025-03-20
2025032001016651,SNLI,57,13,50.0,671.0,33550.0,2025-03-20
2025032001016650,SNLI,57,57,301.0,671.0,201971.0,2025-03-20
2025032001016649,SNLI,57,39,50.0,670.9,33545.0,2025-03-20
2025032004013786,MHNL,65,38,60.0,268.0,16080.0,2025-03-20
2025032004013785,MHNL,65,38,155.0,268.0,41540.0,2025-03-20
2025032003012409,JFL,57,57,118.0,513.0,60534.0,2025-03-20
2025032003012408,JFL,57,67,500.0,513.0,256500.0,2025-03-20
2025032003012407,JFL,57,34,182.0,512.0,93184.0,2025-03-20
2025032004013784,SICL,57,34,30.0,780.0,23400.0,2025-03-20
2025032003012406,SHINE,69,42,10.0,416.5,4165.0,2025-03-20
2025032003012405,SHINE,48,42,20.0,416.5,8330.0,2025-03-20
2025032003012404,SHINE,34,42,268.0,416.5,111622.0,2025-03-20
2025032001016648,GMLI,60,13,100.0,2028.0,202800.0,2025-03-20
2025032001016647,SRLI,35,43,164.0,418.1,68568.4,2025-03-20
2025032001016646,SRLI,58,43,36.0,418.2,15055.2,2025-03-20
2025032001016645,SRLI,3,43,50.0,418.5,20925.0,2025-03-20
2025032001016644,SRLI,53,43,50.0,418.5,20925.0,2025-03-20
2025032001016643,SRLI,34,43,20.0,418.5,8370.0,2025-03-20
2025032001016642,SRLI,41,43,680.0,418.5,284580.0,2025-03-20
2025032004013783,GHL,6,21,500.0,293.3,146650.0,2025-03-20
2025032005012085,ILI,29,38,12.0,470.0,5640.0,2025-03-20
2025032005012084,SHIVM,58,38,25.0,533.2,13330.0,2025-03-20
2025032005012083,SHIVM,44,38,559.0,533.2,298058.8,2025-03-20
2025032004013782,UNHPL,18,19,60.0,318.0,19080.0,2025-03-20
2025032003012403,KSBBL,54,32,20.0,440.1,8802.0,2025-03-20
2025032003012402,MPFL,53,25,1000.0,634.9,634900.0,2025-03-20
2025032001016641,RFPL,96,7,100.0,730.1,73010.0,2025-03-20
2025032004013781,HPPL,58,14,30.0,600.0,18000.0,2025-03-20
2025032004013780,HPPL,91,14,44.0,600.0,26400.0,2025-03-20
2025032004013779,SICL,35,34,15.0,780.0,11700.0,2025-03-20
2025032003012401,WNLB,91,35,50.0,3100.8,155040.0,2025-03-20
2025032001016640,ULHC,36,57,19.0,516.0,9804.0,2025-03-20
2025032004013778,LEC,17,42,200.0,213.9,42780.0,2025-03-20
2025032004013777,NHPC,41,36,400.0,212.0,84800.0,2025-03-20
2025032003012400,SFCL,58,21,70.0,523.0,36610.0,2025-03-20
2025032004013776,IGI,58,43,70.0,591.0,41370.0,2025-03-20
2025032004013775,IGI,58,36,80.0,591.0,47280.0,2025-03-20
2025032004013774,DHPL,74,16,300.0,418.0,125400.0,2025-03-20
2025032003012399,SHINE,69,21,11.0,418.8,4606.8,2025-03-20
2025032001016639,ANLB,39,57,10.0,5055.0,50550.0,2025-03-20
2025032001016638,NBL,57,42,10.0,250.0,2500.0,2025-03-20
2025032004013773,RIDI,4,82,50.0,223.4,11170.0,2025-03-20
2025032001016637,BNHC,6,47,50.0,516.0,25800.0,2025-03-20
2025032001016636,MEHL,42,51,150.0,565.8,84870.0,2025-03-20
2025032001016635,HIDCLP,17,48,695.0,174.0,120930.0,2025-03-20
2025032001016634,HIDCLP,45,48,95.0,174.0,16530.0,2025-03-20
2025032005012082,SONA,51,42,10.0,466.6,4666.0,2025-03-20
2025032001016633,MSHL,36,42,151.0,935.0,141185.0,2025-03-20
2025032001016632,MSHL,42,42,10.0,935.0,9350.0,2025-03-20
2025032001016631,MSHL,80,42,39.0,935.0,36465.0,2025-03-20
2025032001016630,UNLB,38,42,10.0,2337.0,23370.0,2025-03-20
2025032005012081,MEL,52,42,15.0,322.0,4830.0,2025-03-20
2025032005012080,NRM,13,57,126.0,487.9,61475.4,2025-03-20
2025032005012079,NRM,13,34,50.0,487.0,24350.0,2025-03-20
2025032005012078,NRM,13,70,100.0,486.0,48600.0,2025-03-20
2025032005012077,NRM,13,11,10.0,485.0,4850.0,2025-03-20
2025032005012076,NRM,13,57,100.0,484.0,48400.0,2025-03-20
2025032005012075,NRM,13,57,50.0,482.0,24100.0,2025-03-20
2025032005012074,NRM,13,44,44.0,482.0,21208.0,2025-03-20
2025032005012073,NRM,13,99,20.0,481.0,9620.0,2025-03-20
2025032005012072,SHIVM,44,74,49.0,533.2,26126.8,2025-03-20
2025032004013772,BPCL,45,70,500.0,390.1,195050.0,2025-03-20
2025032003012398,CFCL,49,21,157.0,553.9,86962.3,2025-03-20
2025032004013771,PPCL,49,86,89.0,323.0,28747.0,2025-03-20
2025032004013770,UNHPL,49,50,20.0,318.9,6378.0,2025-03-20
2025032003012397,GFCL,11,19,458.0,678.3,310661.4,2025-03-20
2025032003012396,GFCL,39,19,300.0,678.6,203580.0,2025-03-20
2025032003012395,GFCL,51,19,10.0,678.7,6787.0,2025-03-20
2025032003012394,GFCL,95,19,500.0,679.0,339500.0,2025-03-20
2025032003012393,GFCL,32,19,10.0,679.0,6790.0,2025-03-20
2025032003012392,GFCL,43,19,82.0,679.0,55678.0,2025-03-20
2025032001016629,SRLI,47,32,11.0,418.9,4607.9,2025-03-20
2025032004013769,UMHL,21,52,200.0,449.9,89980.0,2025-03-20
2025032003012391,CFCL,60,3,15.0,552.1,8281.5,2025-03-20
2025032003012390,CFCL,41,3,179.0,552.2,98843.8,2025-03-20
2025032003012389,CFCL,54,3,100.0,552.3,55230.0,2025-03-20
2025032003012388,CFCL,19,3,50.0,553.0,27650.0,2025-03-20
2025032003012387,CFCL,46,3,50.0,553.0,27650.0,2025-03-20
2025032003012386,CFCL,14,3,121.0,553.0,66913.0,2025-03-20
2025032003012385,MLBL,28,35,880.0,409.2,360096.0,2025-03-20
2025032003012384,MLBL,6,35,70.0,409.3,28651.0,2025-03-20
2025032003012383,MLBL,58,35,50.0,409.4,20470.0,2025-03-20
2025032003012382,ILBS,62,52,10.0,962.0,9620.0,2025-03-20
2025032001016628,SGHC,62,7,168.0,507.5,85260.0,2025-03-20
2025032004013768,UAIL,50,45,400.0,656.0,262400.0,2025-03-20
2025032004013767,UAIL,82,45,100.0,656.1,65610.0,2025-03-20
2025032001016627,HHL,34,34,18.0,500.0,9000.0,2025-03-20
2025032004013766,BPCL,45,58,250.0,390.1,97525.0,2025-03-20
2025032001016626,MEHL,77,51,190.0,565.8,107502.0,2025-03-20
2025032001016625,MEHL,77,52,230.0,565.0,129950.0,2025-03-20
2025032003012381,KSBBL,45,65,90.0,440.0,39600.0,2025-03-20
2025032003012380,KSBBL,36,65,200.0,440.1,88020.0,2025-03-20
2025032004013765,AKJCL,60,39,790.0,204.9,161871.0,2025-03-20
2025032004013764,AKJCL,60,34,628.0,204.9,128677.2,2025-03-20
2025032004013763,AKJCL,60,6,582.0,204.5,119019.0,2025-03-20
2025032004013762,DHPL,74,57,328.0,418.0,137104.0,2025-03-20
2025032001016624,AHL,42,57,10.0,750.0,7500.0,2025-03-20
2025032004013761,UPPER,13,64,500.0,201.5,100750.0,2025-03-20
2025032003012379,SKBBL,57,50,54.0,805.5,43497.0,2025-03-20
2025032003012378,SKBBL,58,50,10.0,806.0,8060.0,2025-03-20
2025032003012377,SKBBL,37,50,100.0,806.0,80600.0,2025-03-20
2025032003012376,SKBBL,52,50,50.0,806.0,40300.0,2025-03-20
2025032003012375,SKBBL,34,50,100.0,806.0,80600.0,2025-03-20
2025032003012374,SKBBL,6,50,200.0,806.0,161200.0,2025-03-20
2025032003012373,SKBBL,28,50,35.0,806.0,28210.0,2025-03-20
2025032003012372,SKBBL,41,50,50.0,806.0,40300.0,2025-03-20
2025032003012371,SKBBL,17,50,77.0,806.0,62062.0,2025-03-20
2025032003012370,SKBBL,38,50,275.0,806.1,221677.5,2025-03-20
2025032003012369,SKBBL,44,50,13.0,806.2,10480.6,2025-03-20
2025032003012368,SKBBL,49,50,93.0,806.5,75004.5,2025-03-20
2025032001016623,EHPL,80,51,10.0,762.4,7624.0,2025-03-20
2025032003012367,PFL,36,55,30.0,423.0,12690.0,2025-03-20
2025032005012071,HRL,54,71,250.0,963.0,240750.0,2025-03-20
2025032003012366,JFL,52,34,30.0,512.0,15360.0,2025-03-20
2025032003012365,SLBSL,43,65,20.0,2134.0,42680.0,2025-03-20
2025032003012364,SADBL,13,49,55.0,408.0,22440.0,2025-03-20
2025032001016622,SRLI,38,49,4569.0,420.0,1918980.0,2025-03-20
2025032001016621,SRLI,38,57,181.0,420.0,76020.0,2025-03-20
2025032001016620,SRLI,38,39,200.0,419.9,83980.0,2025-03-20
2025032001016619,SRLI,38,59,50.0,419.9,20995.0,2025-03-20
2025032001016618,TPC,45,19,10.0,534.0,5340.0,2025-03-20
2025032001016617,SBI,7,67,14.0,414.0,5796.0,2025-03-20
2025032004013760,SPDL,35,7,500.0,335.0,167500.0,2025-03-20
2025032005012070,MBJC,25,45,90.0,331.0,29790.0,2025-03-20
2025032005012069,MBJC,25,51,10.0,331.0,3310.0,2025-03-20
2025032005012068,MBJC,25,34,10.0,331.0,3310.0,2025-03-20
2025032005012067,MBJC,25,78,469.0,330.9,155192.1,2025-03-20
2025032005012066,MBJC,25,42,20.0,330.2,6604.0,2025-03-20
2025032004013759,SGIC,21,65,41.0,664.0,27224.0,2025-03-20
2025032003012363,NLIC,66,40,100.0,769.8,76980.0,2025-03-20
2025032001016616,MEHL,17,52,20.0,565.0,11300.0,2025-03-20
2025032001016615,NYADI,41,42,100.0,570.0,57000.0,2025-03-20
2025032003012362,SMB,45,57,10.0,2729.0,27290.0,2025-03-20
2025032004013758,UMRH,69,45,10.0,640.8,6408.0,2025-03-20
2025032004013757,UMRH,69,29,50.0,639.0,31950.0,2025-03-20
2025032004013756,UMRH,69,45,12.0,639.0,7668.0,2025-03-20
2025032005012065,NTC,25,40,25.0,900.0,22500.0,2025-03-20
2025032005012064,NTC,1,40,25.0,900.0,22500.0,2025-03-20
2025032003012361,JFL,58,34,10.0,512.0,5120.0,2025-03-20
2025032005012063,CHDC,58,33,10.0,2264.0,22640.0,2025-03-20
2025032005012062,ILI,5,6,45.0,471.0,21195.0,2025-03-20
2025032004013755,SHEL,4,94,400.0,253.0,101200.0,2025-03-20
2025032003012360,MLBL,4,94,240.0,410.0,98400.0,2025-03-20
2025032001016614,ADBL,47,44,73.0,286.0,20878.0,2025-03-20
2025032004013754,API,49,13,43.0,274.4,11799.2,2025-03-20
2025032004013753,UPPER,42,64,1125.0,201.5,226687.5,2025-03-20
2025032001016613,SARBTM,57,94,145.0,793.0,114985.0,2025-03-20
2025032001016612,SARBTM,58,94,35.0,793.0,27755.0,2025-03-20
2025032001016611,SARBTM,26,94,50.0,793.0,39650.0,2025-03-20
2025032001016610,SARBTM,45,94,200.0,793.0,158600.0,2025-03-20
2025032001016609,SARBTM,5,94,70.0,793.1,55517.0,2025-03-20
2025032001016608,HBL,42,16,200.0,236.0,47200.0,2025-03-20
2025032003012359,NLIC,58,40,50.0,769.8,38490.0,2025-03-20
2025032001016607,PPL,6,42,50.0,522.3,26115.0,2025-03-20
2025032003012358,JBBL,55,45,321.0,349.7,112253.7,2025-03-20
2025032003012357,JBBL,55,17,179.0,349.0,62471.0,2025-03-20
2025032005012061,SONA,56,39,20.0,466.5,9330.0,2025-03-20
2025032003012356,MPFL,53,6,410.0,634.9,260309.0,2025-03-20
2025032001016606,SCB,58,49,94.0,641.1,60263.4,2025-03-20
2025032001016605,SCB,57,49,112.0,643.8,72105.6,2025-03-20
2025032005012060,RNLI,44,38,11.0,547.1,6018.1,2025-03-20
2025032005012059,NRM,49,19,100.0,480.1,48010.0,2025-03-20
2025032005012058,NRM,52,19,100.0,480.1,48010.0,2025-03-20
2025032001016604,MKJC,32,45,300.0,550.0,165000.0,2025-03-20
2025032001016603,MKJC,32,53,100.0,550.0,55000.0,2025-03-20
2025032001016602,MKJC,32,18,290.0,550.0,159500.0,2025-03-20
2025032001016601,MKJC,32,41,10.0,550.0,5500.0,2025-03-20
2025032001016600,MKJC,32,36,190.0,549.9,104481.0,2025-03-20
2025032001016599,SNLI,35,57,10.0,671.0,6710.0,2025-03-20
2025032003012355,SFCL,35,21,30.0,523.0,15690.0,2025-03-20
2025032001016598,USHL,35,14,11.0,754.9,8303.9,2025-03-20
2025032003012354,ALBSL,62,53,10.0,863.0,8630.0,2025-03-20
2025032001016597,MKHC,45,41,40.0,525.0,21000.0,2025-03-20
2025032004013752,API,49,41,157.0,274.4,43080.8,2025-03-20
2025032004013751,API,39,41,13.0,274.4,3567.2,2025-03-20
2025032005012057,CHDC,36,33,10.0,2264.0,22640.0,2025-03-20
2025032001016596,GMLI,60,52,10.0,2028.0,20280.0,2025-03-20
2025032001016595,BHPL,45,47,50.0,1033.0,51650.0,2025-03-20
2025032001016594,BHPL,55,47,30.0,1035.0,31050.0,2025-03-20
2025032001016593,BHPL,10,47,15.0,1035.0,15525.0,2025-03-20
2025032001016592,BHPL,41,47,30.0,1036.0,31080.0,2025-03-20
2025032004013750,HPPL,91,42,100.0,600.0,60000.0,2025-03-20
2025032005012056,SONA,56,58,15.0,466.5,6997.5,2025-03-20
2025032004013749,HURJA,43,58,163.0,238.2,38826.6,2025-03-20
2025032004013748,HURJA,58,58,37.0,238.3,8817.1,2025-03-20
2025032004013747,KKHC,14,99,150.0,346.0,51900.0,2025-03-20
2025032003012353,SINDU,1,36,54.0,1144.0,61776.0,2025-03-20
2025032003012352,SINDU,1,43,231.0,1144.0,264264.0,2025-03-20
2025032003012351,SINDU,1,34,15.0,1143.3,17149.5,2025-03-20
2025032005012055,ILI,29,51,12.0,470.0,5640.0,2025-03-20
2025032001016591,MKCL,18,52,10.0,1600.0,16000.0,2025-03-20
2025032003012350,CFCL,49,21,50.0,553.9,27695.0,2025-03-20
2025032003012349,SINDU,72,49,100.0,1143.1,114310.0,2025-03-20
2025032003012348,ICFC,38,41,100.0,619.0,61900.0,2025-03-20
2025032004013746,RHPL,26,18,360.0,397.5,143100.0,2025-03-20
2025032004013745,AHPC,16,44,200.0,254.0,50800.0,2025-03-20
2025032001016590,SNLI,25,57,100.0,671.0,67100.0,2025-03-20
2025032003012347,GRDBL,46,77,10.0,1449.0,14490.0,2025-03-20
2025032001016589,MMKJL,78,35,70.0,712.0,49840.0,2025-03-20
2025032001016588,MMKJL,17,35,80.0,718.0,57440.0,2025-03-20
2025032001016587,MMKJL,17,35,50.0,718.0,35900.0,2025-03-20
2025032001016586,USHEC,25,34,10.0,623.8,6238.0,2025-03-20
2025032004013744,RADHI,13,35,701.0,397.0,278297.0,2025-03-20
2025032004013743,RADHI,87,35,306.0,399.0,122094.0,2025-03-20
2025032005012054,SHIVM,44,41,110.0,533.2,58652.0,2025-03-20
2025032003012346,MLBL,6,16,130.0,409.3,53209.0,2025-03-20
2025032003012345,MLBL,56,16,370.0,409.3,151441.0,2025-03-20
2025032001016585,GBIME,16,84,150.0,220.0,33000.0,2025-03-20
2025032005012053,NTC,34,44,130.0,904.0,117520.0,2025-03-20
2025032005012052,NTC,34,19,50.0,903.9,45195.0,2025-03-20
2025032005012051,NTC,34,36,50.0,903.8,45190.0,2025-03-20
2025032005012050,NTC,34,45,170.0,903.0,153510.0,2025-03-20
2025032005012049,NTC,34,16,100.0,902.0,90200.0,2025-03-20
2025032005012048,SONA,56,77,10.0,466.5,4665.0,2025-03-20
2025032003012344,JBBL,59,17,28.0,349.0,9772.0,2025-03-20
2025032003012343,ICFC,13,41,100.0,619.0,61900.0,2025-03-20
2025032001016584,KBL,94,81,912.0,205.0,186960.0,2025-03-20
2025032004013742,DHPL,74,92,300.0,418.0,125400.0,2025-03-20
2025032003012342,MLBL,56,42,860.0,409.3,351998.0,2025-03-20
2025032004013741,IGI,41,42,100.0,590.2,59020.0,2025-03-20
2025032004013740,HDHPC,57,58,41.0,199.9,8195.9,2025-03-20
2025032003012341,SINDU,72,51,300.0,1143.1,342930.0,2025-03-20
2025032001016583,GMLI,55,55,10.0,2027.0,20270.0,2025-03-20
2025032004013739,GHL,39,52,51.0,293.0,14943.0,2025-03-20
2025032004013738,GHL,94,52,1000.0,293.1,293100.0,2025-03-20
2025032004013737,GHL,21,52,1800.0,293.1,527580.0,2025-03-20
2025032004013736,GHL,39,52,2149.0,293.3,630301.7,2025-03-20
2025032005012047,NRIC,52,39,100.0,1277.9,127790.0,2025-03-20
2025032001016582,ULBSL,43,49,10.0,3540.0,35400.0,2025-03-20
2025032003012340,SIFC,45,44,50.0,525.5,26275.0,2025-03-20
2025032001016581,TAMOR,19,25,40.0,523.1,20924.0,2025-03-20
2025032003012339,SFCL,51,21,112.0,523.0,58576.0,2025-03-20
2025032003012338,SFCL,36,21,20.0,523.0,10460.0,2025-03-20
2025032003012337,SFCL,43,21,100.0,523.9,52390.0,2025-03-20
2025032001016580,PPL,32,56,19.0,529.0,10051.0,2025-03-20
2025032001016579,PPL,32,7,791.0,528.0,417648.0,2025-03-20
2025032001016578,PPL,32,98,10.0,528.0,5280.0,2025-03-20
2025032001016577,PPL,32,40,10.0,528.0,5280.0,2025-03-20
2025032001016576,PPL,32,58,470.0,527.9,248113.0,2025-03-20
2025032001016575,SNLI,32,57,287.0,671.0,192577.0,2025-03-20
2025032001016574,SNLI,32,57,13.0,668.0,8684.0,2025-03-20
2025032004013735,SSHL,45,59,20.0,231.0,4620.0,2025-03-20
2025032004013734,UPCL,16,45,400.0,298.2,119280.0,2025-03-20
2025032005012046,CHDC,96,16,907.0,2263.0,2052541.0,2025-03-20
2025032001016573,MBL,8,33,447.0,228.1,101960.7,2025-03-20
2025032001016572,MBL,49,33,390.0,228.1,88959.0,2025-03-20
2025032001016571,GVL,64,58,20.0,490.0,9800.0,2025-03-20
2025032003012336,SADBL,13,53,50.0,408.0,20400.0,2025-03-20
2025032005012045,HRL,54,8,20.0,963.0,19260.0,2025-03-20
2025032003012335,JFL,8,34,72.0,512.0,36864.0,2025-03-20
2025032004013733,KKHC,57,59,100.0,346.5,34650.0,2025-03-20
2025032001016570,SNLI,25,57,80.0,668.0,53440.0,2025-03-20
2025032001016569,SNLI,56,57,57.0,669.0,38133.0,2025-03-20
2025032001016568,KBL,47,81,200.0,205.0,41000.0,2025-03-20
2025032001016567,HIDCLP,45,55,100.0,174.0,17400.0,2025-03-20
2025032005012044,HRL,54,38,10.0,963.0,9630.0,2025-03-20
2025032004013732,SICL,45,21,50.0,779.0,38950.0,2025-03-20
2025032004013731,SICL,41,21,100.0,779.0,77900.0,2025-03-20
2025032004013730,SICL,47,21,100.0,779.0,77900.0,2025-03-20
2025032001016566,DOLTI,64,25,107.0,728.0,77896.0,2025-03-20
2025032001016565,DOLTI,17,25,20.0,728.0,14560.0,2025-03-20
2025032005012043,HRL,54,57,10.0,963.0,9630.0,2025-03-20
2025032005012042,HRL,54,36,200.0,963.0,192600.0,2025-03-20
2025032005012041,HRL,54,39,50.0,963.0,48150.0,2025-03-20
2025032005012040,HRL,54,25,100.0,963.0,96300.0,2025-03-20
2025032005012039,HRL,54,99,80.0,963.0,77040.0,2025-03-20
2025032001016564,NBL,45,42,20.0,250.0,5000.0,2025-03-20
2025032001016563,TSHL,77,48,90.0,842.0,75780.0,2025-03-20
2025032001016562,TSHL,77,20,50.0,842.0,42100.0,2025-03-20
2025032001016561,TSHL,77,34,110.0,840.0,92400.0,2025-03-20
2025032004013729,SHPC,59,22,180.0,466.4,83952.0,2025-03-20
2025032004013728,SHPC,59,50,400.0,466.4,186560.0,2025-03-20
2025032004013727,SHPC,59,50,200.0,466.3,93260.0,2025-03-20
2025032004013726,SHPC,59,32,20.0,465.2,9304.0,2025-03-20
2025032004013725,SHPC,59,47,200.0,465.0,93000.0,2025-03-20
2025032003012334,NFS,51,57,453.0,702.0,318006.0,2025-03-20
2025032003012333,NFS,38,57,20.0,702.0,14040.0,2025-03-20
2025032003012332,NFS,42,57,10.0,702.1,7021.0,2025-03-20
2025032003012331,NFS,41,57,10.0,702.1,7021.0,2025-03-20
2025032003012330,NFS,87,57,50.0,702.1,35105.0,2025-03-20
2025032003012329,NFS,19,57,200.0,702.2,140440.0,2025-03-20
2025032003012328,NFS,51,57,667.0,702.2,468367.4,2025-03-20
2025032003012327,NFS,29,57,20.0,702.3,14046.0,2025-03-20
2025032003012326,NFS,58,57,115.0,702.3,80764.5,2025-03-20
2025032003012325,NFS,38,57,20.0,703.0,14060.0,2025-03-20
2025032003012324,NFS,6,57,20.0,703.0,14060.0,2025-03-20
2025032003012323,NFS,22,57,10.0,703.0,7030.0,2025-03-20
2025032003012322,NFS,51,57,645.0,703.0,453435.0,2025-03-20
2025032003012321,NFS,1,57,70.0,704.0,49280.0,2025-03-20
2025032004013724,PPCL,29,4,10.0,322.7,3227.0,2025-03-20
2025032001016560,GVL,58,48,148.0,489.0,72372.0,2025-03-20
2025032001016559,GVL,7,48,300.0,489.0,146700.0,2025-03-20
2025032005012038,MBJC,26,22,200.0,330.1,66020.0,2025-03-20
2025032004013723,BARUN,22,46,417.0,499.0,208083.0,2025-03-20
2025032005012037,NRIC,52,75,651.0,1277.9,831912.9,2025-03-20
2025032005012036,NRIC,52,58,49.0,1277.5,62597.5,2025-03-20
2025032001016558,BNHC,6,48,400.0,516.0,206400.0,2025-03-20
2025032001016557,MCHL,59,49,20.0,576.3,11526.0,2025-03-20
2025032001016556,MCHL,59,49,80.0,576.3,46104.0,2025-03-20
2025032004013722,UNHPL,18,38,185.0,318.0,58830.0,2025-03-20
2025032005012035,GCIL,57,18,17.0,530.1,9011.7,2025-03-20
2025032005012034,GCIL,22,18,12.0,530.1,6361.2,2025-03-20
2025032005012033,GCIL,19,18,500.0,530.1,265050.0,2025-03-20
2025032005012032,GCIL,39,18,471.0,530.1,249677.1,2025-03-20
2025032001016555,BHL,49,38,11.0,335.0,3685.0,2025-03-20
2025032001016554,GMLI,66,26,40.0,2034.9,81396.0,2025-03-20
2025032001016553,GMLI,66,21,10.0,2034.9,20349.0,2025-03-20
2025032003012320,SWMF,50,32,80.0,740.0,59200.0,2025-03-20
2025032003012319,SWMF,47,32,100.0,740.1,74010.0,2025-03-20
2025032005012031,NRN,5,86,70.0,1405.1,98357.0,2025-03-20
2025032005012030,NRN,67,86,25.0,1405.1,35127.5,2025-03-20
2025032005012029,NRN,53,86,55.0,1406.0,77330.0,2025-03-20
2025032005012028,NRN,41,86,350.0,1407.0,492450.0,2025-03-20
2025032005012027,SAHAS,17,29,95.0,505.0,47975.0,2025-03-20
2025032005012026,SAHAS,36,29,100.0,505.0,50500.0,2025-03-20
2025032005012025,SAHAS,25,29,200.0,505.0,101000.0,2025-03-20
2025032005012024,SAHAS,29,29,45.0,505.0,22725.0,2025-03-20
2025032005012023,SAHAS,41,29,160.0,505.1,80816.0,2025-03-20
2025032004013721,UMHL,29,89,100.0,450.0,45000.0,2025-03-20
2025032001016552,MMKJL,17,96,200.0,718.0,143600.0,2025-03-20
2025032005012022,HATHY,5,54,10.0,1329.0,13290.0,2025-03-20
2025032005012021,HATHY,5,45,90.0,1329.0,119610.0,2025-03-20
2025032001016551,GMLI,4,57,10.0,2030.0,20300.0,2025-03-20
2025032004013720,HDHPC,57,70,788.0,199.8,157442.4,2025-03-20
2025032004013719,HDHPC,57,16,250.0,199.7,49925.0,2025-03-20
2025032003012318,MLBL,56,48,3400.0,409.3,1391620.0,2025-03-20
2025032005012020,MEL,52,13,10.0,322.0,3220.0,2025-03-20
2025032001016550,KDL,55,99,32.0,1120.0,35840.0,2025-03-20
2025032001016549,KDL,64,99,18.0,1120.0,20160.0,2025-03-20
2025032001016548,KDL,34,99,50.0,1120.0,56000.0,2025-03-20
2025032005012019,NTC,1,42,60.0,900.0,54000.0,2025-03-20
2025032004013718,UMHL,57,22,337.0,447.9,150942.3,2025-03-20
2025032004013717,UMHL,44,22,200.0,448.0,89600.0,2025-03-20
2025032004013716,UMHL,32,22,400.0,448.0,179200.0,2025-03-20
2025032004013715,UMHL,36,22,1000.0,448.0,448000.0,2025-03-20
2025032004013714,UMHL,25,22,100.0,448.0,44800.0,2025-03-20
2025032004013713,UMHL,45,22,100.0,448.0,44800.0,2025-03-20
2025032004013712,UMHL,58,22,15.0,448.0,6720.0,2025-03-20
2025032004013711,UMHL,57,22,200.0,448.0,89600.0,2025-03-20
2025032004013710,UMHL,62,22,2609.0,448.0,1168832.0,2025-03-20
2025032004013709,UMHL,49,22,350.0,448.5,156975.0,2025-03-20
2025032004013708,UMHL,77,22,155.0,448.5,69517.5,2025-03-20
2025032004013707,UMHL,60,22,1864.0,449.9,838613.6,2025-03-20
2025032001016547,ULHC,11,57,50.0,516.0,25800.0,2025-03-20
2025032003012317,MLBL,56,58,370.0,409.3,151441.0,2025-03-20
2025032004013706,KKHC,14,52,450.0,346.0,155700.0,2025-03-20
2025032003012316,ALICL,6,45,100.0,737.0,73700.0,2025-03-20
2025032003012315,NLICL,6,34,350.0,639.0,223650.0,2025-03-20
2025032003012314,LICN,28,14,92.0,1010.0,92920.0,2025-03-20
2025032004013705,UAIL,50,38,44.0,657.0,28908.0,2025-03-20
2025032004013704,SHPC,38,22,38.0,465.0,17670.0,2025-03-20
2025032001016546,RAWA,19,58,100.0,878.0,87800.0,2025-03-20
2025032005012018,RNLI,14,49,11.0,547.4,6021.4,2025-03-20
2025032001016545,SARBTM,5,46,30.0,793.1,23793.0,2025-03-20
2025032001016544,SARBTM,53,46,30.0,793.1,23793.0,2025-03-20
2025032001016543,SARBTM,39,46,20.0,793.3,15866.0,2025-03-20
2025032001016542,SARBTM,16,46,20.0,793.5,15870.0,2025-03-20
2025032001016541,NICD88,38,46,1.0,1026.2,1026.2,2025-03-20
2025032005012017,HRL,36,58,100.0,962.9,96290.0,2025-03-20
2025032004013703,SSHL,45,59,500.0,231.0,115500.0,2025-03-20
2025032004013702,DHPL,74,40,300.0,418.0,125400.0,2025-03-20
2025032005012016,ENL,43,34,15.0,1128.0,16920.0,2025-03-20
2025032001016540,SMH,34,38,10.0,1001.0,10010.0,2025-03-20
2025032005012015,ILI,34,6,2000.0,471.0,942000.0,2025-03-20
2025032003012313,SINDU,49,34,15.0,1143.3,17149.5,2025-03-20
2025032003012312,GFCL,43,59,66.0,679.0,44814.0,2025-03-20
2025032003012311,GFCL,21,59,35.0,679.1,23768.5,2025-03-20
2025032003012310,SINDU,49,48,85.0,1143.3,97180.5,2025-03-20
2025032001016539,TVCL,54,48,95.0,529.0,50255.0,2025-03-20
2025032001016538,TVCL,41,48,70.0,529.2,37044.0,2025-03-20
2025032001016537,TVCL,38,48,50.0,530.0,26500.0,2025-03-20
2025032001016536,TVCL,22,48,35.0,530.0,18550.0,2025-03-20
2025032001016535,TVCL,17,48,100.0,530.5,53050.0,2025-03-20
2025032004013701,JOSHI,44,13,25.0,372.0,9300.0,2025-03-20
2025032004013700,JOSHI,45,13,200.0,372.0,74400.0,2025-03-20
2025032004013699,JOSHI,57,13,100.0,372.0,37200.0,2025-03-20
2025032004013698,JOSHI,34,13,20.0,372.0,7440.0,2025-03-20
2025032004013697,JOSHI,26,13,988.0,372.0,367536.0,2025-03-20
2025032005012014,PHCL,25,42,40.0,598.2,23928.0,2025-03-20
2025032004013696,JOSHI,26,43,12.0,372.0,4464.0,2025-03-20
2025032004013695,JOSHI,44,43,100.0,372.0,37200.0,2025-03-20
2025032004013694,JOSHI,38,43,10.0,372.0,3720.0,2025-03-20
2025032004013693,JOSHI,17,43,640.0,372.1,238144.0,2025-03-20
2025032005012013,NRN,41,52,150.0,1407.0,211050.0,2025-03-20
2025032005012012,NRN,34,52,100.0,1407.0,140700.0,2025-03-20
2025032003012309,LICN,55,14,10.0,1010.0,10100.0,2025-03-20
2025032003012308,LICN,22,14,200.0,1010.0,202000.0,2025-03-20
2025032003012307,LICN,84,14,465.0,1010.0,469650.0,2025-03-20
2025032003012306,LICN,13,14,70.0,1010.1,70707.0,2025-03-20
2025032003012305,PROFL,58,11,20.0,531.0,10620.0,2025-03-20
2025032005012011,SONA,58,16,100.0,467.0,46700.0,2025-03-20
2025032004013692,GHL,39,25,2000.0,293.3,586600.0,2025-03-20
2025032004013691,HURJA,45,37,200.0,239.0,47800.0,2025-03-20
2025032004013690,HURJA,45,34,100.0,239.0,23900.0,2025-03-20
2025032004013689,HURJA,45,41,200.0,238.9,47780.0,2025-03-20
2025032003012304,LLBS,77,58,1.0,1075.1,1075.1,2025-03-20
2025032001016534,SGHC,17,80,10.0,501.1,5011.0,2025-03-20
2025032004013688,GLH,39,34,770.0,247.1,190267.0,2025-03-20
2025032004013687,GLH,48,34,300.0,247.2,74160.0,2025-03-20
2025032004013686,GLH,13,34,500.0,247.2,123600.0,2025-03-20
2025032004013685,GLH,19,34,300.0,247.3,74190.0,2025-03-20
2025032004013684,GLH,54,34,130.0,247.3,32149.0,2025-03-20
2025032001016533,CITY,34,34,60.0,871.0,52260.0,2025-03-20
2025032004013683,UMHL,59,89,100.0,450.0,45000.0,2025-03-20
2025032003012303,MLBL,48,94,430.0,410.0,176300.0,2025-03-20
2025032003012302,MLBL,48,1,70.0,409.5,28665.0,2025-03-20
2025032003012301,LICN,13,49,130.0,1010.1,131313.0,2025-03-20
2025032004013682,UMHL,42,89,500.0,450.0,225000.0,2025-03-20
2025032001016532,NBL,6,42,117.0,250.0,29250.0,2025-03-20
2025032004013681,HPPL,91,11,356.0,600.0,213600.0,2025-03-20
2025032004013680,HPPL,59,11,20.0,600.0,12000.0,2025-03-20
2025032004013679,DHPL,74,52,200.0,418.0,83600.0,2025-03-20
2025032001016531,MMKJL,17,44,50.0,718.0,35900.0,2025-03-20
2025032001016530,MMKJL,17,44,50.0,718.0,35900.0,2025-03-20
2025032005012010,NIFRA,17,38,54.0,267.5,14445.0,2025-03-20
2025032001016529,GMLI,4,38,10.0,2030.0,20300.0,2025-03-20
2025032001016528,BNHC,38,48,100.0,516.0,51600.0,2025-03-20
2025032004013678,NGPL,55,38,119.0,275.5,32784.5,2025-03-20
2025032005012009,HRL,36,62,50.0,962.9,48145.0,2025-03-20
2025032004013677,BARUN,39,46,17.0,499.0,8483.0,2025-03-20
2025032004013676,BARUN,58,46,200.0,499.1,99820.0,2025-03-20
2025032001016527,CYCL,49,14,10.0,1597.0,15970.0,2025-03-20
2025032001016526,RAWA,86,16,10.0,885.0,8850.0,2025-03-20
2025032003012300,EDBL,70,95,300.0,658.0,197400.0,2025-03-20
2025032003012299,EDBL,59,95,100.0,658.5,65850.0,2025-03-20
2025032003012298,EDBL,44,95,500.0,659.6,329800.0,2025-03-20
2025032003012297,EDBL,47,95,100.0,660.0,66000.0,2025-03-20
2025032003012296,EDBL,56,95,50.0,660.0,33000.0,2025-03-20
2025032003012295,EDBL,65,95,500.0,660.0,330000.0,2025-03-20
2025032003012294,EDBL,71,95,100.0,660.0,66000.0,2025-03-20
2025032003012293,LICN,84,45,35.0,1010.0,35350.0,2025-03-20
2025032004013675,AHPC,53,38,200.0,254.3,50860.0,2025-03-20
2025032003012292,JFL,58,34,144.0,512.0,73728.0,2025-03-20
2025032003012291,JFL,58,34,78.0,512.0,39936.0,2025-03-20
2025032004013674,MHNL,34,38,10.0,268.0,2680.0,2025-03-20
2025032001016525,LSL,58,21,100.0,220.0,22000.0,2025-03-20
2025032005012008,NIFRA,17,57,400.0,267.5,107000.0,2025-03-20
2025032004013673,GHL,39,56,311.0,293.3,91216.3,2025-03-20
2025032004013672,GHL,42,82,500.0,293.7,146850.0,2025-03-20
2025032003012290,SAPDBL,42,20,60.0,1195.0,71700.0,2025-03-20
2025032003012289,SAPDBL,42,36,140.0,1190.0,166600.0,2025-03-20
2025032005012007,HIDCL,91,48,277.0,267.0,73959.0,2025-03-20
2025032004013671,GHL,72,39,500.0,293.4,146700.0,2025-03-20
2025032004013670,SJCL,42,52,107.0,330.4,35352.8,2025-03-20
2025032004013669,SJCL,91,52,100.0,330.5,33050.0,2025-03-20
2025032004013668,SJCL,50,52,93.0,330.5,30736.5,2025-03-20
2025032004013667,SJCL,3,52,100.0,330.6,33060.0,2025-03-20
2025032004013666,SJCL,3,52,100.0,330.6,33060.0,2025-03-20
2025032004013665,NIL,57,36,11.0,770.0,8470.0,2025-03-20
2025032004013664,NIL,53,36,10.0,770.1,7701.0,2025-03-20
2025032004013663,NIL,58,36,10.0,771.0,7710.0,2025-03-20
2025032004013662,NIL,52,36,19.0,771.0,14649.0,2025-03-20
2025032001016524,SGHC,58,7,32.0,507.9,16252.8,2025-03-20
2025032005012006,SMJC,22,39,500.0,607.0,303500.0,2025-03-20
2025032001016523,GBIME,38,84,62.0,220.0,13640.0,2025-03-20
2025032001016522,MHL,38,45,10.0,750.0,7500.0,2025-03-20
2025032001016521,MKHL,36,35,20.0,714.0,14280.0,2025-03-20
2025032004013661,CHL,17,17,71.0,522.0,37062.0,2025-03-20
2025032005012005,RNLI,44,17,950.0,547.1,519745.0,2025-03-20
2025032005012004,HIDCL,45,48,100.0,267.0,26700.0,2025-03-20
2025032004013660,JOSHI,17,45,350.0,372.1,130235.0,2025-03-20
2025032004013659,RADHI,87,49,30.0,399.0,11970.0,2025-03-20
2025032004013658,RADHI,87,6,164.0,398.0,65272.0,2025-03-20
2025032001016520,SMHL,36,65,809.0,950.1,768630.9,2025-03-20
2025032001016519,SMHL,45,65,10.0,951.1,9511.0,2025-03-20
2025032001016518,SMHL,4,65,11.0,951.2,10463.2,2025-03-20
2025032001016517,SMHL,57,65,170.0,955.0,162350.0,2025-03-20
2025032004013657,BARUN,58,25,800.0,499.1,399280.0,2025-03-20
2025032005012003,SAHAS,41,58,50.0,505.1,25255.0,2025-03-20
2025032003012288,JBBL,38,47,67.0,347.1,23255.7,2025-03-20
2025032003012287,JBBL,34,47,43.0,347.2,14929.6,2025-03-20
2025032001016516,SARBTM,13,29,100.0,795.0,79500.0,2025-03-20
2025032004013656,MHNL,42,38,220.0,268.0,58960.0,2025-03-20
2025032003012286,CORBL,41,71,67.0,1865.2,124968.4,2025-03-20
2025032003012285,CORBL,91,71,100.0,1868.0,186800.0,2025-03-20
2025032003012284,CORBL,28,71,20.0,1868.2,37364.0,2025-03-20
2025032003012283,CORBL,45,71,50.0,1868.2,93410.0,2025-03-20
2025032003012282,CORBL,29,71,10.0,1869.0,18690.0,2025-03-20
2025032003012281,CORBL,91,71,30.0,1870.0,56100.0,2025-03-20
2025032005012002,SONA,56,39,98.0,466.5,45717.0,2025-03-20
2025032003012280,SAPDBL,57,36,40.0,1190.0,47600.0,2025-03-20
2025032005012001,HRL,52,99,25.0,963.0,24075.0,2025-03-20
2025032004013655,UMHL,60,81,500.0,449.9,224950.0,2025-03-20
2025032001016515,SPL,7,45,10.0,899.9,8999.0,2025-03-20
2025032001016514,SPL,7,74,30.0,895.0,26850.0,2025-03-20
2025032003012279,SWMF,50,49,320.0,740.0,236800.0,2025-03-20
2025032003012278,SWMF,42,49,30.0,740.0,22200.0,2025-03-20
2025032005012000,NBF2,32,34,1000.0,9.52,9520.0,2025-03-20
2025032001016513,GMLI,4,32,10.0,2030.0,20300.0,2025-03-20
2025032004013654,SSHL,38,59,110.0,231.0,25410.0,2025-03-20
2025032004013653,CHL,32,17,15.0,522.0,7830.0,2025-03-20
2025032004013652,CHL,99,17,49.0,522.0,25578.0,2025-03-20
2025032004013651,CHL,56,17,30.0,522.1,15663.0,2025-03-20
2025032003012277,SLBSL,86,45,10.0,2132.0,21320.0,2025-03-20
2025032003012276,CBBL,35,47,20.0,860.0,17200.0,2025-03-20
2025032004013650,BARUN,39,58,192.0,499.0,95808.0,2025-03-20
2025032004013649,SSHL,28,59,30.0,231.0,6930.0,2025-03-20
2025032004013648,SSHL,38,59,25.0,231.0,5775.0,2025-03-20
2025032004013647,SSHL,58,59,300.0,231.0,69300.0,2025-03-20
2025032004013646,SSHL,26,59,100.0,231.8,23180.0,2025-03-20
2025032005011999,NTC,1,57,425.0,900.0,382500.0,2025-03-20
2025032005011998,NTC,58,57,50.0,900.0,45000.0,2025-03-20
2025032005011997,NTC,41,57,25.0,900.0,22500.0,2025-03-20
2025032003012275,SHINE,34,57,300.0,416.5,124950.0,2025-03-20
2025032003012274,BFC,53,45,496.0,572.8,284108.8,2025-03-20
2025032004013645,NGPL,55,16,86.0,275.5,23693.0,2025-03-20
2025032005011996,SONA,56,42,10.0,466.5,4665.0,2025-03-20
2025032005011995,ILI,44,42,100.0,470.0,47000.0,2025-03-20
2025032004013644,UMHL,60,22,15.0,449.9,6748.5,2025-03-20
2025032005011994,PHCL,25,38,10.0,598.2,5982.0,2025-03-20
2025032004013643,AKPL,33,32,100.0,229.0,22900.0,2025-03-20
2025032001016512,SAMAJ,35,62,10.0,2583.0,25830.0,2025-03-20
2025032005011993,GCIL,39,62,240.0,530.1,127224.0,2025-03-20
2025032005011992,GCIL,22,62,500.0,530.2,265100.0,2025-03-20
2025032005011991,GCIL,74,62,150.0,530.2,79530.0,2025-03-20
2025032005011990,GCIL,45,62,10.0,530.2,5302.0,2025-03-20
2025032005011989,GCIL,42,62,90.0,531.0,47790.0,2025-03-20
2025032005011988,GCIL,38,62,10.0,532.0,5320.0,2025-03-20
2025032004013642,AHPC,25,38,300.0,254.3,76290.0,2025-03-20
2025032004013641,DHPL,74,34,200.0,418.0,83600.0,2025-03-20
2025032004013640,GLH,54,57,300.0,247.3,74190.0,2025-03-20
2025032004013639,GLH,51,57,200.0,248.0,49600.0,2025-03-20
2025032003012273,GFCL,21,41,15.0,679.1,10186.5,2025-03-20
2025032004013638,SHEL,57,94,100.0,253.0,25300.0,2025-03-20
2025032004013637,SHEL,60,94,620.0,253.0,156860.0,2025-03-20
2025032004013636,SHEL,22,94,500.0,253.2,126600.0,2025-03-20
2025032004013635,SHEL,67,94,1000.0,253.5,253500.0,2025-03-20
2025032001016511,ULHC,48,57,10.0,516.0,5160.0,2025-03-20
2025032005011987,NRIC,42,36,13.0,1277.1,16602.3,2025-03-20
2025032001016510,HBL,56,22,10.0,236.4,2364.0,2025-03-20
2025032004013634,UMRH,32,91,1076.0,637.3,685734.8,2025-03-20
2025032004013633,UMRH,52,91,50.0,638.0,31900.0,2025-03-20
2025032004013632,UMRH,8,91,200.0,638.0,127600.0,2025-03-20
2025032004013631,UMRH,29,91,50.0,638.1,31905.0,2025-03-20
2025032004013630,UMRH,32,91,10.0,638.1,6381.0,2025-03-20
2025032004013629,UMRH,45,91,500.0,638.2,319100.0,2025-03-20
2025032001016509,SRLI,39,59,150.0,419.9,62985.0,2025-03-20
2025032005011986,HRL,49,7,200.0,962.0,192400.0,2025-03-20
2025032003012272,NFS,1,7,30.0,704.0,21120.0,2025-03-20
2025032005011985,CLI,38,47,10.0,510.0,5100.0,2025-03-20
2025032005011984,CLI,38,35,225.0,510.0,114750.0,2025-03-20
2025032001016508,AHL,42,17,100.0,750.0,75000.0,2025-03-20
2025032005011983,HRL,49,99,895.0,963.0,861885.0,2025-03-20
2025032005011982,HRL,49,49,330.0,963.0,317790.0,2025-03-20
2025032005011981,HRL,49,41,90.0,963.0,86670.0,2025-03-20
2025032005011980,HRL,49,11,31.0,963.0,29853.0,2025-03-20
2025032005011979,HRL,49,45,10.0,963.0,9630.0,2025-03-20
2025032005011978,HRL,49,52,644.0,963.0,620172.0,2025-03-20
2025032003012271,NMFBS,21,67,191.0,1250.0,238750.0,2025-03-20
2025032003012270,PROFL,48,33,41.0,530.0,21730.0,2025-03-20
2025032003012269,PROFL,49,33,10.0,530.0,5300.0,2025-03-20
2025032003012268,PROFL,11,33,49.0,530.0,25970.0,2025-03-20
2025032005011977,HRL,49,16,229.0,962.0,220298.0,2025-03-20
2025032005011976,HRL,43,16,500.0,962.1,481050.0,2025-03-20
2025032005011975,HRL,45,16,271.0,962.1,260729.1,2025-03-20
2025032003012267,BFC,53,38,100.0,572.8,57280.0,2025-03-20
2025032003012266,BFC,53,26,10.0,572.8,5728.0,2025-03-20
2025032003012265,BFC,53,42,300.0,572.0,171600.0,2025-03-20
2025032003012264,BFC,53,36,250.0,571.0,142750.0,2025-03-20
2025032003012263,BFC,53,80,300.0,570.0,171000.0,2025-03-20
2025032003012262,BFC,53,45,200.0,570.0,114000.0,2025-03-20
2025032003012261,BFC,53,6,20.0,570.0,11400.0,2025-03-20
2025032003012260,BFC,53,38,100.0,569.0,56900.0,2025-03-20
2025032003012259,BFC,53,32,285.0,569.0,162165.0,2025-03-20
2025032005011974,SAHAS,47,44,84.0,505.3,42445.2,2025-03-20
2025032005011973,SAHAS,47,22,66.0,505.3,33349.8,2025-03-20
2025032005011972,SAHAS,47,53,450.0,505.1,227295.0,2025-03-20
2025032005011971,HRL,45,57,200.0,962.1,192420.0,2025-03-20
2025032003012258,LBBL,54,48,100.0,437.0,43700.0,2025-03-20
2025032004013628,CHCL,56,50,213.0,490.1,104391.3,2025-03-20
2025032004013627,CHCL,56,50,40.0,490.1,19604.0,2025-03-20
2025032004013626,CHCL,7,50,500.0,490.1,245050.0,2025-03-20
2025032004013625,CHCL,4,50,10.0,490.2,4902.0,2025-03-20
2025032004013624,CHCL,16,50,200.0,490.2,98040.0,2025-03-20
2025032004013623,CHCL,20,50,37.0,490.3,18141.1,2025-03-20
2025032001016507,RFPL,96,45,10.0,734.6,7346.0,2025-03-20
2025032004013622,JOSHI,17,55,10.0,372.1,3721.0,2025-03-20
2025032003012257,NLICL,71,34,100.0,639.0,63900.0,2025-03-20
2025032001016506,NICA,58,39,51.0,372.0,18972.0,2025-03-20
2025032004013621,RIDI,16,82,10.0,223.4,2234.0,2025-03-20
2025032004013620,RIDI,35,82,100.0,223.4,22340.0,2025-03-20
2025032004013619,RIDI,62,82,200.0,223.4,44680.0,2025-03-20
2025032004013618,RIDI,5,82,500.0,223.4,111700.0,2025-03-20
2025032001016505,MNMF1,58,21,550.0,9.06,4983.0,2025-03-20
2025032001016504,MNMF1,16,21,450.0,9.06,4077.0,2025-03-20
2025032003012256,NMFBS,21,3,150.0,1250.0,187500.0,2025-03-20
2025032001016503,UNL,6,7,10.0,46601.0,466010.0,2025-03-20
2025032004013617,SHPC,57,22,317.0,465.0,147405.0,2025-03-20
2025032003012255,NMLBBL,32,25,20.0,665.1,13302.0,2025-03-20
2025032001016502,DOLTI,17,49,10.0,728.0,7280.0,2025-03-20
2025032001016501,DOLTI,17,34,20.0,728.0,14560.0,2025-03-20
2025032003012254,SKBBL,58,36,10.0,808.9,8089.0,2025-03-20
2025032001016500,DOLTI,64,8,100.0,727.0,72700.0,2025-03-20
2025032003012253,MNBBL,33,34,25.0,368.0,9200.0,2025-03-20
2025032001016499,JBLB,34,47,68.0,1350.0,91800.0,2025-03-20
2025032001016498,JBLB,34,78,152.0,1349.9,205184.8,2025-03-20
2025032001016497,JBLB,34,1,10.0,1348.0,13480.0,2025-03-20
2025032004013616,SGIC,38,65,257.0,665.0,170905.0,2025-03-20
2025032004013615,BARUN,57,47,191.0,499.0,95309.0,2025-03-20
2025032001016496,NIBLSTF,64,58,200.0,8.21,1642.0,2025-03-20
2025032001016495,NIBLSTF,42,58,300.0,8.25,2475.0,2025-03-20
2025032005011970,HRL,45,41,29.0,962.1,27900.9,2025-03-20
2025032005011969,HRL,38,41,100.0,962.1,96210.0,2025-03-20
2025032005011968,HRL,97,41,150.0,962.1,144315.0,2025-03-20
2025032005011967,HRL,37,41,200.0,962.1,192420.0,2025-03-20
2025032005011966,HRL,91,41,21.0,962.1,20204.1,2025-03-20
2025032001016494,GMLI,4,58,10.0,2030.0,20300.0,2025-03-20
2025032003012252,GBLBS,42,58,85.0,819.0,69615.0,2025-03-20
2025032003012251,GBLBS,95,58,15.0,819.0,12285.0,2025-03-20
2025032003012250,NMLBBL,57,94,100.0,665.0,66500.0,2025-03-20
2025032003012249,JSLBB,26,51,50.0,1500.2,75010.0,2025-03-20
2025032005011965,GCIL,1,45,78.0,535.0,41730.0,2025-03-20
2025032003012248,MLBL,28,6,1070.0,409.2,437844.0,2025-03-20
2025032004013614,SSHL,38,16,420.0,231.9,97398.0,2025-03-20
2025032004013613,SSHL,38,17,80.0,231.8,18544.0,2025-03-20
2025032001016493,RFPL,96,40,719.0,735.9,529112.1,2025-03-20
2025032001016492,RFPL,96,7,90.0,735.9,66231.0,2025-03-20
2025032001016491,RFPL,96,35,500.0,735.0,367500.0,2025-03-20
2025032001016490,RFPL,96,54,36.0,735.0,26460.0,2025-03-20
2025032001016489,RFPL,96,39,455.0,734.9,334379.5,2025-03-20
2025032001016488,RFPL,96,7,200.0,734.9,146980.0,2025-03-20
2025032004013612,CGH,44,53,55.0,885.0,48675.0,2025-03-20
2025032004013611,CGH,47,53,20.0,885.0,17700.0,2025-03-20
2025032004013610,CGH,35,53,10.0,885.0,8850.0,2025-03-20
2025032004013609,CGH,37,53,14.0,885.0,12390.0,2025-03-20
2025032003012247,GLBSL,88,35,40.0,2875.0,115000.0,2025-03-20
2025032004013608,UMHL,35,89,200.0,450.0,90000.0,2025-03-20
2025032003012246,FMDBL,25,4,306.0,784.0,239904.0,2025-03-20
2025032003012245,FMDBL,25,51,30.0,783.0,23490.0,2025-03-20
2025032005011964,NRIC,42,34,100.0,1277.1,127710.0,2025-03-20
2025032001016487,GMLI,4,49,10.0,2030.0,20300.0,2025-03-20
2025032004013607,MHNL,65,29,300.0,267.5,80250.0,2025-03-20
2025032004013606,GLH,54,47,500.0,247.3,123650.0,2025-03-20
2025032004013605,LEC,57,42,50.0,213.9,10695.0,2025-03-20
2025032004013604,LEC,57,33,150.0,213.5,32025.0,2025-03-20
2025032001016486,SMHL,57,38,10.0,955.0,9550.0,2025-03-20
2025032001016485,SMHL,57,38,10.0,954.0,9540.0,2025-03-20
2025032001016484,SMHL,57,36,10.0,953.0,9530.0,2025-03-20
2025032001016483,SCB,57,45,38.0,643.8,24464.4,2025-03-20
2025032003012244,NICLBSL,34,41,33.0,653.6,21568.8,2025-03-20
2025032003012243,NICLBSL,38,41,50.0,653.6,32680.0,2025-03-20
2025032003012242,NICLBSL,34,41,17.0,653.6,11111.2,2025-03-20
2025032005011963,SHIVM,44,41,500.0,533.2,266600.0,2025-03-20
2025032003012241,PMLI,13,80,190.0,574.9,109231.0,2025-03-20
2025032003012240,PMLI,13,48,10.0,574.0,5740.0,2025-03-20
2025032001016482,NICA,58,41,169.0,372.0,62868.0,2025-03-20
2025032001016481,GMLI,55,92,308.0,2027.0,624316.0,2025-03-20
2025032001016480,GMLI,56,92,104.0,2027.1,210818.4,2025-03-20
2025032001016479,GMLI,45,92,10.0,2028.0,20280.0,2025-03-20
2025032001016478,GMLI,94,92,30.0,2028.0,60840.0,2025-03-20
2025032001016477,GMLI,62,92,190.0,2028.1,385339.0,2025-03-20
2025032003012239,SWBBL,59,55,50.0,848.0,42400.0,2025-03-20
2025032003012238,SWBBL,58,55,10.0,848.0,8480.0,2025-03-20
2025032005011962,SONA,1,16,20.0,467.0,9340.0,2025-03-20
2025032001016476,DOLTI,64,39,100.0,727.0,72700.0,2025-03-20
2025032003012237,PFL,36,33,50.0,423.0,21150.0,2025-03-20
2025032003012236,PFL,36,42,52.0,423.0,21996.0,2025-03-20
2025032003012235,MFIL,49,21,100.0,617.4,61740.0,2025-03-20
2025032001016475,NABIL,7,32,50.0,487.9,24395.0,2025-03-20
2025032005011961,HRL,91,84,50.0,962.1,48105.0,2025-03-20
2025032003012234,SWBBL,54,39,31.0,859.0,26629.0,2025-03-20
2025032003012233,SWBBL,54,10,69.0,858.9,59264.1,2025-03-20
2025032005011960,HRL,91,49,29.0,962.1,27900.9,2025-03-20
2025032004013603,UNHPL,49,50,10.0,318.9,3189.0,2025-03-20
2025032001016474,SARBTM,49,29,20.0,795.0,15900.0,2025-03-20
2025032004013602,RIDI,33,43,100.0,223.5,22350.0,2025-03-20
2025032005011959,SAHAS,58,53,50.0,505.1,25255.0,2025-03-20
2025032001016473,MEHL,5,51,10.0,565.8,5658.0,2025-03-20
2025032004013601,AHPC,16,34,120.0,254.0,30480.0,2025-03-20
2025032004013600,AHPC,1,34,50.0,254.0,12700.0,2025-03-20
2025032004013599,AHPC,55,34,200.0,254.0,50800.0,2025-03-20
2025032004013598,AHPC,62,34,480.0,254.0,121920.0,2025-03-20
2025032004013597,AHPC,36,34,50.0,254.0,12700.0,2025-03-20
2025032004013596,AHPC,13,34,100.0,254.0,25400.0,2025-03-20
2025032003012232,RLFL,34,58,20.0,524.0,10480.0,2025-03-20
2025032004013595,DHPL,81,74,156.0,419.9,65504.4,2025-03-20
2025032004013594,DHPL,81,41,33.0,419.9,13856.7,2025-03-20
2025032004013593,GHL,39,41,540.0,293.3,158382.0,2025-03-20
2025032004013592,GHL,3,41,460.0,293.4,134964.0,2025-03-20
2025032003012231,SAPDBL,72,52,10.0,1194.0,11940.0,2025-03-20
2025032001016472,KDL,5,57,20.0,1120.0,22400.0,2025-03-20
2025032001016471,KDL,87,57,30.0,1120.0,33600.0,2025-03-20
2025032001016470,KDL,61,57,100.0,1120.1,112010.0,2025-03-20
2025032003012230,MPFL,13,72,25.0,635.0,15875.0,2025-03-20
2025032003012229,MLBL,56,94,10.0,410.0,4100.0,2025-03-20
2025032004013591,UMHL,60,91,917.0,449.9,412558.3,2025-03-20
2025032001016469,EHPL,42,56,10.0,775.0,7750.0,2025-03-20
2025032003012228,SIFC,45,44,50.0,525.5,26275.0,2025-03-20
2025032004013590,JOSHI,47,66,200.0,372.6,74520.0,2025-03-20
2025032001016468,PPL,32,58,330.0,527.9,174207.0,2025-03-20
2025032001016467,PPL,32,3,10.0,527.9,5279.0,2025-03-20
2025032001016466,PPL,32,25,50.0,527.8,26390.0,2025-03-20
2025032001016465,PPL,32,28,290.0,527.0,152830.0,2025-03-20
2025032001016464,PPL,32,34,400.0,526.0,210400.0,2025-03-20
2025032001016463,PPL,32,45,420.0,526.0,220920.0,2025-03-20
2025032001016462,GMLI,62,86,10.0,2028.1,20281.0,2025-03-20
2025032005011958,NIFRA,17,1,266.0,267.0,71022.0,2025-03-20
2025032005011957,NIFRA,17,13,100.0,266.9,26690.0,2025-03-20
2025032005011956,HRL,91,16,200.0,962.1,192420.0,2025-03-20
2025032005011955,HRL,37,16,100.0,962.9,96290.0,2025-03-20
2025032003012227,SINDU,49,43,100.0,1144.0,114400.0,2025-03-20
2025032003012226,SINDU,49,43,100.0,1144.0,114400.0,2025-03-20
2025032003012225,SINDU,49,49,750.0,1144.0,858000.0,2025-03-20
2025032003012224,SINDU,49,43,50.0,1143.3,57165.0,2025-03-20
2025032003012223,MSLB,41,49,10.0,1317.0,13170.0,2025-03-20
2025032004013589,AHPC,45,80,100.0,254.0,25400.0,2025-03-20
2025032004013588,AHPC,35,80,100.0,254.0,25400.0,2025-03-20
2025032004013587,AHPC,35,80,799.0,254.1,203025.9,2025-03-20
2025032003012222,SAPDBL,57,49,30.0,1190.0,35700.0,2025-03-20
2025032003012221,SAPDBL,17,49,70.0,1190.0,83300.0,2025-03-20
2025032004013586,UMHL,60,47,500.0,449.9,224950.0,2025-03-20
2025032004013585,UMHL,60,32,1000.0,449.9,449900.0,2025-03-20
2025032004013584,UMHL,60,65,50.0,449.9,22495.0,2025-03-20
2025032004013583,UMHL,60,84,450.0,449.9,202455.0,2025-03-20
2025032004013582,UMHL,60,50,50.0,449.9,22495.0,2025-03-20
2025032004013581,UMHL,60,33,200.0,449.9,89980.0,2025-03-20
2025032004013580,UMHL,60,14,1454.0,449.9,654154.6,2025-03-20
2025032001016461,KBL,34,81,40.0,205.0,8200.0,2025-03-20
2025032005011954,NRIC,42,41,100.0,1277.1,127710.0,2025-03-20
2025032004013579,HDHPC,41,16,250.0,199.7,49925.0,2025-03-20
2025032001016460,CKHL,47,58,50.0,750.2,37510.0,2025-03-20
2025032003012220,CORBL,71,66,10.0,1895.0,18950.0,2025-03-20
2025032003012219,LICN,58,49,10.0,1010.1,10101.0,2025-03-20
2025032005011953,NRIC,42,51,50.0,1277.1,63855.0,2025-03-20
2025032003012218,SMB,35,58,50.0,2702.0,135100.0,2025-03-20
2025032003012217,NFS,1,43,100.0,704.0,70400.0,2025-03-20
2025032001016459,EBL,62,6,1000.0,609.0,609000.0,2025-03-20
2025032001016458,EHPL,44,56,10.0,775.0,7750.0,2025-03-20
2025032001016457,HBL,59,19,470.0,235.6,110732.0,2025-03-20
2025032003012216,NFS,19,43,300.0,704.0,211200.0,2025-03-20
2025032003012215,HLI,56,14,550.0,426.0,234300.0,2025-03-20
2025032005011952,NRN,42,35,100.0,1409.0,140900.0,2025-03-20
2025032001016456,BHDC,49,49,58.0,616.0,35728.0,2025-03-20
2025032001016455,BHDC,49,18,22.0,615.9,13549.8,2025-03-20
2025032001016454,BHDC,49,62,20.0,615.9,12318.0,2025-03-20
2025032001016453,MCHL,17,14,100.0,577.0,57700.0,2025-03-20
2025032001016452,CITY,34,74,136.0,871.0,118456.0,2025-03-20
2025032004013578,JOSHI,47,57,119.0,372.6,44339.4,2025-03-20
2025032005011951,HIDCL,57,48,500.0,267.0,133500.0,2025-03-20
2025032005011950,HIDCL,57,48,20.0,267.0,5340.0,2025-03-20
2025032005011949,HIDCL,57,42,80.0,266.9,21352.0,2025-03-20
2025032005011948,HRL,37,57,100.0,962.9,96290.0,2025-03-20
2025032004013577,UAIL,50,57,456.0,657.0,299592.0,2025-03-20
2025032004013576,UAIL,82,57,13.0,657.0,8541.0,2025-03-20
2025032001016451,USHEC,25,36,10.0,623.9,6239.0,2025-03-20
2025032004013575,SHEL,67,39,500.0,253.5,126750.0,2025-03-20
2025032005011947,HRL,81,52,156.0,963.0,150228.0,2025-03-20
2025032005011946,HRL,81,77,20.0,962.9,19258.0,2025-03-20
2025032005011945,HRL,81,16,14.0,962.9,13480.6,2025-03-20
2025032005011944,HRL,81,59,310.0,962.9,298499.0,2025-03-20
2025032003012214,MSLB,7,57,10.0,1325.0,13250.0,2025-03-20
2025032003012213,MSLB,7,77,10.0,1323.0,13230.0,2025-03-20
2025032003012212,MSLB,7,19,20.0,1322.0,26440.0,2025-03-20
2025032003012211,MSLB,7,29,10.0,1320.0,13200.0,2025-03-20
2025032001016450,SNLI,14,57,18.0,671.0,12078.0,2025-03-20
2025032003012210,GFCL,32,22,90.0,680.0,61200.0,2025-03-20
2025032003012209,GFCL,32,57,10.0,680.0,6800.0,2025-03-20
2025032005011943,HRL,32,59,150.0,962.9,144435.0,2025-03-20
2025032005011942,SAHAS,58,38,50.0,505.1,25255.0,2025-03-20
2025032003012208,SAPDBL,17,38,30.0,1190.0,35700.0,2025-03-20
2025032001016449,NBL,6,29,83.0,250.0,20750.0,2025-03-20
2025032001016448,NBL,39,29,30.0,250.0,7500.0,2025-03-20
2025032001016447,NBL,38,29,14.0,250.0,3500.0,2025-03-20
2025032001016446,NBL,35,29,23.0,250.1,5752.3,2025-03-20
2025032003012207,MFIL,49,36,50.0,618.0,30900.0,2025-03-20
2025032005011941,HIDCL,71,42,100.0,266.9,26690.0,2025-03-20
2025032003012206,SMB,45,19,10.0,2729.0,27290.0,2025-03-20
2025032004013574,SPDL,91,58,500.0,335.5,167750.0,2025-03-20
2025032001016445,BHL,49,58,10.0,335.0,3350.0,2025-03-20
2025032001016444,SARBTM,42,63,200.0,794.0,158800.0,2025-03-20
2025032004013573,SICL,42,34,10.0,780.0,7800.0,2025-03-20
2025032004013572,AHPC,35,44,1914.0,254.1,486347.4,2025-03-20
2025032004013571,AHPC,49,44,20.0,254.1,5082.0,2025-03-20
2025032004013570,AHPC,21,44,256.0,254.1,65049.6,2025-03-20
2025032004013569,AHPC,49,44,10.0,254.2,2542.0,2025-03-20
2025032003012205,RSDC,66,42,1017.0,715.9,728070.3,2025-03-20
2025032003012204,RSDC,66,4,500.0,715.8,357900.0,2025-03-20
2025032003012203,RSDC,66,54,50.0,715.0,35750.0,2025-03-20
2025032003012202,RSDC,66,34,1000.0,715.0,715000.0,2025-03-20
2025032003012201,MLBL,28,18,725.0,409.2,296670.0,2025-03-20
2025032003012200,MLBL,39,18,275.0,409.2,112530.0,2025-03-20
2025032003012199,GMFBS,22,46,10.0,1700.0,17000.0,2025-03-20
2025032004013568,DHPL,14,41,80.0,419.9,33592.0,2025-03-20
2025032004013567,DHPL,14,90,420.0,419.5,176190.0,2025-03-20
2025032003012198,SADBL,13,95,95.0,408.0,38760.0,2025-03-20
2025032003012197,SADBL,22,95,10.0,408.0,4080.0,2025-03-20
2025032003012196,SADBL,52,95,190.0,408.0,77520.0,2025-03-20
2025032003012195,SADBL,34,95,305.0,408.0,124440.0,2025-03-20
2025032004013566,SPDL,35,38,168.0,335.0,56280.0,2025-03-20
2025032004013565,NGPL,42,16,100.0,275.5,27550.0,2025-03-20
2025032004013564,SHEL,60,81,100.0,254.0,25400.0,2025-03-20
2025032004013563,SGIC,38,49,30.0,665.0,19950.0,2025-03-20
2025032004013562,BARUN,58,25,1000.0,499.1,499100.0,2025-03-20
2025032004013561,BARUN,45,25,100.0,499.1,49910.0,2025-03-20
2025032004013560,BARUN,38,25,100.0,499.2,49920.0,2025-03-20
2025032005011940,SMJC,5,10,43.0,609.0,26187.0,2025-03-20
2025032005011939,SMJC,5,14,157.0,607.3,95346.1,2025-03-20
2025032005011938,SONA,88,16,100.0,467.0,46700.0,2025-03-20
2025032005011937,CLI,41,35,10.0,510.0,5100.0,2025-03-20
2025032001016443,ULHC,33,57,22.0,516.0,11352.0,2025-03-20
2025032001016442,ULHC,58,57,18.0,516.1,9289.8,2025-03-20
2025032005011936,HDL,43,45,47.0,1210.0,56870.0,2025-03-20
2025032005011935,HDL,56,45,27.0,1210.0,32670.0,2025-03-20
2025032005011934,HDL,48,45,41.0,1210.0,49610.0,2025-03-20
2025032005011933,HDL,49,45,30.0,1210.0,36300.0,2025-03-20
2025032005011932,HDL,53,45,20.0,1210.0,24200.0,2025-03-20
2025032005011931,HDL,57,45,75.0,1210.0,90750.0,2025-03-20
2025032005011930,HDL,57,45,20.0,1210.0,24200.0,2025-03-20
2025032005011929,HDL,58,45,50.0,1210.0,60500.0,2025-03-20
2025032005011928,HDL,8,45,80.0,1210.0,96800.0,2025-03-20
2025032005011927,HDL,32,45,10.0,1210.0,12100.0,2025-03-20
2025032003012194,SJLIC,52,43,356.0,446.2,158847.2,2025-03-20
2025032003012193,SJLIC,54,43,300.0,446.2,133860.0,2025-03-20
2025032003012192,SJLIC,100,43,84.0,446.2,37480.8,2025-03-20
2025032003012191,SJLIC,32,43,50.0,446.5,22325.0,2025-03-20
2025032003012190,SJLIC,17,43,10.0,446.5,4465.0,2025-03-20
2025032003012189,SJLIC,57,43,200.0,446.5,89300.0,2025-03-20
2025032004013559,NHDL,88,58,48.0,828.4,39763.2,2025-03-20
2025032004013558,NHDL,88,58,72.0,828.5,59652.0,2025-03-20
2025032004013557,NHDL,89,58,80.0,828.6,66288.0,2025-03-20
2025032005011926,NRN,42,51,10.0,1407.0,14070.0,2025-03-20
2025032005011925,NRN,42,13,110.0,1407.0,154770.0,2025-03-20
2025032005011924,NRN,42,35,100.0,1407.0,140700.0,2025-03-20
2025032005011923,NRN,42,52,180.0,1407.0,253260.0,2025-03-20
2025032005011922,NRN,53,14,45.0,1406.0,63270.0,2025-03-20
2025032005011921,NRN,58,14,455.0,1406.0,639730.0,2025-03-20
2025032005011920,CHDC,96,34,30.0,2263.0,67890.0,2025-03-20
2025032005011919,CHDC,96,14,100.0,2263.0,226300.0,2025-03-20
2025032005011918,CHDC,96,39,71.0,2263.0,160673.0,2025-03-20
2025032005011917,CHDC,96,50,100.0,2262.9,226290.0,2025-03-20
2025032005011916,CHDC,96,16,30.0,2262.0,67860.0,2025-03-20
2025032005011915,CHDC,96,17,12.0,2260.0,27120.0,2025-03-20
2025032005011914,CHDC,96,62,10.0,2260.0,22600.0,2025-03-20
2025032005011913,CHDC,96,38,50.0,2260.0,113000.0,2025-03-20
2025032005011912,CHDC,96,91,190.0,2252.0,427880.0,2025-03-20
2025032004013556,HEI,38,36,50.0,614.0,30700.0,2025-03-20
2025032004013555,SGIC,38,14,170.0,665.0,113050.0,2025-03-20
2025032004013554,SGIC,38,1,10.0,665.0,6650.0,2025-03-20
2025032004013553,SGIC,38,38,150.0,665.0,99750.0,2025-03-20
2025032004013552,SGIC,38,58,383.0,665.0,254695.0,2025-03-20
2025032003012188,GRDBL,26,77,20.0,1449.0,28980.0,2025-03-20
2025032001016441,MAKAR,34,38,10.0,711.0,7110.0,2025-03-20
2025032003012187,SFCL,35,36,76.0,524.0,39824.0,2025-03-20
2025032003012186,SFCL,35,36,180.0,524.0,94320.0,2025-03-20
2025032004013551,AHPC,56,38,800.0,254.3,203440.0,2025-03-20
2025032004013550,AHPC,48,38,500.0,254.3,127150.0,2025-03-20
2025032003012185,ACLBSL,55,35,63.0,1096.3,69066.9,2025-03-20
2025032003012184,PFL,5,42,100.0,423.0,42300.0,2025-03-20
2025032005011911,NRM,5,99,80.0,481.0,38480.0,2025-03-20
2025032001016440,GMLI,94,56,10.0,2028.0,20280.0,2025-03-20
2025032003012183,DDBL,29,51,50.0,781.0,39050.0,2025-03-20
2025032004013549,NLG,1,85,20.0,866.0,17320.0,2025-03-20
2025032003012182,PFL,19,58,28.0,422.9,11841.2,2025-03-20
2025032004013548,SHL,58,58,29.0,485.0,14065.0,2025-03-20
2025032001016439,SGHC,58,58,200.0,507.9,101580.0,2025-03-20
2025032001016438,SGHC,58,45,10.0,507.0,5070.0,2025-03-20
2025032001016437,SGHC,58,34,308.0,507.0,156156.0,2025-03-20
2025032005011910,HRL,36,59,40.0,962.9,38516.0,2025-03-20
2025032005011909,HRL,36,48,50.0,962.8,48140.0,2025-03-20
2025032005011908,HRL,36,34,10.0,962.8,9628.0,2025-03-20
2025032005011907,SHIVM,44,14,200.0,533.2,106640.0,2025-03-20
2025032004013547,SHL,25,38,100.0,489.0,48900.0,2025-03-20
2025032001016436,CYCL,80,95,10.0,1598.0,15980.0,2025-03-20
2025032005011906,NTC,41,40,75.0,900.0,67500.0,2025-03-20
2025032005011905,NTC,57,40,10.0,900.0,9000.0,2025-03-20
2025032005011904,NTC,49,40,50.0,900.0,45000.0,2025-03-20
2025032005011903,NTC,1,40,65.0,901.0,58565.0,2025-03-20
2025032004013546,IGI,88,60,21.0,590.1,12392.1,2025-03-20
2025032004013545,IGI,14,60,40.0,590.1,23604.0,2025-03-20
2025032004013544,IGI,8,60,39.0,590.2,23017.8,2025-03-20
2025032004013543,AHPC,53,59,200.0,254.7,50940.0,2025-03-20
2025032003012181,GRDBL,26,17,10.0,1449.0,14490.0,2025-03-20
2025032003012180,GMFIL,67,49,100.0,497.0,49700.0,2025-03-20
2025032004013542,HDHPC,36,70,212.0,199.8,42357.6,2025-03-20
2025032004013541,HDHPC,36,58,20.0,199.8,3996.0,2025-03-20
2025032004013540,HDHPC,36,39,542.0,199.8,108291.6,2025-03-20
2025032005011902,RNLI,44,50,520.0,547.1,284492.0,2025-03-20
2025032005011901,SMJC,10,74,21.0,606.0,12726.0,2025-03-20
2025032005011900,SMJC,96,74,50.0,606.1,30305.0,2025-03-20
2025032005011899,SMJC,21,74,399.0,607.0,242193.0,2025-03-20
2025032005011898,SMJC,14,74,100.0,607.0,60700.0,2025-03-20
2025032005011897,SMJC,8,74,50.0,607.0,30350.0,2025-03-20
2025032005011896,SMJC,55,74,150.0,607.0,91050.0,2025-03-20
2025032005011895,SMJC,34,74,280.0,607.0,169960.0,2025-03-20
2025032005011894,SMJC,14,74,100.0,607.1,60710.0,2025-03-20
2025032005011893,NRN,58,99,200.0,1406.0,281200.0,2025-03-20
2025032001016435,MHL,25,1,20.0,745.0,14900.0,2025-03-20
2025032003012179,MLBL,39,39,25.0,409.2,10230.0,2025-03-20
2025032003012178,MLBL,65,39,10.0,409.3,4093.0,2025-03-20
2025032003012177,MLBL,48,39,140.0,409.3,57302.0,2025-03-20
2025032003012176,MLBL,4,39,25.0,409.3,10232.5,2025-03-20
2025032005011892,NIFRA,22,13,500.0,266.9,133450.0,2025-03-20
2025032005011891,CLI,29,14,25.0,509.7,12742.5,2025-03-20
2025032005011890,CLI,34,14,25.0,509.7,12742.5,2025-03-20
2025032004013539,SGIC,32,58,117.0,665.0,77805.0,2025-03-20
2025032004013538,SGIC,32,62,50.0,665.0,33250.0,2025-03-20
2025032004013537,SGIC,32,28,10.0,665.0,6650.0,2025-03-20
2025032004013536,SGIC,32,17,10.0,665.0,6650.0,2025-03-20
2025032004013535,SGIC,32,21,10.0,665.0,6650.0,2025-03-20
2025032004013534,SGIC,32,25,20.0,665.0,13300.0,2025-03-20
2025032004013533,SGIC,32,35,70.0,664.9,46543.0,2025-03-20
2025032005011889,SONA,56,75,75.0,466.5,34987.5,2025-03-20
2025032005011888,SONA,34,75,130.0,466.5,60645.0,2025-03-20
2025032005011887,SONA,35,75,85.0,466.7,39669.5,2025-03-20
2025032005011886,SONA,33,75,60.0,466.8,28008.0,2025-03-20
2025032001016434,MEHL,26,33,130.0,560.8,72904.0,2025-03-20
2025032005011885,RNLI,44,25,110.0,547.1,60181.0,2025-03-20
2025032003012175,SIFC,45,65,39.0,525.5,20494.5,2025-03-20
2025032004013532,SICL,92,34,12.0,780.0,9360.0,2025-03-20
2025032004013531,UPCL,16,57,200.0,298.2,59640.0,2025-03-20
2025032001016433,TPC,45,7,180.0,534.0,96120.0,2025-03-20
2025032001016432,KBL,80,81,348.0,205.0,71340.0,2025-03-20
2025032004013530,AHPC,58,59,49.0,254.7,12480.3,2025-03-20
2025032001016431,NIMB,5,44,24.0,211.5,5076.0,2025-03-20
2025032001016430,NIMB,34,44,50.0,211.5,10575.0,2025-03-20
2025032001016429,NIMB,6,44,160.0,211.5,33840.0,2025-03-20
2025032005011884,RNLI,44,3,500.0,547.1,273550.0,2025-03-20
2025032004013529,JOSHI,22,57,41.0,372.6,15276.6,2025-03-20
2025032004013528,JOSHI,22,49,15.0,372.2,5583.0,2025-03-20
2025032004013527,AKJCL,42,6,400.0,204.5,81800.0,2025-03-20
2025032004013526,AKJCL,42,34,100.0,204.4,20440.0,2025-03-20
2025032003012174,SMB,35,14,10.0,2702.0,27020.0,2025-03-20
2025032003012173,SADBL,43,32,150.0,408.1,61215.0,2025-03-20
2025032003012172,SFCL,14,58,69.0,525.0,36225.0,2025-03-20
2025032003012171,SFCL,14,22,131.0,525.0,68775.0,2025-03-20
2025032005011883,SMJC,14,14,100.0,607.3,60730.0,2025-03-20
2025032003012170,SINDU,80,49,40.0,1144.0,45760.0,2025-03-20
2025032003012169,SINDU,80,13,10.0,1143.9,11439.0,2025-03-20
2025032003012168,SINDU,80,35,50.0,1143.3,57165.0,2025-03-20
2025032001016428,ULBSL,11,40,20.0,3540.0,70800.0,2025-03-20
2025032001016427,ULBSL,62,40,10.0,3541.0,35410.0,2025-03-20
2025032001016426,ULBSL,43,40,20.0,3541.1,70822.0,2025-03-20
2025032001016425,ULBSL,21,40,10.0,3542.0,35420.0,2025-03-20
2025032001016424,ULBSL,41,40,10.0,3543.0,35430.0,2025-03-20
2025032001016423,ULBSL,43,40,20.0,3545.1,70902.0,2025-03-20
2025032001016422,ULBSL,7,40,50.0,3550.0,177500.0,2025-03-20
2025032001016421,ULBSL,21,40,33.0,3550.0,117150.0,2025-03-20
2025032004013525,RADHI,87,6,500.0,398.0,199000.0,2025-03-20
2025032001016420,SARBTM,13,29,60.0,795.0,47700.0,2025-03-20
2025032001016419,SARBTM,13,39,40.0,795.0,31800.0,2025-03-20
2025032004013524,MEN,21,50,50.0,590.0,29500.0,2025-03-20
2025032001016418,RFPL,69,49,20.0,730.1,14602.0,2025-03-20
2025032001016417,RFPL,96,49,10.0,734.0,7340.0,2025-03-20
2025032001016416,RFPL,96,49,10.0,734.5,7345.0,2025-03-20
2025032004013523,SHPC,57,91,183.0,465.0,85095.0,2025-03-20
2025032004013522,SGIC,49,55,100.0,664.1,66410.0,2025-03-20
2025032004013521,SGIC,57,55,50.0,664.9,33245.0,2025-03-20
2025032001016415,SPC,41,45,10.0,544.2,5442.0,2025-03-20
2025032001016414,DOLTI,45,34,30.0,728.0,21840.0,2025-03-20
2025032003012167,MLBL,4,45,35.0,409.3,14325.5,2025-03-20
2025032005011882,NIFRA,58,1,344.0,266.1,91538.4,2025-03-20
2025032005011881,NIFRA,58,1,500.0,266.1,133050.0,2025-03-20
2025032005011880,NIFRA,4,1,100.0,266.1,26610.0,2025-03-20
2025032005011879,NIFRA,54,1,500.0,266.1,133050.0,2025-03-20
2025032005011878,NIFRA,19,1,100.0,266.1,26610.0,2025-03-20
2025032005011877,NIFRA,32,1,100.0,266.1,26610.0,2025-03-20
2025032005011876,NIFRA,58,1,100.0,266.2,26620.0,2025-03-20
2025032005011875,NIFRA,59,1,481.0,266.3,128090.3,2025-03-20
2025032005011874,NIFRA,34,1,475.0,266.4,126540.0,2025-03-20
2025032003012166,SINDU,72,52,10.0,1143.1,11431.0,2025-03-20
2025032004013520,SSHL,58,26,130.0,231.0,30030.0,2025-03-20
2025032004013519,SSHL,33,26,870.0,231.0,200970.0,2025-03-20
2025032001016413,MSHL,80,42,61.0,935.0,57035.0,2025-03-20
2025032001016412,MSHL,40,42,19.0,935.0,17765.0,2025-03-20
2025032001016411,MSHL,57,42,20.0,935.1,18702.0,2025-03-20
2025032004013518,KKHC,14,69,260.0,346.0,89960.0,2025-03-20
2025032003012165,PFL,58,42,38.0,423.0,16074.0,2025-03-20
2025032003012164,PFL,58,55,262.0,423.0,110826.0,2025-03-20
2025032003012163,PFL,58,55,25.0,423.0,10575.0,2025-03-20
2025032003012162,MPFL,53,8,76.0,634.0,48184.0,2025-03-20
2025032005011873,RNLI,25,58,10.0,547.5,5475.0,2025-03-20
2025032005011872,HRL,91,34,200.0,962.1,192420.0,2025-03-20
2025032001016410,BGWT,74,34,100.0,1047.8,104780.0,2025-03-20
2025032003012161,NLICL,45,34,50.0,639.0,31950.0,2025-03-20
2025032001016409,SMHL,4,49,10.0,951.2,9512.0,2025-03-20
2025032004013517,HURJA,43,45,400.0,238.2,95280.0,2025-03-20
2025032004013516,HURJA,17,45,100.0,238.5,23850.0,2025-03-20
2025032004013515,GHL,3,45,990.0,293.4,290466.0,2025-03-20
2025032004013514,GHL,60,45,500.0,293.4,146700.0,2025-03-20
2025032004013513,GHL,56,45,500.0,293.5,146750.0,2025-03-20
2025032004013512,SPDL,45,25,13.0,335.7,4364.1,2025-03-20
2025032004013511,JOSHI,6,49,10.0,372.2,3722.0,2025-03-20
2025032005011871,GCIL,69,45,11.0,535.0,5885.0,2025-03-20
2025032001016408,GMLI,94,32,10.0,2028.0,20280.0,2025-03-20
2025032003012160,LICN,46,54,15.0,1010.0,15150.0,2025-03-20
2025032005011870,SMJC,69,14,743.0,607.3,451223.9,2025-03-20
2025032004013510,AKPL,33,38,30.0,229.0,6870.0,2025-03-20
2025032004013509,AKPL,49,38,45.0,229.0,10305.0,2025-03-20
2025032004013508,AKPL,14,38,225.0,229.0,51525.0,2025-03-20
2025032004013507,AKPL,14,35,775.0,229.0,177475.0,2025-03-20
2025032004013506,AKPL,21,35,430.0,229.0,98470.0,2025-03-20
2025032004013505,AKPL,41,35,10.0,229.0,2290.0,2025-03-20
2025032004013504,AKPL,51,35,100.0,229.0,22900.0,2025-03-20
2025032004013503,AKPL,35,35,108.0,229.0,24732.0,2025-03-20
2025032004013502,AKPL,51,35,200.0,229.0,45800.0,2025-03-20
2025032004013501,AKPL,25,35,40.0,229.0,9160.0,2025-03-20
2025032004013500,AKPL,5,35,212.0,229.0,48548.0,2025-03-20
2025032004013499,AKPL,38,35,1125.0,229.1,257737.5,2025-03-20
2025032004013498,SHEL,60,35,1000.0,253.0,253000.0,2025-03-20
2025032004013497,PMHPL,16,53,43.0,292.0,12556.0,2025-03-20
2025032004013496,PMHPL,36,53,57.0,292.0,16644.0,2025-03-20
2025032003012159,SAPDBL,17,59,100.0,1190.0,119000.0,2025-03-20
2025032003012158,GMFBS,40,74,100.0,1678.0,167800.0,2025-03-20
2025032004013495,GLH,54,57,70.0,247.3,17311.0,2025-03-20
2025032004013494,GLH,57,57,100.0,247.4,24740.0,2025-03-20
2025032001016407,NABIL,48,42,2.0,487.1,974.2,2025-03-20
2025032004013493,AHPC,58,48,32.0,254.4,8140.8,2025-03-20
2025032004013492,AHPC,6,48,70.0,254.4,17808.0,2025-03-20
2025032004013491,AHPC,26,48,300.0,254.5,76350.0,2025-03-20
2025032004013490,AHPC,34,48,50.0,254.5,12725.0,2025-03-20
2025032003012157,JFL,49,57,232.0,513.9,119224.8,2025-03-20
2025032003012156,JFL,49,13,13.0,513.9,6680.7,2025-03-20
2025032004013489,PPCL,91,86,11.0,323.0,3553.0,2025-03-20
2025032003012155,NFS,51,32,65.0,703.0,45695.0,2025-03-20
2025032001016406,DOLTI,11,34,50.0,728.0,36400.0,2025-03-20
2025032001016405,ULHC,36,7,131.0,517.0,67727.0,2025-03-20
2025032001016404,ULHC,36,19,19.0,516.5,9813.5,2025-03-20
2025032004013488,DHPL,1,41,300.0,419.9,125970.0,2025-03-20
2025032001016403,NBL,45,16,50.0,251.4,12570.0,2025-03-20
2025032004013487,UMHL,45,14,546.0,449.9,245645.4,2025-03-20
2025032004013486,UMHL,45,84,500.0,449.9,224950.0,2025-03-20
2025032004013485,UMHL,45,32,50.0,449.9,22495.0,2025-03-20
2025032004013484,UMHL,45,91,1000.0,449.8,449800.0,2025-03-20
2025032004013483,UMHL,45,38,1162.0,449.8,522667.6,2025-03-20
2025032004013482,UMHL,45,59,100.0,449.8,44980.0,2025-03-20
2025032004013481,UMHL,45,49,100.0,449.7,44970.0,2025-03-20
2025032004013480,UMHL,45,70,100.0,449.0,44900.0,2025-03-20
2025032004013479,UMHL,45,19,856.0,449.0,384344.0,2025-03-20
2025032004013478,UMHL,45,59,300.0,449.0,134700.0,2025-03-20
2025032004013477,UMHL,45,26,100.0,449.0,44900.0,2025-03-20
2025032004013476,UMHL,45,57,112.0,449.0,50288.0,2025-03-20
2025032004013475,UMHL,45,45,50.0,449.0,22450.0,2025-03-20
2025032004013474,UMHL,45,38,24.0,449.0,10776.0,2025-03-20
2025032005011869,PHCL,25,52,186.0,598.2,111265.2,2025-03-20
2025032005011868,PHCL,38,52,75.0,598.5,44887.5,2025-03-20
2025032001016402,AVYAN,66,6,10.0,1071.0,10710.0,2025-03-20
2025032001016401,PCBL,22,56,10.0,253.0,2530.0,2025-03-20
2025032004013473,UPPER,25,22,284.0,201.3,57169.2,2025-03-20
2025032004013472,UPPER,19,22,20.0,201.3,4026.0,2025-03-20
2025032004013471,UPPER,49,22,666.0,201.3,134065.8,2025-03-20
2025032004013470,UPPER,38,22,30.0,201.4,6042.0,2025-03-20
2025032004013469,UPPER,38,26,60.0,201.4,12084.0,2025-03-20
2025032003012154,PROFL,11,26,51.0,530.0,27030.0,2025-03-20
2025032003012153,PROFL,38,26,10.0,530.1,5301.0,2025-03-20
2025032003012152,PROFL,50,26,19.0,530.1,10071.9,2025-03-20
2025032003012151,PROFL,56,26,420.0,530.2,222684.0,2025-03-20
2025032004013468,AKPL,38,62,975.0,229.1,223372.5,2025-03-20
2025032004013467,AKPL,51,62,25.0,229.1,5727.5,2025-03-20
2025032003012150,LBBL,54,57,749.0,437.0,327313.0,2025-03-20
2025032003012149,LBBL,54,25,44.0,437.0,19228.0,2025-03-20
2025032003012148,LBBL,54,3,104.0,435.0,45240.0,2025-03-20
2025032004013466,KKHC,14,55,44.0,346.0,15224.0,2025-03-20
2025032003012147,LBBL,58,32,96.0,434.0,41664.0,2025-03-20
2025032004013465,RIDI,41,43,200.0,223.5,44700.0,2025-03-20
2025032005011867,HDL,58,41,40.0,1211.0,48440.0,2025-03-20
2025032005011866,HDL,58,41,25.0,1211.0,30275.0,2025-03-20
2025032004013464,GLH,48,47,200.0,248.0,49600.0,2025-03-20
2025032001016400,MKHL,36,56,10.0,714.0,7140.0,2025-03-20
2025032001016399,MEHL,49,22,10.0,565.0,5650.0,2025-03-20
2025032004013463,API,49,19,10.0,274.5,2745.0,2025-03-20
2025032003012146,SHINE,81,29,60.0,418.0,25080.0,2025-03-20
2025032003012145,SHINE,81,50,160.0,418.0,66880.0,2025-03-20
2025032001016398,EHPL,44,28,90.0,762.3,68607.0,2025-03-20
2025032001016397,EHPL,42,28,10.0,769.0,7690.0,2025-03-20
2025032005011865,SONA,33,21,10.0,466.8,4668.0,2025-03-20
2025032001016396,LSL,1,21,367.0,220.0,80740.0,2025-03-20
2025032003012144,HLI,56,22,10.0,426.0,4260.0,2025-03-20
2025032003012143,HLI,54,22,90.0,426.0,38340.0,2025-03-20
2025032001016395,SMHL,4,26,40.0,951.2,38048.0,2025-03-20
2025032001016394,DORDI,43,34,505.0,382.0,192910.0,2025-03-20
2025032001016393,NIMB,54,54,200.0,211.9,42380.0,2025-03-20
2025032004013462,SSHL,33,32,130.0,231.0,30030.0,2025-03-20
2025032003012142,HLBSL,86,32,100.0,965.3,96530.0,2025-03-20
2025032001016392,BHDC,45,60,100.0,612.0,61200.0,2025-03-20
2025032001016391,MANDU,19,35,59.0,902.2,53229.8,2025-03-20
2025032001016390,MANDU,34,35,50.0,903.0,45150.0,2025-03-20
2025032005011864,NRIC,6,29,6800.0,1277.0,8683600.0,2025-03-20
2025032001016389,ADBL,17,44,87.0,286.0,24882.0,2025-03-20
2025032003012141,SINDU,72,36,100.0,1143.1,114310.0,2025-03-20
2025032004013461,LEC,34,50,275.0,213.1,58602.5,2025-03-20
2025032004013460,GHL,57,56,50.0,294.0,14700.0,2025-03-20
2025032004013459,BARUN,45,57,400.0,499.1,199640.0,2025-03-20
2025032004013458,UMHL,62,57,125.0,448.0,56000.0,2025-03-20
2025032004013457,UMHL,58,57,75.0,448.5,33637.5,2025-03-20
2025032004013456,KKHC,58,55,51.0,346.0,17646.0,2025-03-20
2025032005011863,CLI,56,35,200.0,510.0,102000.0,2025-03-20
2025032004013455,JOSHI,44,49,70.0,372.2,26054.0,2025-03-20
2025032004013454,JOSHI,7,49,100.0,372.3,37230.0,2025-03-20
2025032004013453,JOSHI,41,49,250.0,372.5,93125.0,2025-03-20
2025032004013452,JOSHI,41,49,35.0,372.5,13037.5,2025-03-20
2025032004013451,JOSHI,6,49,10.0,372.6,3726.0,2025-03-20
2025032004013450,JOSHI,6,49,10.0,372.7,3727.0,2025-03-20
2025032003012140,MPFL,87,39,224.0,630.0,141120.0,2025-03-20
2025032003012139,MPFL,13,39,50.0,630.1,31505.0,2025-03-20
2025032003012138,MPFL,35,39,500.0,630.2,315100.0,2025-03-20
2025032003012137,MPFL,57,39,265.0,631.0,167215.0,2025-03-20
2025032003012136,NLIC,45,41,100.0,769.1,76910.0,2025-03-20
2025032001016388,KBL,80,19,20.0,205.0,4100.0,2025-03-20
2025032001016387,GMLI,42,54,10.0,2034.9,20349.0,2025-03-20
2025032001016386,GMLI,42,45,10.0,2030.0,20300.0,2025-03-20
2025032005011862,NRN,58,14,345.0,1406.0,485070.0,2025-03-20
2025032005011861,NRN,58,14,200.0,1406.0,281200.0,2025-03-20
2025032005011860,NRN,49,14,455.0,1406.5,639957.5,2025-03-20
2025032004013449,PPCL,44,32,615.0,322.5,198337.5,2025-03-20
2025032004013448,PPCL,34,32,200.0,322.6,64520.0,2025-03-20
2025032004013447,PPCL,57,32,235.0,322.8,75858.0,2025-03-20
2025032003012135,CORBL,91,38,20.0,1870.0,37400.0,2025-03-20
2025032001016385,GSY,33,49,100.0,9.07,907.0,2025-03-20
2025032005011859,HRL,49,38,225.0,962.0,216450.0,2025-03-20
2025032004013446,SICL,35,34,30.0,780.0,23400.0,2025-03-20
2025032003012134,RSDC,35,65,41.0,715.0,29315.0,2025-03-20
2025032005011858,SONA,33,53,130.0,466.8,60684.0,2025-03-20
2025032001016384,MKHL,36,58,50.0,714.0,35700.0,2025-03-20
2025032001016383,MBL,49,34,300.0,228.1,68430.0,2025-03-20
2025032005011857,CHDC,22,13,52.0,2250.0,117000.0,2025-03-20
2025032005011856,CHDC,57,13,30.0,2250.1,67503.0,2025-03-20
2025032005011855,CHDC,94,13,118.0,2250.1,265511.8,2025-03-20
2025032001016382,SBL,50,19,10.0,284.9,2849.0,2025-03-20
2025032004013445,KKHC,58,74,49.0,346.0,16954.0,2025-03-20
2025032004013444,KKHC,55,74,51.0,346.0,17646.0,2025-03-20
2025032005011854,NRN,49,58,40.0,1406.5,56260.0,2025-03-20
2025032001016381,CZBIL,57,59,349.0,208.4,72731.6,2025-03-20
2025032005011853,HRL,49,57,365.0,962.0,351130.0,2025-03-20
2025032005011852,HRL,34,57,100.0,962.1,96210.0,2025-03-20
2025032005011851,HRL,45,57,35.0,962.1,33673.5,2025-03-20
2025032005011850,NIFRA,39,13,400.0,266.9,106760.0,2025-03-20
2025032004013443,RHPL,39,35,550.0,397.5,218625.0,2025-03-20
2025032004013442,MHNL,45,58,190.0,267.4,50806.0,2025-03-20
2025032004013441,UPCL,16,28,325.0,298.2,96915.0,2025-03-20
2025032001016380,PRSF,7,49,100.0,10.39,1039.0,2025-03-20
2025032004013440,CHCL,20,22,163.0,490.3,79918.9,2025-03-20
2025032004013439,CHCL,50,22,30.0,490.9,14727.0,2025-03-20
2025032004013438,CHCL,75,22,10.0,490.9,4909.0,2025-03-20
2025032004013437,CHCL,11,22,500.0,491.0,245500.0,2025-03-20
2025032004013436,CHCL,59,22,50.0,491.0,24550.0,2025-03-20
2025032004013435,CHCL,29,22,47.0,491.0,23077.0,2025-03-20
2025032001016379,SGHC,4,19,10.0,501.0,5010.0,2025-03-20
2025032003012133,MSLB,56,43,10.0,1317.0,13170.0,2025-03-20
2025032001016378,CYCL,1,95,10.0,1598.0,15980.0,2025-03-20
2025032005011849,VLUCL,49,42,450.0,683.1,307395.0,2025-03-20
2025032005011848,VLUCL,54,42,50.0,684.0,34200.0,2025-03-20
2025032001016377,MEHL,26,87,300.0,560.8,168240.0,2025-03-20
2025032001016376,MEHL,16,87,200.0,560.8,112160.0,2025-03-20
2025032001016375,NABIL,16,32,57.0,487.9,27810.3,2025-03-20
2025032001016374,NABIL,16,17,256.0,487.9,124902.4,2025-03-20
2025032001016373,NABIL,16,53,50.0,487.8,24390.0,2025-03-20
2025032001016372,NABIL,16,13,437.0,487.5,213037.5,2025-03-20
2025032005011847,SONA,38,16,10.0,467.0,4670.0,2025-03-20
2025032004013434,UPPER,38,17,10.0,201.4,2014.0,2025-03-20
2025032003012132,RLFL,47,40,11.0,522.5,5747.5,2025-03-20
2025032003012131,PFL,94,55,20.0,423.0,8460.0,2025-03-20
2025032001016371,KDL,69,57,30.0,1123.0,33690.0,2025-03-20
2025032001016370,KDL,22,57,10.0,1123.1,11231.0,2025-03-20
2025032001016369,KDL,69,57,30.0,1124.0,33720.0,2025-03-20
2025032001016368,KDL,22,57,10.0,1124.1,11241.0,2025-03-20
2025032001016367,KDL,39,57,20.0,1125.0,22500.0,2025-03-20
