transaction,symbol,buyer,seller,quantity,rate,amount,date
2024022501038491,NWCL,1,38,170.0,745.0,126650.0,2024-02-25
2024022501038490,NWCL,1,14,120.0,743.5,89220.0,2024-02-25
2024022501038489,NWCL,1,58,10.0,743.5,7435.0,2024-02-25
2024022505009655,CIT,40,62,10.0,2051.0,20510.0,2024-02-25
2024022505009654,CIT,45,62,11.0,2051.0,22561.0,2024-02-25
2024022501038488,NMB,22,17,100.0,177.6,17760.0,2024-02-25
2024022501038487,NMB,1,17,175.0,177.6,31080.0,2024-02-25
2024022501038486,NIMB,17,78,10.0,163.9,1639.0,2024-02-25
2024022503010021,GBLBS,88,46,200.0,530.0,106000.0,2024-02-25
2024022503010020,GBLBS,6,46,10.0,530.0,5300.0,2024-02-25
2024022503010019,GBLBS,42,46,20.0,530.3,10606.0,2024-02-25
2024022503010018,GBLBS,62,46,40.0,530.4,21216.0,2024-02-25
2024022501038485,RFPL,38,65,100.0,318.0,31800.0,2024-02-25
2024022504013713,SPIL,64,6,18.0,724.0,13032.0,2024-02-25
2024022504013712,SPIL,64,1,200.0,724.0,144800.0,2024-02-25
2024022504013711,SPIL,64,57,100.0,721.0,72100.0,2024-02-25
2024022504013710,SPIL,64,58,19.0,720.1,13681.9,2024-02-25
2024022501038484,DORDI,57,49,10.0,469.0,4690.0,2024-02-25
2024022501038483,HDL,57,54,11.0,1451.0,15961.0,2024-02-25
2024022504013709,NGPL,40,89,300.0,303.0,90900.0,2024-02-25
2024022504013708,NGPL,8,89,96.0,303.0,29088.0,2024-02-25
2024022501038482,NRM,58,45,10.0,339.0,3390.0,2024-02-25
2024022501038481,SNLI,42,42,10.0,599.8,5998.0,2024-02-25
2024022501038480,TPC,34,74,10.0,537.0,5370.0,2024-02-25
2024022501038479,RFPL,71,65,10.0,318.0,3180.0,2024-02-25
2024022503010017,CFCL,88,57,10.0,340.0,3400.0,2024-02-25
2024022501038478,MSHL,52,45,110.0,617.1,67881.0,2024-02-25
2024022503010016,NFS,38,45,500.0,365.4,182700.0,2024-02-25
2024022504013707,NGPL,29,38,10.0,304.0,3040.0,2024-02-25
2024022501038477,BNHC,32,42,10.0,440.0,4400.0,2024-02-25
2024022501038476,HDL,44,19,150.0,1450.9,217635.0,2024-02-25
2024022501038475,NYADI,50,58,10.0,277.0,2770.0,2024-02-25
2024022501038474,SMH,50,72,10.0,689.7,6897.0,2024-02-25
2024022501038473,SMHL,76,45,10.0,468.0,4680.0,2024-02-25
2024022501038472,AHL,60,21,20.0,429.0,8580.0,2024-02-25
2024022501038471,SMJC,58,7,700.0,387.0,270900.0,2024-02-25
2024022501038470,SONA,47,35,10.0,408.0,4080.0,2024-02-25
2024022501038469,ADBL,38,47,122.0,227.1,27706.2,2024-02-25
2024022501038468,GCIL,21,45,100.0,455.0,45500.0,2024-02-25
2024022504013706,SHEL,14,58,10.0,211.0,2110.0,2024-02-25
2024022504013705,SHEL,14,42,10.0,210.9,2109.0,2024-02-25
2024022504013704,SHEL,14,35,15.0,210.0,3150.0,2024-02-25
2024022504013703,SHEL,14,22,10.0,210.0,2100.0,2024-02-25
2024022503010015,ICFC,21,14,10.0,493.5,4935.0,2024-02-25
2024022501038467,JBLB,38,44,30.0,1237.0,37110.0,2024-02-25
2024022501038466,GCIL,34,45,10.0,455.0,4550.0,2024-02-25
2024022501038465,NYADI,34,58,10.0,277.0,2770.0,2024-02-25
2024022504013702,SALICO,34,29,10.0,659.0,6590.0,2024-02-25
2024022503010014,GMFBS,25,16,23.0,830.0,19090.0,2024-02-25
2024022503010013,GMFBS,25,48,14.0,830.0,11620.0,2024-02-25
2024022503010012,GMFBS,25,14,10.0,829.0,8290.0,2024-02-25
2024022503010011,GMFBS,25,55,14.0,823.0,11522.0,2024-02-25
2024022503010010,GMFBS,25,57,14.0,822.0,11508.0,2024-02-25
2024022503010009,GMFBS,25,45,14.0,822.0,11508.0,2024-02-25
2024022503010008,GMFBS,25,34,100.0,821.9,82190.0,2024-02-25
2024022503010007,GMFBS,25,49,11.0,816.0,8976.0,2024-02-25
2024022503010006,GRDBL,75,68,760.0,359.9,273524.0,2024-02-25
2024022501038464,RNLI,11,57,26.0,424.2,11029.2,2024-02-25
2024022501038463,RNLI,13,57,159.0,424.2,67447.8,2024-02-25
2024022503010005,HLI,40,50,100.0,381.9,38190.0,2024-02-25
2024022503010004,HLI,40,6,50.0,381.9,19095.0,2024-02-25
2024022503010003,HLI,40,19,50.0,381.8,19090.0,2024-02-25
2024022503010002,BFC,52,35,50.0,331.8,16590.0,2024-02-25
2024022504013701,DHPL,34,40,100.0,192.4,19240.0,2024-02-25
2024022504013700,BARUN,48,44,100.0,257.0,25700.0,2024-02-25
2024022501038462,AHL,4,21,10.0,429.0,4290.0,2024-02-25
2024022501038461,SONA,42,6,50.0,409.0,20450.0,2024-02-25
2024022503010001,SFCL,42,57,10.0,309.0,3090.0,2024-02-25
2024022501038460,TSHL,42,32,10.0,490.0,4900.0,2024-02-25
2024022501038459,ULHC,58,34,25.0,324.0,8100.0,2024-02-25
2024022501038458,ULHC,58,57,10.0,324.0,3240.0,2024-02-25
2024022501038457,ULHC,58,59,10.0,322.0,3220.0,2024-02-25
2024022501038456,ULHC,58,58,10.0,322.0,3220.0,2024-02-25
2024022501038455,ULHC,58,42,10.0,322.0,3220.0,2024-02-25
2024022501038454,ULHC,58,52,10.0,322.0,3220.0,2024-02-25
2024022501038453,ULHC,58,17,25.0,321.9,8047.5,2024-02-25
2024022501038452,ULHC,58,25,10.0,321.0,3210.0,2024-02-25
2024022501038451,ULHC,58,34,40.0,321.0,12840.0,2024-02-25
2024022501038450,ULHC,58,36,10.0,320.0,3200.0,2024-02-25
2024022501038449,ULHC,58,52,10.0,320.0,3200.0,2024-02-25
2024022501038448,ULHC,58,42,10.0,320.0,3200.0,2024-02-25
2024022501038447,ULHC,58,58,10.0,320.0,3200.0,2024-02-25
2024022501038446,ULHC,58,32,100.0,320.0,32000.0,2024-02-25
2024022501038445,ULHC,58,52,10.0,320.0,3200.0,2024-02-25
2024022501038444,ULHC,58,42,210.0,320.0,67200.0,2024-02-25
2024022501038443,ULHC,58,62,490.0,319.9,156751.0,2024-02-25
2024022501038442,CKHL,58,57,25.0,622.0,15550.0,2024-02-25
2024022501038441,CKHL,58,57,10.0,621.9,6219.0,2024-02-25
2024022501038440,CKHL,58,14,10.0,621.1,6211.0,2024-02-25
2024022501038439,CKHL,58,41,10.0,621.0,6210.0,2024-02-25
2024022501038438,CKHL,58,59,440.0,621.0,273240.0,2024-02-25
2024022501038437,CKHL,58,34,10.0,621.0,6210.0,2024-02-25
2024022501038436,CKHL,58,57,10.0,621.0,6210.0,2024-02-25
2024022501038435,CKHL,58,25,10.0,621.0,6210.0,2024-02-25
2024022501038434,CKHL,58,13,10.0,620.3,6203.0,2024-02-25
2024022501038433,CKHL,58,17,30.0,620.0,18600.0,2024-02-25
2024022501038432,CKHL,58,16,200.0,620.0,124000.0,2024-02-25
2024022501038431,CKHL,58,58,10.0,620.0,6200.0,2024-02-25
2024022501038430,CKHL,58,38,10.0,620.0,6200.0,2024-02-25
2024022501038429,CKHL,58,56,10.0,620.0,6200.0,2024-02-25
2024022501038428,CKHL,58,45,10.0,620.0,6200.0,2024-02-25
2024022501038427,CKHL,58,49,10.0,620.0,6200.0,2024-02-25
2024022501038426,CKHL,58,52,110.0,620.0,68200.0,2024-02-25
2024022501038425,CKHL,58,52,10.0,620.0,6200.0,2024-02-25
2024022501038424,CKHL,58,38,10.0,620.0,6200.0,2024-02-25
2024022501038423,CKHL,58,33,10.0,620.0,6200.0,2024-02-25
2024022501038422,CKHL,58,57,100.0,620.0,62000.0,2024-02-25
2024022501038421,CKHL,58,55,10.0,620.0,6200.0,2024-02-25
2024022501038420,CKHL,58,51,15.0,620.0,9300.0,2024-02-25
2024022501038419,CKHL,58,22,10.0,620.0,6200.0,2024-02-25
2024022501038418,CKHL,58,4,20.0,620.0,12400.0,2024-02-25
2024022501038417,CKHL,58,58,10.0,620.0,6200.0,2024-02-25
2024022501038416,CKHL,58,49,10.0,620.0,6200.0,2024-02-25
2024022501038415,CKHL,58,42,10.0,620.0,6200.0,2024-02-25
2024022501038414,CKHL,58,7,10.0,620.0,6200.0,2024-02-25
2024022501038413,CKHL,58,7,60.0,620.0,37200.0,2024-02-25
2024022501038412,CKHL,58,32,50.0,620.0,31000.0,2024-02-25
2024022501038411,CKHL,58,35,50.0,620.0,31000.0,2024-02-25
2024022501038410,CKHL,58,42,10.0,620.0,6200.0,2024-02-25
2024022501038409,CKHL,58,49,10.0,620.0,6200.0,2024-02-25
2024022501038408,CKHL,58,58,10.0,620.0,6200.0,2024-02-25
2024022501038407,CKHL,58,28,10.0,620.0,6200.0,2024-02-25
2024022501038406,CKHL,58,62,10.0,620.0,6200.0,2024-02-25
2024022501038405,CKHL,58,58,10.0,620.0,6200.0,2024-02-25
2024022501038404,CKHL,58,4,10.0,620.0,6200.0,2024-02-25
2024022501038403,CKHL,58,58,10.0,620.0,6200.0,2024-02-25
2024022501038402,CKHL,58,17,30.0,620.0,18600.0,2024-02-25
2024022501038401,CKHL,58,38,10.0,620.0,6200.0,2024-02-25
2024022501038400,CKHL,58,21,10.0,620.0,6200.0,2024-02-25
2024022501038399,CKHL,58,49,10.0,620.0,6200.0,2024-02-25
2024022501038398,CKHL,58,41,10.0,620.0,6200.0,2024-02-25
2024022501038397,CKHL,58,57,10.0,620.0,6200.0,2024-02-25
2024022501038396,CKHL,58,25,10.0,620.0,6200.0,2024-02-25
2024022501038395,CKHL,58,45,10.0,620.0,6200.0,2024-02-25
2024022501038394,CKHL,58,57,10.0,620.0,6200.0,2024-02-25
2024022503010000,GUFL,71,7,10.0,651.9,6519.0,2024-02-25
2024022504013699,JOSHI,7,88,987.0,380.0,375060.0,2024-02-25
2024022504013698,JOSHI,6,88,13.0,380.0,4940.0,2024-02-25
2024022501038393,TPC,88,28,20.0,540.0,10800.0,2024-02-25
2024022501038392,TPC,88,57,10.0,539.9,5399.0,2024-02-25
2024022501038391,TPC,88,4,10.0,538.0,5380.0,2024-02-25
2024022501038390,TPC,88,42,60.0,538.0,32280.0,2024-02-25
2024022505009653,NTC,41,16,320.0,834.1,266912.0,2024-02-25
2024022504013697,SJCL,65,16,372.0,275.0,102300.0,2024-02-25
2024022504013696,SJCL,6,16,180.0,275.4,49572.0,2024-02-25
2024022504013695,SJCL,45,16,90.0,275.5,24795.0,2024-02-25
2024022503009999,SIFC,45,59,424.0,364.0,154336.0,2024-02-25
2024022503009998,SIFC,45,26,210.0,364.0,76440.0,2024-02-25
2024022503009997,SIFC,45,55,90.0,364.0,32760.0,2024-02-25
2024022503009996,SIFC,45,59,50.0,363.0,18150.0,2024-02-25
2024022503009995,SIFC,45,45,126.0,363.0,45738.0,2024-02-25
2024022504013694,RADHI,20,13,347.0,245.0,85015.0,2024-02-25
2024022504013693,RADHI,45,13,500.0,245.0,122500.0,2024-02-25
2024022504013692,RADHI,42,13,100.0,245.0,24500.0,2024-02-25
2024022504013691,RADHI,21,13,40.0,245.0,9800.0,2024-02-25
2024022504013690,RADHI,6,13,323.0,245.0,79135.0,2024-02-25
2024022504013689,KPCL,32,45,10.0,400.0,4000.0,2024-02-25
2024022503009994,GRDBL,32,68,12.0,359.9,4318.8,2024-02-25
2024022503009993,GRDBL,32,7,51.0,359.9,18354.9,2024-02-25
2024022503009992,GRDBL,32,57,200.0,354.0,70800.0,2024-02-25
2024022503009991,GRDBL,32,60,100.0,354.0,35400.0,2024-02-25
2024022503009990,GRDBL,32,38,47.0,352.0,16544.0,2024-02-25
2024022503009989,GRDBL,32,68,220.0,350.0,77000.0,2024-02-25
2024022503009988,GRDBL,32,45,130.0,350.0,45500.0,2024-02-25
2024022503009987,MNBBL,6,32,380.0,352.2,133836.0,2024-02-25
2024022501038389,SNLI,42,35,10.0,599.8,5998.0,2024-02-25
2024022501038388,GCIL,14,49,10.0,455.0,4550.0,2024-02-25
2024022501038387,GCIL,14,34,10.0,454.9,4549.0,2024-02-25
2024022501038386,GCIL,14,34,10.0,454.9,4549.0,2024-02-25
2024022501038385,RHGCL,26,42,10.0,293.0,2930.0,2024-02-25
2024022501038384,AHL,34,22,10.0,416.1,4161.0,2024-02-25
2024022501038383,SMJC,58,22,70.0,387.0,27090.0,2024-02-25
2024022501038382,EBL,6,47,53.0,499.0,26447.0,2024-02-25
2024022501038381,SHIVM,55,7,25.0,463.9,11597.5,2024-02-25
2024022503009986,NFS,38,55,480.0,365.4,175392.0,2024-02-25
2024022503009985,NFS,39,55,100.0,365.5,36550.0,2024-02-25
2024022503009984,NFS,39,55,370.0,365.5,135235.0,2024-02-25
2024022503009983,NFS,45,55,50.0,366.0,18300.0,2024-02-25
2024022501038380,BNT,25,38,10.0,13600.0,136000.0,2024-02-25
2024022503009982,FMDBL,62,42,10.0,588.0,5880.0,2024-02-25
2024022503009981,FMDBL,62,7,10.0,587.9,5879.0,2024-02-25
2024022504013688,GHL,36,60,10.0,153.0,1530.0,2024-02-25
2024022501038379,TPC,38,42,20.0,538.0,10760.0,2024-02-25
2024022503009980,LICN,41,7,10.0,1330.0,13300.0,2024-02-25
2024022501038378,DOLTI,25,57,55.0,386.2,21241.0,2024-02-25
2024022501038377,DOLTI,17,57,195.0,386.2,75309.0,2024-02-25
2024022501038376,CKHL,25,57,150.0,619.8,92970.0,2024-02-25
2024022501038375,MKHC,41,41,10.0,288.0,2880.0,2024-02-25
2024022503009979,HLI,19,4,10.0,381.0,3810.0,2024-02-25
2024022503009978,JFL,74,42,77.0,363.0,27951.0,2024-02-25
2024022503009977,JFL,64,42,10.0,363.6,3636.0,2024-02-25
2024022503009976,JFL,26,42,30.0,363.6,10908.0,2024-02-25
2024022503009975,JFL,58,42,100.0,363.7,36370.0,2024-02-25
2024022503009974,JFL,3,42,114.0,365.2,41632.8,2024-02-25
2024022504013687,KPCL,50,42,100.0,397.1,39710.0,2024-02-25
2024022503009973,GUFL,44,42,270.0,651.0,175770.0,2024-02-25
2024022501038374,PPL,71,43,10.0,328.0,3280.0,2024-02-25
2024022501038373,MHCL,71,62,25.0,562.5,14062.5,2024-02-25
2024022503009972,SAPDBL,16,21,50.0,255.0,12750.0,2024-02-25
2024022503009971,SAPDBL,16,34,90.0,253.0,22770.0,2024-02-25
2024022501038372,TAMOR,81,45,30.0,395.4,11862.0,2024-02-25
2024022501038371,TAMOR,4,45,50.0,396.0,19800.0,2024-02-25
2024022501038370,TAMOR,17,45,100.0,396.0,39600.0,2024-02-25
2024022501038369,TAMOR,81,45,70.0,396.0,27720.0,2024-02-25
2024022505009652,HRL,57,13,10.0,607.6,6076.0,2024-02-25
2024022503009970,PROFL,65,57,85.0,315.6,26826.0,2024-02-25
2024022503009969,PROFL,65,46,135.0,315.0,42525.0,2024-02-25
2024022501038368,EHPL,66,65,10.0,434.1,4341.0,2024-02-25
2024022501038367,VLUCL,52,32,50.0,521.0,26050.0,2024-02-25
2024022501038366,VLUCL,34,32,860.0,521.0,448060.0,2024-02-25
2024022503009968,GUFL,32,7,10.0,651.9,6519.0,2024-02-25
2024022503009967,MPFL,54,86,10.0,357.0,3570.0,2024-02-25
2024022504013686,JOSHI,6,49,37.0,380.0,14060.0,2024-02-25
2024022504013685,JOSHI,49,49,63.0,380.0,23940.0,2024-02-25
2024022501038365,BHDC,47,94,16.0,473.0,7568.0,2024-02-25
2024022501038364,BHDC,47,44,10.0,472.0,4720.0,2024-02-25
2024022501038363,BHDC,47,17,10.0,472.0,4720.0,2024-02-25
2024022501038362,BHDC,47,17,14.0,471.0,6594.0,2024-02-25
2024022501038361,CYCL,38,34,13.0,1102.0,14326.0,2024-02-25
2024022504013684,SHPC,18,38,30.0,337.2,10116.0,2024-02-25
2024022503009966,NLIC,86,1,130.0,597.0,77610.0,2024-02-25
2024022503009965,NFS,45,1,50.0,366.0,18300.0,2024-02-25
2024022504013683,SPDL,65,38,180.0,247.1,44478.0,2024-02-25
2024022504013682,SPDL,29,38,20.0,247.1,4942.0,2024-02-25
2024022504013681,SPDL,74,38,500.0,247.1,123550.0,2024-02-25
2024022505009651,NIFRA,57,21,400.0,205.0,82000.0,2024-02-25
2024022501038360,SPL,57,45,10.0,630.0,6300.0,2024-02-25
2024022501038359,SPL,57,41,10.0,629.0,6290.0,2024-02-25
2024022503009964,SAPDBL,43,48,10.0,250.0,2500.0,2024-02-25
2024022501038358,MCHL,48,32,20.0,330.0,6600.0,2024-02-25
2024022501038357,SONA,7,42,40.0,407.0,16280.0,2024-02-25
2024022501038356,SONA,22,42,80.0,408.0,32640.0,2024-02-25
2024022501038355,SONA,38,42,480.0,408.5,196080.0,2024-02-25
2024022504013680,SSHL,40,42,128.0,160.8,20582.4,2024-02-25
2024022504013679,SSHL,45,42,500.0,161.0,80500.0,2024-02-25
2024022504013678,SSHL,16,42,150.0,161.0,24150.0,2024-02-25
2024022504013677,SSHL,42,42,50.0,162.0,8100.0,2024-02-25
2024022504013676,SSHL,45,42,500.0,162.0,81000.0,2024-02-25
2024022504013675,SSHL,45,42,200.0,162.0,32400.0,2024-02-25
2024022504013674,SSHL,47,42,200.0,162.0,32400.0,2024-02-25
2024022504013673,SSHL,55,42,500.0,162.1,81050.0,2024-02-25
2024022504013672,SSHL,74,42,50.0,162.1,8105.0,2024-02-25
2024022504013671,SSHL,6,42,150.0,162.2,24330.0,2024-02-25
2024022504013670,SSHL,52,42,200.0,162.2,32440.0,2024-02-25
2024022504013669,SSHL,44,42,25.0,162.2,4055.0,2024-02-25
2024022504013668,SSHL,21,42,247.0,162.4,40112.8,2024-02-25
2024022504013667,SSHL,54,42,200.0,162.5,32500.0,2024-02-25
2024022504013666,SSHL,49,42,100.0,162.6,16260.0,2024-02-25
2024022504013665,SSHL,13,42,100.0,162.7,16270.0,2024-02-25
2024022501038354,MMKJL,29,95,10.0,424.0,4240.0,2024-02-25
2024022501038353,SBL,17,45,450.0,223.0,100350.0,2024-02-25
2024022504013664,GLH,43,58,12.0,212.0,2544.0,2024-02-25
2024022504013663,GLH,43,42,78.0,209.0,16302.0,2024-02-25
2024022501038352,RFPL,39,65,370.0,318.0,117660.0,2024-02-25
2024022501038351,RFPL,39,35,150.0,316.0,47400.0,2024-02-25
2024022501038350,RFPL,39,45,10.0,315.0,3150.0,2024-02-25
2024022501038349,RFPL,39,29,70.0,315.0,22050.0,2024-02-25
2024022503009963,KSBBL,68,39,257.0,343.0,88151.0,2024-02-25
2024022503009962,KSBBL,42,39,18.0,343.0,6174.0,2024-02-25
2024022503009961,KSBBL,39,39,10.0,343.1,3431.0,2024-02-25
2024022503009960,LBBL,60,6,100.0,384.0,38400.0,2024-02-25
2024022503009959,LBBL,60,42,309.0,384.0,118656.0,2024-02-25
2024022503009958,LBBL,60,44,290.0,383.9,111331.0,2024-02-25
2024022503009957,NMBMF,34,45,72.0,500.0,36000.0,2024-02-25
2024022503009956,NMBMF,19,45,50.0,501.0,25050.0,2024-02-25
2024022503009955,NMBMF,45,45,30.0,502.0,15060.0,2024-02-25
2024022503009954,NMBMF,6,45,133.0,502.0,66766.0,2024-02-25
2024022503009953,NMBMF,47,45,10.0,503.0,5030.0,2024-02-25
2024022503009952,NMBMF,42,45,10.0,503.0,5030.0,2024-02-25
2024022503009951,RLFL,45,58,30.0,362.0,10860.0,2024-02-25
2024022503009950,RLFL,45,35,115.0,362.0,41630.0,2024-02-25
2024022503009949,RLFL,45,5,50.0,361.9,18095.0,2024-02-25
2024022503009948,RLFL,45,50,10.0,361.8,3618.0,2024-02-25
2024022503009947,RLFL,45,50,10.0,361.5,3615.0,2024-02-25
2024022503009946,RLFL,45,40,202.0,361.0,72922.0,2024-02-25
2024022503009945,RLFL,45,10,187.0,361.0,67507.0,2024-02-25
2024022503009944,RLFL,45,77,100.0,360.8,36080.0,2024-02-25
2024022503009943,RLFL,45,48,159.0,360.0,57240.0,2024-02-25
2024022505009650,NTC,47,42,30.0,836.0,25080.0,2024-02-25
2024022505009649,NTC,47,48,10.0,836.0,8360.0,2024-02-25
2024022501038348,NABIL,29,6,30.0,436.5,13095.0,2024-02-25
2024022501038347,NABIL,22,6,40.0,436.5,17460.0,2024-02-25
2024022501038346,NABIL,57,6,10.0,436.5,4365.0,2024-02-25
2024022501038345,BHPL,58,51,10.0,484.9,4849.0,2024-02-25
2024022504013662,UMRH,34,34,140.0,358.9,50246.0,2024-02-25
2024022504013661,UMRH,34,58,20.0,358.0,7160.0,2024-02-25
2024022504013660,UMRH,34,59,10.0,358.0,3580.0,2024-02-25
2024022504013659,UMRH,34,4,10.0,358.0,3580.0,2024-02-25
2024022504013658,UMRH,34,43,100.0,356.0,35600.0,2024-02-25
2024022504013657,UMRH,34,22,100.0,355.0,35500.0,2024-02-25
2024022504013656,UMRH,34,34,1000.0,355.0,355000.0,2024-02-25
2024022504013655,UMRH,34,47,20.0,354.9,7098.0,2024-02-25
2024022504013654,UMRH,34,58,1000.0,354.9,354900.0,2024-02-25
2024022504013653,UMRH,34,57,550.0,354.8,195140.0,2024-02-25
2024022504013652,UMRH,34,48,50.0,354.0,17700.0,2024-02-25
2024022501038344,DLBS,38,62,10.0,817.0,8170.0,2024-02-25
2024022504013651,NHPC,1,36,101.0,152.0,15352.0,2024-02-25
2024022504013650,NHPC,58,36,30.0,152.0,4560.0,2024-02-25
2024022504013649,NHPC,80,36,100.0,152.0,15200.0,2024-02-25
2024022504013648,NHPC,32,36,500.0,152.0,76000.0,2024-02-25
2024022504013647,NHPC,45,36,20.0,152.0,3040.0,2024-02-25
2024022504013646,NHPC,41,36,2000.0,152.0,304000.0,2024-02-25
2024022504013645,NHPC,36,36,19.0,152.0,2888.0,2024-02-25
2024022504013644,NHPC,66,36,230.0,152.1,34983.0,2024-02-25
2024022501038343,NRM,38,45,10.0,339.0,3390.0,2024-02-25
2024022504013643,UPCL,88,86,200.0,209.4,41880.0,2024-02-25
2024022505009648,NRN,57,57,25.0,540.1,13502.5,2024-02-25
2024022501038342,NABIL,42,21,100.0,437.0,43700.0,2024-02-25
2024022505009647,HRL,16,21,10.0,608.0,6080.0,2024-02-25
2024022505009646,HRL,16,8,10.0,608.0,6080.0,2024-02-25
2024022505009645,HRL,16,88,30.0,608.0,18240.0,2024-02-25
2024022505009644,HRL,16,19,20.0,608.0,12160.0,2024-02-25
2024022505009643,HRL,16,45,10.0,608.0,6080.0,2024-02-25
2024022505009642,HRL,16,49,10.0,608.0,6080.0,2024-02-25
2024022505009641,HRL,16,57,10.0,608.0,6080.0,2024-02-25
2024022505009640,HRL,16,50,10.0,608.0,6080.0,2024-02-25
2024022505009639,HRL,16,58,50.0,607.9,30395.0,2024-02-25
2024022505009638,HRL,16,62,40.0,607.8,24312.0,2024-02-25
2024022504013642,HDHPC,21,16,100.0,137.8,13780.0,2024-02-25
2024022501038341,SMJC,58,8,10.0,387.0,3870.0,2024-02-25
2024022501038340,SMJC,58,29,70.0,387.0,27090.0,2024-02-25
2024022501038339,JALPA,58,6,10.0,1050.0,10500.0,2024-02-25
2024022501038338,VLUCL,34,29,540.0,521.0,281340.0,2024-02-25
2024022501038337,VLUCL,34,29,160.0,521.1,83376.0,2024-02-25
2024022501038336,UHEWA,32,45,35.0,364.0,12740.0,2024-02-25
2024022501038335,UHEWA,32,54,20.0,363.9,7278.0,2024-02-25
2024022501038334,UHEWA,32,86,425.0,363.0,154275.0,2024-02-25
2024022501038333,UHEWA,32,45,1050.0,345.0,362250.0,2024-02-25
2024022501038332,UHEWA,32,28,70.0,343.2,24024.0,2024-02-25
2024022504013641,GLH,7,39,100.0,208.2,20820.0,2024-02-25
2024022503009942,SAPDBL,35,34,10.0,253.0,2530.0,2024-02-25
2024022503009941,SAPDBL,35,7,20.0,252.0,5040.0,2024-02-25
2024022503009940,SAPDBL,35,58,10.0,251.5,2515.0,2024-02-25
2024022503009939,BFC,32,35,40.0,331.8,13272.0,2024-02-25
2024022501038331,MEL,71,22,30.0,216.0,6480.0,2024-02-25
2024022504013640,CHCL,1,32,29.0,462.0,13398.0,2024-02-25
2024022501038330,ILI,59,49,10.0,520.0,5200.0,2024-02-25
2024022501038329,ILI,59,62,100.0,520.0,52000.0,2024-02-25
2024022501038328,ILI,59,49,10.0,520.0,5200.0,2024-02-25
2024022501038327,ILI,59,22,200.0,520.0,104000.0,2024-02-25
2024022501038326,ILI,59,32,10.0,520.0,5200.0,2024-02-25
2024022501038325,ILI,59,52,80.0,520.0,41600.0,2024-02-25
2024022501038324,ILI,59,39,10.0,520.0,5200.0,2024-02-25
2024022501038323,ILI,59,34,10.0,520.0,5200.0,2024-02-25
2024022501038322,ILI,59,57,10.0,520.0,5200.0,2024-02-25
2024022501038321,ILI,59,61,10.0,519.1,5191.0,2024-02-25
2024022501038320,ILI,59,59,280.0,519.0,145320.0,2024-02-25
2024022504013639,UMHL,38,45,1150.0,252.0,289800.0,2024-02-25
2024022503009938,PROFL,38,42,66.0,314.0,20724.0,2024-02-25
2024022504013638,UMHL,13,40,50.0,251.0,12550.0,2024-02-25
2024022501038319,DORDI,26,52,82.0,461.1,37810.2,2024-02-25
2024022501038318,DORDI,11,52,118.0,462.0,54516.0,2024-02-25
2024022501038317,BNHC,29,52,60.0,437.1,26226.0,2024-02-25
2024022501038316,SBI,49,41,728.0,286.5,208572.0,2024-02-25
2024022504013637,BPCL,45,41,15.0,300.5,4507.5,2024-02-25
2024022504013636,NGPL,8,89,800.0,303.0,242400.0,2024-02-25
2024022504013635,NGPL,50,89,200.0,303.1,60620.0,2024-02-25
2024022503009937,MDB,16,33,20.0,392.5,7850.0,2024-02-25
2024022503009936,PMLI,18,32,10.0,501.5,5015.0,2024-02-25
2024022501038315,NMB,1,45,325.0,177.6,57720.0,2024-02-25
2024022501038314,NMB,54,45,50.0,177.6,8880.0,2024-02-25
2024022501038313,NMB,8,45,320.0,177.6,56832.0,2024-02-25
2024022504013634,MEN,83,35,70.0,593.3,41531.0,2024-02-25
2024022501038312,MBJC,47,38,10.0,307.0,3070.0,2024-02-25
2024022501038311,MKHL,13,44,10.0,367.1,3671.0,2024-02-25
2024022505009637,NRIC,6,34,29.0,750.0,21750.0,2024-02-25
2024022505009636,NRIC,6,48,14.0,750.0,10500.0,2024-02-25
2024022505009635,NRIC,6,34,100.0,750.0,75000.0,2024-02-25
2024022505009634,NRIC,6,42,51.0,750.0,38250.0,2024-02-25
2024022505009633,NRIC,6,8,12.0,750.0,9000.0,2024-02-25
2024022505009632,NRIC,6,49,64.0,750.0,48000.0,2024-02-25
2024022505009631,NRIC,6,58,130.0,750.0,97500.0,2024-02-25
2024022505009630,NRIC,6,4,100.0,749.0,74900.0,2024-02-25
2024022503009935,SWMF,6,21,30.0,658.0,19740.0,2024-02-25
2024022501038310,NBL,29,34,1468.0,219.0,321492.0,2024-02-25
2024022501038309,NBL,66,34,50.0,219.0,10950.0,2024-02-25
2024022501038308,NBL,58,34,25.0,219.0,5475.0,2024-02-25
2024022501038307,NBL,50,34,50.0,219.0,10950.0,2024-02-25
2024022501038306,NBL,57,34,20.0,219.0,4380.0,2024-02-25
2024022501038305,NBL,38,34,282.0,219.0,61758.0,2024-02-25
2024022501038304,NBL,4,34,200.0,219.0,43800.0,2024-02-25
2024022501038303,NBL,48,34,100.0,219.0,21900.0,2024-02-25
2024022501038302,NBL,17,34,100.0,219.0,21900.0,2024-02-25
2024022501038301,NBL,38,34,290.0,219.0,63510.0,2024-02-25
2024022501038300,NBL,19,34,100.0,219.0,21900.0,2024-02-25
2024022501038299,NBL,41,34,1000.0,219.0,219000.0,2024-02-25
2024022501038298,NBL,57,34,100.0,219.0,21900.0,2024-02-25
2024022501038297,NBL,26,34,500.0,219.0,109500.0,2024-02-25
2024022501038296,NBL,58,34,50.0,219.0,10950.0,2024-02-25
2024022501038295,NBL,39,34,230.0,219.0,50370.0,2024-02-25
2024022503009934,MPFL,34,39,10.0,358.0,3580.0,2024-02-25
2024022504013633,PMHPL,19,38,100.0,249.0,24900.0,2024-02-25
2024022501038294,SAHAS,53,52,35.0,525.0,18375.0,2024-02-25
2024022501038293,MKCL,57,66,10.0,924.0,9240.0,2024-02-25
2024022503009933,SJLIC,34,41,83.0,483.1,40097.3,2024-02-25
2024022503009932,SJLIC,25,41,20.0,483.1,9662.0,2024-02-25
2024022503009931,SJLIC,43,41,25.0,483.1,12077.5,2024-02-25
2024022503009930,SJLIC,57,41,10.0,483.1,4831.0,2024-02-25
2024022503009929,SJLIC,10,41,13.0,483.3,6282.9,2024-02-25
2024022503009928,SJLIC,62,41,29.0,483.3,14015.7,2024-02-25
2024022503009927,SJLIC,14,41,20.0,483.5,9670.0,2024-02-25
2024022504013632,NHDL,42,11,12.0,422.0,5064.0,2024-02-25
2024022501038292,SNLI,42,42,10.0,599.8,5998.0,2024-02-25
2024022501038291,HATHY,36,58,20.0,814.0,16280.0,2024-02-25
2024022501038290,SIKLES,65,81,53.0,508.6,26955.8,2024-02-25
2024022501038289,SIKLES,65,62,10.0,508.0,5080.0,2024-02-25
2024022501038288,SIKLES,65,13,100.0,505.0,50500.0,2024-02-25
2024022501038287,SIKLES,65,58,10.0,505.0,5050.0,2024-02-25
2024022501038286,SIKLES,65,8,10.0,505.0,5050.0,2024-02-25
2024022501038285,SIKLES,65,57,10.0,505.0,5050.0,2024-02-25
2024022501038284,SIKLES,65,38,10.0,505.0,5050.0,2024-02-25
2024022501038283,SIKLES,65,55,10.0,504.0,5040.0,2024-02-25
2024022501038282,SIKLES,65,41,10.0,501.0,5010.0,2024-02-25
2024022501038281,SIKLES,65,45,10.0,500.0,5000.0,2024-02-25
2024022501038280,SIKLES,65,39,10.0,500.0,5000.0,2024-02-25
2024022501038279,SIKLES,65,38,10.0,499.0,4990.0,2024-02-25
2024022501038278,SIKLES,65,58,10.0,494.0,4940.0,2024-02-25
2024022501038277,SIKLES,65,77,37.0,492.7,18229.9,2024-02-25
2024022503009926,NFS,19,4,75.0,368.0,27600.0,2024-02-25
2024022503009925,NFS,19,29,23.0,367.9,8461.7,2024-02-25
2024022505009629,HRL,39,58,50.0,607.9,30395.0,2024-02-25
2024022504013631,GHL,22,60,650.0,153.0,99450.0,2024-02-25
2024022504013630,GHL,50,60,400.0,153.0,61200.0,2024-02-25
2024022504013629,GHL,38,60,80.0,153.0,12240.0,2024-02-25
2024022504013628,GHL,10,60,50.0,153.0,7650.0,2024-02-25
2024022504013627,GHL,45,60,200.0,153.0,30600.0,2024-02-25
2024022503009924,NADEP,57,7,30.0,508.0,15240.0,2024-02-25
2024022501038276,DOLTI,17,35,10.0,386.2,3862.0,2024-02-25
2024022504013626,AKPL,57,49,40.0,175.0,7000.0,2024-02-25
2024022503009923,FOWAD,55,1,50.0,1029.1,51455.0,2024-02-25
2024022504013625,SHL,25,66,100.0,433.0,43300.0,2024-02-25
2024022504013624,LEC,62,82,30.0,187.4,5622.0,2024-02-25
2024022504013623,LEC,62,42,100.0,186.0,18600.0,2024-02-25
2024022504013622,LEC,62,4,100.0,186.0,18600.0,2024-02-25
2024022504013621,LEC,62,57,270.0,185.5,50085.0,2024-02-25
2024022505009628,HRL,57,34,10.0,607.6,6076.0,2024-02-25
2024022504013620,BARUN,10,44,10.0,257.0,2570.0,2024-02-25
2024022501038275,RNLI,6,52,10.0,424.3,4243.0,2024-02-25
2024022501038274,NRM,5,45,10.0,339.0,3390.0,2024-02-25
2024022501038273,KBL,43,49,107.0,142.8,15279.6,2024-02-25
2024022501038272,PPL,33,29,29.0,324.7,9416.3,2024-02-25
2024022501038271,PPL,45,29,1000.0,324.7,324700.0,2024-02-25
2024022501038270,PPL,45,29,320.0,325.0,104000.0,2024-02-25
2024022501038269,PPL,53,29,100.0,325.0,32500.0,2024-02-25
2024022501038268,PPL,26,29,500.0,325.0,162500.0,2024-02-25
2024022501038267,PPL,39,29,200.0,325.0,65000.0,2024-02-25
2024022501038266,PPL,57,29,100.0,325.1,32510.0,2024-02-25
2024022501038265,PPL,45,29,200.0,325.3,65060.0,2024-02-25
2024022501038264,PPL,3,29,200.0,326.4,65280.0,2024-02-25
2024022501038263,PPL,45,29,200.0,326.5,65300.0,2024-02-25
2024022501038262,PPL,38,29,1000.0,326.6,326600.0,2024-02-25
2024022501038261,PPL,58,29,185.0,327.0,60495.0,2024-02-25
2024022501038260,PPL,34,29,40.0,327.0,13080.0,2024-02-25
2024022501038259,PPL,39,29,816.0,327.0,266832.0,2024-02-25
2024022501038258,PPL,48,29,100.0,327.0,32700.0,2024-02-25
2024022501038257,PPL,38,29,10.0,327.5,3275.0,2024-02-25
2024022501038256,MMKJL,29,42,10.0,420.0,4200.0,2024-02-25
2024022503009922,JFL,3,58,86.0,365.2,31407.2,2024-02-25
2024022503009921,MPFL,32,39,22.0,358.0,7876.0,2024-02-25
2024022501038255,MKHC,57,50,10.0,289.0,2890.0,2024-02-25
2024022501038254,MKHC,57,50,20.0,289.0,5780.0,2024-02-25
2024022501038253,MKHC,49,50,860.0,289.0,248540.0,2024-02-25
2024022501038252,KDL,26,45,20.0,748.0,14960.0,2024-02-25
2024022501038251,KDL,55,45,10.0,748.0,7480.0,2024-02-25
2024022501038250,SMHL,77,45,80.0,468.0,37440.0,2024-02-25
2024022501038249,BHPL,58,44,10.0,485.0,4850.0,2024-02-25
2024022501038248,SRLI,45,6,100.0,425.0,42500.0,2024-02-25
2024022501038247,MSHL,52,6,110.0,617.1,67881.0,2024-02-25
2024022503009920,SLBSL,34,19,10.0,791.5,7915.0,2024-02-25
2024022504013619,HDHPC,21,25,200.0,137.8,27560.0,2024-02-25
2024022504013618,HDHPC,21,11,435.0,137.8,59943.0,2024-02-25
2024022504013617,HDHPC,21,46,202.0,137.8,27835.6,2024-02-25
2024022504013616,HDHPC,21,57,309.0,137.6,42518.4,2024-02-25
2024022504013615,HDHPC,21,21,90.0,137.4,12366.0,2024-02-25
2024022501038246,H8020,26,28,100.0,8.71,871.0,2024-02-25
2024022504013614,CHL,53,33,425.0,288.0,122400.0,2024-02-25
2024022504013613,CHL,39,33,100.0,288.1,28810.0,2024-02-25
2024022504013612,CHL,7,33,20.0,290.0,5800.0,2024-02-25
2024022501038245,NRM,53,45,10.0,339.0,3390.0,2024-02-25
2024022501038244,KDL,55,40,10.0,748.0,7480.0,2024-02-25
2024022503009919,GUFL,44,38,50.0,651.0,32550.0,2024-02-25
2024022501038243,USHL,44,57,10.0,471.0,4710.0,2024-02-25
2024022503009918,PROFL,58,42,20.0,314.0,6280.0,2024-02-25
2024022501038242,MAKAR,13,5,35.0,398.0,13930.0,2024-02-25
2024022501038241,MAKAR,45,5,500.0,398.1,199050.0,2024-02-25
2024022501038240,MAKAR,81,5,465.0,398.1,185116.5,2024-02-25
2024022501038239,RNLI,58,42,10.0,424.5,4245.0,2024-02-25
2024022501038238,SAMAJ,58,42,1.0,1958.7,1958.7,2024-02-25
2024022503009917,MFIL,58,17,13.0,509.0,6617.0,2024-02-25
2024022503009916,MFIL,58,41,60.0,508.0,30480.0,2024-02-25
2024022503009915,MFIL,58,74,53.0,507.9,26918.7,2024-02-25
2024022501038237,NICA,58,19,50.0,410.9,20545.0,2024-02-25
2024022504013611,UPPER,19,48,100.0,195.3,19530.0,2024-02-25
2024022501038236,SONA,38,49,10.0,408.5,4085.0,2024-02-25
2024022501038235,ULBSL,49,36,11.0,1080.0,11880.0,2024-02-25
2024022501038234,BEDC,22,36,11.0,348.0,3828.0,2024-02-25
2024022501038233,CKHL,25,26,100.0,619.8,61980.0,2024-02-25
2024022503009914,USLB,55,56,10.0,1045.0,10450.0,2024-02-25
2024022503009913,GLBSL,38,17,24.0,900.0,21600.0,2024-02-25
2024022505009627,CHDC,34,21,100.0,945.0,94500.0,2024-02-25
2024022501038232,RNLI,46,21,10.0,424.3,4243.0,2024-02-25
2024022504013610,UAIL,34,51,100.0,520.0,52000.0,2024-02-25
2024022501038231,BEDC,34,36,200.0,348.0,69600.0,2024-02-25
2024022501038230,BEDC,57,36,20.0,348.0,6960.0,2024-02-25
2024022501038229,BEDC,34,36,100.0,348.0,34800.0,2024-02-25
2024022501038228,BEDC,34,36,30.0,348.0,10440.0,2024-02-25
2024022501038227,BEDC,77,36,85.0,348.0,29580.0,2024-02-25
2024022501038226,BEDC,19,36,50.0,348.1,17405.0,2024-02-25
2024022501038225,BEDC,28,36,40.0,348.1,13924.0,2024-02-25
2024022501038224,BEDC,34,36,60.0,348.2,20892.0,2024-02-25
2024022503009912,FOWAD,34,52,10.0,1029.0,10290.0,2024-02-25
2024022503009911,MLBSL,5,38,10.0,1581.0,15810.0,2024-02-25
2024022505009626,NIFRA,57,21,92.0,205.0,18860.0,2024-02-25
2024022505009625,NIFRA,57,85,141.0,205.0,28905.0,2024-02-25
2024022501038223,ILI,57,59,20.0,519.0,10380.0,2024-02-25
2024022503009910,RLFL,45,48,41.0,360.0,14760.0,2024-02-25
2024022504013609,HEI,57,48,300.0,553.0,165900.0,2024-02-25
2024022503009909,NUBL,65,5,400.0,596.0,238400.0,2024-02-25
2024022503009908,NUBL,56,5,200.0,596.1,119220.0,2024-02-25
2024022503009907,HLI,19,58,10.0,381.0,3810.0,2024-02-25
2024022503009906,SWBBL,34,58,32.0,708.5,22672.0,2024-02-25
2024022505009624,NRN,72,63,300.0,540.0,162000.0,2024-02-25
2024022505009623,NRN,65,63,200.0,540.1,108020.0,2024-02-25
2024022505009622,STC,54,47,20.0,4920.0,98400.0,2024-02-25
2024022504013608,API,41,47,50.0,178.5,8925.0,2024-02-25
2024022504013607,UNHPL,38,14,100.0,243.2,24320.0,2024-02-25
2024022503009905,RLFL,45,14,1000.0,360.0,360000.0,2024-02-25
2024022501038222,USHL,44,7,10.0,471.0,4710.0,2024-02-25
2024022501038221,SGHC,22,58,100.0,306.0,30600.0,2024-02-25
2024022504013606,AKJCL,58,6,100.0,220.1,22010.0,2024-02-25
2024022504013605,UAIL,59,51,10.0,520.0,5200.0,2024-02-25
2024022501038220,PCBL,58,34,173.0,193.6,33492.8,2024-02-25
2024022501038219,PCBL,47,34,108.0,193.7,20919.6,2024-02-25
2024022501038218,PCBL,74,34,119.0,193.7,23050.3,2024-02-25
2024022501038217,PCBL,29,34,40.0,194.0,7760.0,2024-02-25
2024022501038216,PCBL,51,34,50.0,194.0,9700.0,2024-02-25
2024022501038215,PCBL,4,34,50.0,194.0,9700.0,2024-02-25
2024022501038214,PCBL,17,34,200.0,194.0,38800.0,2024-02-25
2024022501038213,PCBL,6,34,50.0,194.0,9700.0,2024-02-25
2024022501038212,PCBL,34,34,50.0,194.0,9700.0,2024-02-25
2024022501038211,PCBL,47,34,50.0,194.0,9700.0,2024-02-25
2024022504013604,HDHPC,42,36,60.0,137.3,8238.0,2024-02-25
2024022501038210,CLI,13,52,10.0,427.6,4276.0,2024-02-25
2024022501038209,NICA,48,19,239.0,410.9,98205.1,2024-02-25
2024022501038208,NICA,48,35,161.0,410.9,66154.9,2024-02-25
2024022503009904,NADEP,57,41,50.0,508.0,25400.0,2024-02-25
2024022505009621,HRL,57,42,10.0,607.6,6076.0,2024-02-25
2024022505009620,HRL,57,13,20.0,607.6,12152.0,2024-02-25
2024022504013603,GHL,45,29,800.0,153.0,122400.0,2024-02-25
2024022501038207,MMKJL,29,95,10.0,424.0,4240.0,2024-02-25
2024022501038206,SGHC,53,58,25.0,306.0,7650.0,2024-02-25
2024022501038205,SGHC,13,58,960.0,306.1,293856.0,2024-02-25
2024022501038204,SGHC,59,58,780.0,306.2,238836.0,2024-02-25
2024022501038203,SGHC,59,58,490.0,306.4,150136.0,2024-02-25
2024022501038202,SGHC,39,58,326.0,306.5,99919.0,2024-02-25
2024022504013602,SHEL,20,82,10.0,209.0,2090.0,2024-02-25
2024022501038201,SPHL,49,6,10.0,470.0,4700.0,2024-02-25
2024022501038200,HHL,34,49,200.0,321.1,64220.0,2024-02-25
2024022503009903,BFC,32,22,60.0,331.8,19908.0,2024-02-25
2024022503009902,BFC,58,22,100.0,331.8,33180.0,2024-02-25
2024022504013601,GHL,21,22,50.0,153.4,7670.0,2024-02-25
2024022501038199,SNLI,41,21,40.0,599.7,23988.0,2024-02-25
2024022501038198,DOLTI,17,52,500.0,386.2,193100.0,2024-02-25
2024022501038197,DOLTI,57,42,10.0,387.0,3870.0,2024-02-25
2024022501038196,SNLI,41,57,10.0,599.7,5997.0,2024-02-25
2024022501038195,KBL,21,57,30.0,142.6,4278.0,2024-02-25
2024022504013600,JOSHI,71,49,10.0,383.0,3830.0,2024-02-25
2024022504013599,NHDL,42,16,300.0,422.0,126600.0,2024-02-25
2024022501038194,SMHL,76,45,100.0,468.0,46800.0,2024-02-25
2024022501038193,SMHL,76,45,10.0,468.0,4680.0,2024-02-25
2024022501038192,SMHL,76,19,70.0,465.0,32550.0,2024-02-25
2024022501038191,HDL,19,54,250.0,1451.0,362750.0,2024-02-25
2024022501038190,MCHL,58,32,10.0,330.0,3300.0,2024-02-25
2024022504013598,NHPC,66,45,170.0,152.1,25857.0,2024-02-25
2024022504013597,NHPC,38,45,10.0,152.2,1522.0,2024-02-25
2024022501038189,SNLI,41,14,10.0,599.7,5997.0,2024-02-25
2024022501038188,CLI,13,49,10.0,427.6,4276.0,2024-02-25
2024022504013596,API,41,49,25.0,178.5,4462.5,2024-02-25
2024022501038187,VLUCL,44,44,200.0,521.8,104360.0,2024-02-25
2024022504013595,GHL,34,22,200.0,153.4,30680.0,2024-02-25
2024022501038186,SNLI,34,60,170.0,600.0,102000.0,2024-02-25
2024022501038185,BHL,58,57,500.0,335.0,167500.0,2024-02-25
2024022501038184,BHL,39,57,100.0,335.1,33510.0,2024-02-25
2024022501038183,BHL,56,57,50.0,335.2,16760.0,2024-02-25
2024022501038182,BHL,38,57,100.0,335.3,33530.0,2024-02-25
2024022501038181,MBJC,57,41,10.0,303.0,3030.0,2024-02-25
2024022504013594,HDHPC,42,41,500.0,137.3,68650.0,2024-02-25
2024022503009901,CORBL,71,41,10.0,426.0,4260.0,2024-02-25
2024022501038180,MBL,45,32,20.0,178.2,3564.0,2024-02-25
2024022505009619,NRIC,6,45,500.0,737.0,368500.0,2024-02-25
2024022501038179,SMJC,6,35,136.0,386.0,52496.0,2024-02-25
2024022501038178,SMJC,1,35,100.0,386.0,38600.0,2024-02-25
2024022501038177,SMJC,16,35,764.0,386.0,294904.0,2024-02-25
2024022501038176,SMJC,18,49,10.0,386.1,3861.0,2024-02-25
2024022501038175,HATHY,41,45,50.0,813.8,40690.0,2024-02-25
2024022501038174,HATHY,17,45,100.0,813.9,81390.0,2024-02-25
2024022501038173,HATHY,72,45,50.0,814.0,40700.0,2024-02-25
2024022501038172,HATHY,57,45,100.0,814.0,81400.0,2024-02-25
2024022504013593,AKPL,57,44,10.0,175.0,1750.0,2024-02-25
2024022504013592,RHPL,44,44,50.0,276.1,13805.0,2024-02-25
2024022504013591,NGPL,8,51,104.0,303.0,31512.0,2024-02-25
2024022501038171,RHGCL,46,42,140.0,293.0,41020.0,2024-02-25
2024022501038170,VLUCL,34,21,10.0,521.0,5210.0,2024-02-25
2024022501038169,MKHL,46,39,980.0,369.0,361620.0,2024-02-25
2024022501038168,MKHL,46,46,10.0,368.9,3689.0,2024-02-25
2024022501038167,MKHL,46,7,10.0,368.1,3681.0,2024-02-25
2024022501038166,NBL,39,59,20.0,219.0,4380.0,2024-02-25
2024022501038165,NBL,1,59,50.0,219.0,10950.0,2024-02-25
2024022501038164,NBL,1,59,100.0,219.0,21900.0,2024-02-25
2024022501038163,NBL,47,59,830.0,219.0,181770.0,2024-02-25
2024022501038162,NBL,5,59,1000.0,219.1,219100.0,2024-02-25
2024022505009618,NIFRA,59,85,200.0,205.0,41000.0,2024-02-25
2024022501038161,SONA,38,64,10.0,408.5,4085.0,2024-02-25
2024022504013590,AKJCL,34,59,340.0,220.4,74936.0,2024-02-25
2024022501038160,GVL,37,81,500.0,418.9,209450.0,2024-02-25
2024022501038159,SNLI,41,36,10.0,599.7,5997.0,2024-02-25
2024022504013589,NICL,45,52,10.0,827.0,8270.0,2024-02-25
2024022501038158,PRVU,10,57,20.0,148.1,2962.0,2024-02-25
2024022501038157,RNLI,46,41,10.0,424.3,4243.0,2024-02-25
2024022501038156,AHL,4,21,10.0,429.0,4290.0,2024-02-25
2024022501038155,SBI,49,68,642.0,286.5,183933.0,2024-02-25
2024022501038154,SBI,49,68,790.0,286.7,226493.0,2024-02-25
2024022501038153,SBI,26,68,68.0,287.0,19516.0,2024-02-25
2024022501038152,MKCL,5,66,10.0,924.0,9240.0,2024-02-25
2024022501038151,MKCL,5,6,10.0,924.0,9240.0,2024-02-25
2024022501038150,TSHL,77,42,10.0,489.1,4891.0,2024-02-25
2024022501038149,NIMB,28,42,133.0,163.2,21705.6,2024-02-25
2024022503009900,MPFL,35,66,40.0,356.0,14240.0,2024-02-25
2024022501038148,BHDC,50,17,36.0,471.0,16956.0,2024-02-25
2024022501038147,BHDC,50,35,10.0,471.0,4710.0,2024-02-25
2024022501038146,BHDC,50,55,10.0,470.0,4700.0,2024-02-25
2024022501038145,BHDC,50,94,59.0,469.0,27671.0,2024-02-25
2024022501038144,BHDC,50,94,85.0,469.0,39865.0,2024-02-25
2024022501038143,BHDC,50,62,50.0,468.7,23435.0,2024-02-25
2024022501038142,VLUCL,34,19,10.0,521.0,5210.0,2024-02-25
2024022503009899,NFS,39,58,630.0,365.5,230265.0,2024-02-25
2024022503009898,NFS,21,58,170.0,366.0,62220.0,2024-02-25
2024022503009897,NFS,26,58,200.0,366.1,73220.0,2024-02-25
2024022501038141,ADBL,7,58,10.0,227.2,2272.0,2024-02-25
2024022501038140,PHCL,32,58,10.0,316.1,3161.0,2024-02-25
2024022503009896,CORBL,58,41,10.0,426.0,4260.0,2024-02-25
2024022504013588,SPIL,62,58,23.0,720.1,16562.3,2024-02-25
2024022503009895,GRDBL,45,45,50.0,350.0,17500.0,2024-02-25
2024022501038139,VLUCL,38,44,18.0,521.8,9392.4,2024-02-25
2024022505009617,CIT,45,1,10.0,2051.0,20510.0,2024-02-25
2024022503009894,JBBL,62,38,60.0,294.0,17640.0,2024-02-25
2024022503009893,JBBL,62,43,40.0,293.4,11736.0,2024-02-25
2024022501038138,HHL,34,46,280.0,321.1,89908.0,2024-02-25
2024022501038137,CITY,59,11,10.0,582.0,5820.0,2024-02-25
2024022505009616,NIFRA,41,85,86.0,205.0,17630.0,2024-02-25
2024022501038136,MMKJL,29,49,10.0,423.0,4230.0,2024-02-25
2024022504013587,UMHL,13,54,200.0,251.0,50200.0,2024-02-25
2024022504013586,SGIC,6,54,20.0,496.3,9926.0,2024-02-25
2024022501038135,SPL,35,3,50.0,625.0,31250.0,2024-02-25
2024022501038134,SPL,74,3,10.0,625.0,6250.0,2024-02-25
2024022501038133,SPL,38,3,40.0,625.0,25000.0,2024-02-25
2024022501038132,SRLI,45,17,10.0,425.0,4250.0,2024-02-25
2024022505009615,NIFRA,32,86,200.0,204.6,40920.0,2024-02-25
2024022504013585,TRH,58,34,225.0,746.0,167850.0,2024-02-25
2024022504013584,TRH,21,34,20.0,746.1,14922.0,2024-02-25
2024022504013583,TRH,56,34,100.0,746.2,74620.0,2024-02-25
2024022504013582,TRH,17,34,100.0,747.0,74700.0,2024-02-25
2024022504013581,TRH,56,34,55.0,747.1,41090.5,2024-02-25
2024022501038131,SNLI,64,53,10.0,599.0,5990.0,2024-02-25
2024022504013580,LEC,62,40,100.0,185.2,18520.0,2024-02-25
2024022503009892,RLFL,45,48,100.0,360.0,36000.0,2024-02-25
2024022501038130,SONA,41,6,20.0,409.0,8180.0,2024-02-25
2024022501038129,SONA,41,57,10.0,408.1,4081.0,2024-02-25
2024022501038128,SCB,69,11,500.0,510.0,255000.0,2024-02-25
2024022501038127,VLUCL,38,47,10.0,521.8,5218.0,2024-02-25
2024022504013579,API,77,34,123.0,178.9,22004.7,2024-02-25
2024022504013578,API,77,5,77.0,178.6,13752.2,2024-02-25
2024022503009891,SADBL,28,14,164.0,292.2,47920.8,2024-02-25
2024022503009890,SADBL,58,14,50.0,292.3,14615.0,2024-02-25
2024022503009889,SADBL,33,14,50.0,292.3,14615.0,2024-02-25
2024022503009888,SADBL,57,14,36.0,292.3,10522.8,2024-02-25
2024022503009887,SADBL,33,14,200.0,292.4,58480.0,2024-02-25
2024022503009886,PROFL,49,35,67.0,313.2,20984.4,2024-02-25
2024022503009885,PROFL,70,35,83.0,314.0,26062.0,2024-02-25
2024022504013577,JOSHI,49,72,10.0,380.0,3800.0,2024-02-25
2024022501038126,SONA,22,42,10.0,408.0,4080.0,2024-02-25
2024022501038125,SONA,22,44,10.0,408.0,4080.0,2024-02-25
2024022504013576,UNHPL,22,45,100.0,244.0,24400.0,2024-02-25
2024022503009884,ACLBSL,49,14,13.0,607.0,7891.0,2024-02-25
2024022503009883,SINDU,58,44,940.0,312.0,293280.0,2024-02-25
2024022505009614,NIFRA,49,85,10.0,205.0,2050.0,2024-02-25
2024022501038124,EBL,8,6,40.0,498.7,19948.0,2024-02-25
2024022501038123,EBL,42,6,10.0,498.8,4988.0,2024-02-25
2024022505009613,NRIC,6,58,70.0,750.0,52500.0,2024-02-25
2024022505009612,NRIC,6,58,200.0,750.0,150000.0,2024-02-25
2024022505009611,NRIC,6,17,65.0,750.0,48750.0,2024-02-25
2024022505009610,NRIC,6,34,100.0,749.0,74900.0,2024-02-25
2024022505009609,NRIC,6,39,50.0,749.0,37450.0,2024-02-25
2024022505009608,NRIC,6,47,15.0,748.6,11229.0,2024-02-25
2024022505009607,NRIC,6,43,500.0,744.9,372450.0,2024-02-25
2024022504013575,NICL,59,6,20.0,828.0,16560.0,2024-02-25
2024022501038122,GCIL,44,59,60.0,451.1,27066.0,2024-02-25
2024022501038121,GCIL,14,59,10.0,454.0,4540.0,2024-02-25
2024022501038120,SCB,28,11,30.0,510.0,15300.0,2024-02-25
2024022504013574,UPPER,47,53,50.0,195.0,9750.0,2024-02-25
2024022501038119,RAWA,42,36,45.0,460.1,20704.5,2024-02-25
2024022501038118,NICA,29,52,911.0,410.0,373510.0,2024-02-25
2024022501038117,NICA,49,52,29.0,410.1,11892.9,2024-02-25
2024022501038116,NICA,53,52,210.0,410.2,86142.0,2024-02-25
2024022501038115,USHEC,38,50,200.0,370.0,74000.0,2024-02-25
2024022504013573,JOSHI,49,71,10.0,380.0,3800.0,2024-02-25
2024022501038114,NICA,42,35,95.0,410.9,39035.5,2024-02-25
2024022501038113,SHIVM,42,7,10.0,463.9,4639.0,2024-02-25
2024022505009606,ENL,59,42,50.0,733.0,36650.0,2024-02-25
2024022501038112,SNLI,64,29,90.0,599.0,53910.0,2024-02-25
2024022501038111,PHCL,32,3,50.0,316.1,15805.0,2024-02-25
2024022501038110,PHCL,32,37,30.0,316.0,9480.0,2024-02-25
2024022501038109,DOLTI,17,58,255.0,386.2,98481.0,2024-02-25
2024022501038108,DORDI,77,6,200.0,470.0,94000.0,2024-02-25
2024022505009605,NTC,38,51,50.0,835.0,41750.0,2024-02-25
2024022505009604,NTC,40,51,20.0,835.0,16700.0,2024-02-25
2024022505009603,NTC,19,51,100.0,835.0,83500.0,2024-02-25
2024022505009602,NTC,1,51,10.0,835.0,8350.0,2024-02-25
2024022505009601,NTC,42,51,45.0,835.0,37575.0,2024-02-25
2024022505009600,NTC,49,51,250.0,835.0,208750.0,2024-02-25
2024022505009599,NTC,32,51,70.0,835.0,58450.0,2024-02-25
2024022505009598,NTC,28,51,100.0,835.0,83500.0,2024-02-25
2024022505009597,NTC,21,51,20.0,835.0,16700.0,2024-02-25
2024022505009596,NTC,42,51,100.0,835.0,83500.0,2024-02-25
2024022505009595,NTC,42,51,20.0,835.0,16700.0,2024-02-25
2024022505009594,NTC,21,51,10.0,835.0,8350.0,2024-02-25
2024022505009593,NTC,42,51,50.0,835.0,41750.0,2024-02-25
2024022505009592,NTC,39,51,30.0,835.0,25050.0,2024-02-25
2024022505009591,NTC,49,51,48.0,835.0,40080.0,2024-02-25
2024022505009590,NTC,49,51,150.0,835.0,125250.0,2024-02-25
2024022505009589,NTC,42,51,20.0,835.0,16700.0,2024-02-25
2024022505009588,NTC,45,51,100.0,835.0,83500.0,2024-02-25
2024022505009587,NTC,57,51,50.0,835.0,41750.0,2024-02-25
2024022505009586,NTC,42,51,10.0,835.0,8350.0,2024-02-25
2024022505009585,NTC,14,51,50.0,835.0,41750.0,2024-02-25
2024022505009584,NTC,36,51,100.0,835.0,83500.0,2024-02-25
2024022505009583,NTC,26,51,50.0,835.0,41750.0,2024-02-25
2024022505009582,NTC,42,51,2050.0,835.0,1711750.0,2024-02-25
2024022505009581,NTC,59,51,50.0,835.0,41750.0,2024-02-25
2024022505009580,NTC,32,51,200.0,835.0,167000.0,2024-02-25
2024022505009579,NTC,42,51,50.0,835.0,41750.0,2024-02-25
2024022505009578,NTC,44,51,200.0,835.2,167040.0,2024-02-25
2024022505009577,NTC,51,51,10.0,836.0,8360.0,2024-02-25
2024022505009576,NTC,57,51,50.0,836.0,41800.0,2024-02-25
2024022505009575,NTC,57,51,50.0,836.0,41800.0,2024-02-25
2024022505009574,NTC,25,51,10.0,836.0,8360.0,2024-02-25
2024022505009573,NTC,16,51,80.0,836.0,66880.0,2024-02-25
2024022504013572,API,1,5,300.0,178.6,53580.0,2024-02-25
2024022503009882,NLIC,8,1,100.0,597.5,59750.0,2024-02-25
2024022504013571,SSHL,49,42,50.0,163.0,8150.0,2024-02-25
2024022501038107,SHLB,26,55,40.0,825.0,33000.0,2024-02-25
2024022501038106,TPC,34,42,10.0,538.0,5380.0,2024-02-25
2024022504013570,UPCL,88,34,100.0,209.4,20940.0,2024-02-25
2024022504013569,UPCL,39,34,300.0,209.8,62940.0,2024-02-25
2024022504013568,UPCL,58,34,300.0,209.9,62970.0,2024-02-25
2024022504013567,UPCL,4,34,600.0,209.9,125940.0,2024-02-25
2024022504013566,UPCL,4,34,700.0,209.9,146930.0,2024-02-25
2024022501038105,RFPL,48,29,130.0,315.0,40950.0,2024-02-25
2024022501038104,RFPL,48,49,70.0,315.0,22050.0,2024-02-25
2024022501038103,RFPL,48,16,100.0,314.9,31490.0,2024-02-25
2024022501038102,HATHY,42,34,70.0,815.0,57050.0,2024-02-25
2024022501038101,NESDO,42,13,20.0,1525.2,30504.0,2024-02-25
2024022501038100,EBL,32,47,100.0,499.0,49900.0,2024-02-25
2024022504013565,GHL,34,54,41.0,153.0,6273.0,2024-02-25
2024022504013564,JOSHI,49,50,17.0,380.0,6460.0,2024-02-25
2024022504013563,JOSHI,32,50,100.0,381.0,38100.0,2024-02-25
2024022504013562,JOSHI,35,50,23.0,381.1,8765.3,2024-02-25
2024022503009881,NFS,58,29,27.0,367.9,9933.3,2024-02-25
2024022501038099,KBL,21,44,573.0,142.6,81709.8,2024-02-25
2024022501038098,KBL,35,44,77.0,142.6,10980.2,2024-02-25
2024022501038097,KBL,57,44,50.0,142.8,7140.0,2024-02-25
2024022503009880,NICLBSL,62,51,10.0,539.8,5398.0,2024-02-25
2024022503009879,NICLBSL,62,25,10.0,539.0,5390.0,2024-02-25
2024022503009878,NICLBSL,62,34,30.0,538.0,16140.0,2024-02-25
2024022501038096,SPC,17,36,10.0,615.0,6150.0,2024-02-25
2024022503009877,HLI,19,34,110.0,381.0,41910.0,2024-02-25
2024022503009876,HLI,1,34,90.0,381.0,34290.0,2024-02-25
2024022503009875,JBBL,41,34,22.0,291.7,6417.4,2024-02-25
2024022503009874,PFL,34,34,10.0,366.9,3669.0,2024-02-25
2024022501038095,DLBS,38,62,10.0,801.0,8010.0,2024-02-25
2024022501038094,GVL,37,4,10.0,418.9,4189.0,2024-02-25
2024022501038093,TVCL,45,42,20.0,541.5,10830.0,2024-02-25
2024022505009572,HIDCL,13,56,49.0,170.0,8330.0,2024-02-25
2024022505009571,HIDCL,13,45,53.0,170.0,9010.0,2024-02-25
2024022505009570,HIDCL,13,43,100.0,170.0,17000.0,2024-02-25
2024022505009569,HIDCL,13,55,500.0,170.0,85000.0,2024-02-25
2024022505009568,HIDCL,13,29,101.0,170.0,17170.0,2024-02-25
2024022505009567,HIDCL,13,29,100.0,169.8,16980.0,2024-02-25
2024022505009566,HIDCL,13,43,60.0,169.8,10188.0,2024-02-25
2024022505009565,HIDCL,13,86,37.0,169.8,6282.6,2024-02-25
2024022501038092,SIKLES,65,77,163.0,492.7,80310.1,2024-02-25
2024022501038091,SIKLES,65,57,10.0,492.6,4926.0,2024-02-25
2024022501038090,SIKLES,65,41,10.0,492.6,4926.0,2024-02-25
2024022501038089,SIKLES,65,22,62.0,492.0,30504.0,2024-02-25
2024022501038088,SIKLES,65,52,40.0,492.0,19680.0,2024-02-25
2024022501038087,SIKLES,65,58,10.0,492.0,4920.0,2024-02-25
2024022501038086,SIKLES,65,21,100.0,492.0,49200.0,2024-02-25
2024022501038085,SIKLES,65,45,10.0,490.0,4900.0,2024-02-25
2024022501038084,SIKLES,65,44,10.0,490.0,4900.0,2024-02-25
2024022501038083,SIKLES,65,25,10.0,490.0,4900.0,2024-02-25
2024022501038082,SIKLES,65,63,100.0,489.9,48990.0,2024-02-25
2024022501038081,SIKLES,65,42,85.0,489.0,41565.0,2024-02-25
2024022501038080,SIKLES,65,28,10.0,488.9,4889.0,2024-02-25
2024022501038079,SIKLES,65,26,10.0,488.0,4880.0,2024-02-25
2024022501038078,SIKLES,65,58,10.0,488.0,4880.0,2024-02-25
2024022501038077,SIKLES,65,32,200.0,487.0,97400.0,2024-02-25
2024022501038076,SIKLES,65,49,10.0,486.0,4860.0,2024-02-25
2024022501038075,SIKLES,65,17,150.0,485.9,72885.0,2024-02-25
2024022501038074,MMKJL,29,95,10.0,424.0,4240.0,2024-02-25
2024022501038073,HDL,44,7,55.0,1450.9,79799.5,2024-02-25
2024022501038072,GVL,37,58,80.0,418.9,33512.0,2024-02-25
2024022504013561,NIL,58,26,10.0,795.1,7951.0,2024-02-25
2024022504013560,NIL,47,26,18.0,795.2,14313.6,2024-02-25
2024022504013559,NIL,16,26,10.0,795.5,7955.0,2024-02-25
2024022501038071,NRM,14,35,10.0,333.0,3330.0,2024-02-25
2024022501038070,MAKAR,81,35,125.0,398.1,49762.5,2024-02-25
2024022504013558,SPIL,62,46,27.0,720.1,19442.7,2024-02-25
2024022501038069,GCIL,21,51,10.0,454.0,4540.0,2024-02-25
2024022501038068,GCIL,21,51,10.0,454.0,4540.0,2024-02-25
2024022501038067,GCIL,21,33,10.0,454.0,4540.0,2024-02-25
2024022501038066,GCIL,21,34,60.0,454.0,27240.0,2024-02-25
2024022501038065,GCIL,21,22,10.0,453.0,4530.0,2024-02-25
2024022504013557,GHL,34,28,599.0,153.0,91647.0,2024-02-25
2024022504013556,GHL,38,28,100.0,153.0,15300.0,2024-02-25
2024022504013555,GHL,14,28,500.0,153.0,76500.0,2024-02-25
2024022504013554,GHL,35,28,100.0,153.0,15300.0,2024-02-25
2024022504013553,GHL,94,28,20.0,153.0,3060.0,2024-02-25
2024022504013552,GHL,48,28,15.0,153.0,2295.0,2024-02-25
2024022504013551,GHL,52,28,100.0,153.0,15300.0,2024-02-25
2024022504013550,GHL,45,28,50.0,153.0,7650.0,2024-02-25
2024022504013549,GHL,38,28,1516.0,153.0,231948.0,2024-02-25
2024022501038064,HEIP,49,25,10.0,341.4,3414.0,2024-02-25
2024022503009873,NABBC,34,4,155.0,410.2,63581.0,2024-02-25
2024022503009872,NABBC,34,32,20.0,410.0,8200.0,2024-02-25
2024022503009871,NABBC,34,19,670.0,409.8,274566.0,2024-02-25
2024022503009870,NABBC,34,43,155.0,409.0,63395.0,2024-02-25
2024022501038063,PHCL,58,37,100.0,316.0,31600.0,2024-02-25
2024022501038062,PHCL,19,37,500.0,316.0,158000.0,2024-02-25
2024022501038061,PHCL,17,37,300.0,316.0,94800.0,2024-02-25
2024022501038060,PHCL,42,37,70.0,316.0,22120.0,2024-02-25
2024022501038059,HATHY,57,19,100.0,814.0,81400.0,2024-02-25
2024022504013548,JOSHI,22,14,200.0,409.0,81800.0,2024-02-25
2024022501038058,SAHAS,53,35,10.0,525.0,5250.0,2024-02-25
2024022501038057,PHCL,42,44,250.0,316.0,79000.0,2024-02-25
2024022501038056,PHCL,34,44,360.0,316.0,113760.0,2024-02-25
2024022501038055,PHCL,59,44,90.0,316.1,28449.0,2024-02-25
2024022501038054,DORDI,11,49,100.0,462.0,46200.0,2024-02-25
2024022501038053,ULBSL,49,58,21.0,1075.0,22575.0,2024-02-25
2024022501038052,KBL,35,49,23.0,142.6,3279.8,2024-02-25
2024022501038051,KBL,74,49,390.0,142.6,55614.0,2024-02-25
2024022501038050,ILI,62,20,100.0,519.0,51900.0,2024-02-25
2024022501038049,MKCL,14,6,10.0,924.0,9240.0,2024-02-25
2024022504013547,KKHC,48,45,110.0,244.0,26840.0,2024-02-25
2024022501038048,BHPL,58,57,50.0,485.0,24250.0,2024-02-25
2024022501038047,NBL,17,34,169.0,219.5,37095.5,2024-02-25
2024022501038046,RNLI,46,34,10.0,424.3,4243.0,2024-02-25
2024022501038045,CZBIL,34,41,510.0,162.4,82824.0,2024-02-25
2024022503009869,SFCL,42,37,343.0,305.2,104683.6,2024-02-25
2024022503009868,SFCL,39,37,357.0,306.0,109242.0,2024-02-25
2024022503009867,MERO,6,43,314.0,525.1,164881.4,2024-02-25
2024022504013546,SHPC,49,66,100.0,337.1,33710.0,2024-02-25
2024022501038044,SONA,7,56,122.0,407.0,49654.0,2024-02-25
2024022501038043,SONA,35,56,78.0,407.0,31746.0,2024-02-25
2024022501038042,SONA,32,56,300.0,408.0,122400.0,2024-02-25
2024022501038041,SNLI,64,56,28.0,599.0,16772.0,2024-02-25
2024022501038040,SNLI,1,56,100.0,599.0,59900.0,2024-02-25
2024022501038039,SNLI,57,56,72.0,599.0,43128.0,2024-02-25
2024022501038038,BNHC,32,42,10.0,440.0,4400.0,2024-02-25
2024022504013545,RBCL,14,35,10.0,13567.0,135670.0,2024-02-25
2024022501038037,GVL,37,58,10.0,418.9,4189.0,2024-02-25
2024022503009866,GBLBS,62,1,10.0,530.4,5304.0,2024-02-25
2024022505009564,NBF3,14,49,1500.0,7.25,10875.0,2024-02-25
2024022501038036,BEDC,34,49,10.0,348.2,3482.0,2024-02-25
2024022501038035,SNLI,57,38,28.0,599.0,16772.0,2024-02-25
2024022501038034,SNLI,8,38,340.0,599.0,203660.0,2024-02-25
2024022501038033,SNLI,1,38,20.0,599.0,11980.0,2024-02-25
2024022501038032,SNLI,58,38,21.0,599.0,12579.0,2024-02-25
2024022501038031,SNLI,18,38,11.0,599.0,6589.0,2024-02-25
2024022501038030,SNLI,1,38,500.0,599.0,299500.0,2024-02-25
2024022501038029,SNLI,47,38,56.0,599.0,33544.0,2024-02-25
2024022501038028,SNLI,58,38,100.0,599.0,59900.0,2024-02-25
2024022501038027,SNLI,26,38,250.0,599.0,149750.0,2024-02-25
2024022501038026,SNLI,3,38,200.0,599.1,119820.0,2024-02-25
2024022501038025,SNLI,6,38,100.0,599.1,59910.0,2024-02-25
2024022501038024,SNLI,45,38,100.0,599.1,59910.0,2024-02-25
2024022501038023,SNLI,33,38,100.0,599.1,59910.0,2024-02-25
2024022501038022,SNLI,47,38,200.0,599.1,119820.0,2024-02-25
2024022501038021,SNLI,47,38,40.0,599.1,23964.0,2024-02-25
2024022501038020,SNLI,5,38,30.0,599.2,17976.0,2024-02-25
2024022501038019,SNLI,41,38,20.0,599.5,11990.0,2024-02-25
2024022501038018,SNLI,51,38,12.0,599.5,7194.0,2024-02-25
2024022501038017,SNLI,39,38,100.0,599.5,59950.0,2024-02-25
2024022501038016,SNLI,39,38,12.0,599.5,7194.0,2024-02-25
2024022501038015,SNLI,41,38,260.0,599.5,155870.0,2024-02-25
2024022504013544,RADHI,18,34,200.0,245.1,49020.0,2024-02-25
2024022501038014,PRVU,10,34,427.0,148.1,63238.7,2024-02-25
2024022503009865,SLBSL,34,56,30.0,780.0,23400.0,2024-02-25
2024022504013543,API,49,5,250.0,178.6,44650.0,2024-02-25
2024022504013542,API,58,5,50.0,178.6,8930.0,2024-02-25
2024022504013541,API,41,5,323.0,178.6,57687.8,2024-02-25
2024022505009563,MMF1,47,42,200.0,7.3,1460.0,2024-02-25
2024022501038013,NIMB,28,39,28.0,163.2,4569.6,2024-02-25
2024022501038012,NIMB,34,39,472.0,163.5,77172.0,2024-02-25
2024022501038011,SANIMA,52,47,85.0,233.1,19813.5,2024-02-25
2024022501038010,SANIMA,22,47,15.0,233.2,3498.0,2024-02-25
2024022501038009,DORDI,77,6,55.0,470.0,25850.0,2024-02-25
2024022501038008,DORDI,77,57,10.0,470.0,4700.0,2024-02-25
2024022501038007,DORDI,77,35,10.0,470.0,4700.0,2024-02-25
2024022501038006,DORDI,77,49,10.0,470.0,4700.0,2024-02-25
2024022501038005,DORDI,77,16,200.0,470.0,94000.0,2024-02-25
2024022501038004,DORDI,77,77,700.0,469.0,328300.0,2024-02-25
2024022501038003,DORDI,77,44,20.0,468.9,9378.0,2024-02-25
2024022501038002,DORDI,77,51,50.0,465.9,23295.0,2024-02-25
2024022501038001,DORDI,77,52,165.0,465.9,76873.5,2024-02-25
2024022501038000,DORDI,77,45,80.0,465.0,37200.0,2024-02-25
2024022501037999,DORDI,77,58,200.0,464.0,92800.0,2024-02-25
2024022503009864,KRBL,45,49,50.0,365.0,18250.0,2024-02-25
2024022501037998,RAWA,62,44,100.0,460.0,46000.0,2024-02-25
2024022501037997,DORDI,11,1,100.0,462.0,46200.0,2024-02-25
2024022501037996,IHL,86,49,70.0,357.0,24990.0,2024-02-25
2024022501037995,IHL,5,49,30.0,357.1,10713.0,2024-02-25
2024022501037994,RFPL,6,49,10.0,315.0,3150.0,2024-02-25
2024022504013540,NHPC,17,42,10.0,152.3,1523.0,2024-02-25
2024022503009863,NLBBL,10,57,10.0,521.9,5219.0,2024-02-25
2024022501037993,GVL,37,40,10.0,418.9,4189.0,2024-02-25
2024022503009862,SJLIC,42,40,100.0,483.4,48340.0,2024-02-25
2024022503009861,NLBBL,53,57,10.0,521.9,5219.0,2024-02-25
2024022501037992,MBJC,57,33,711.0,303.0,215433.0,2024-02-25
2024022501037991,MBJC,34,33,200.0,303.1,60620.0,2024-02-25
2024022501037990,MBJC,6,33,79.0,303.2,23952.8,2024-02-25
2024022501037989,MBJC,44,33,10.0,304.0,3040.0,2024-02-25
2024022503009860,ALBSL,36,4,10.0,650.0,6500.0,2024-02-25
2024022503009859,ALBSL,36,68,10.0,650.0,6500.0,2024-02-25
2024022503009858,ALBSL,36,29,90.0,649.0,58410.0,2024-02-25
2024022503009857,ALBSL,36,42,10.0,648.9,6489.0,2024-02-25
2024022503009856,ALBSL,36,19,10.0,647.0,6470.0,2024-02-25
2024022503009855,ALBSL,36,54,10.0,647.0,6470.0,2024-02-25
2024022501037988,AVYAN,74,38,10.0,590.5,5905.0,2024-02-25
2024022501037987,CYCL,38,34,50.0,1102.0,55100.0,2024-02-25
2024022501037986,CYCL,62,34,10.0,1111.0,11110.0,2024-02-25
2024022504013539,AKJCL,58,41,180.0,220.1,39618.0,2024-02-25
2024022504013538,NHPC,66,41,100.0,152.1,15210.0,2024-02-25
2024022503009854,SHINE,60,41,480.0,370.0,177600.0,2024-02-25
2024022503009853,SHINE,60,37,20.0,369.9,7398.0,2024-02-25
2024022503009852,SHINE,60,38,400.0,369.0,147600.0,2024-02-25
2024022503009851,SHINE,60,41,100.0,368.5,36850.0,2024-02-25
2024022503009850,GUFL,32,21,10.0,652.0,6520.0,2024-02-25
2024022504013537,SSHL,54,42,30.0,163.0,4890.0,2024-02-25
2024022501037985,NIMB,34,39,28.0,163.5,4578.0,2024-02-25
2024022505009562,MMF1,47,62,300.0,7.3,2190.0,2024-02-25
2024022501037984,ILI,38,58,10.0,518.1,5181.0,2024-02-25
2024022501037983,NICA,49,44,71.0,410.1,29117.1,2024-02-25
2024022501037982,NICA,34,44,10.0,410.1,4101.0,2024-02-25
2024022501037981,NICA,37,44,909.0,410.1,372780.9,2024-02-25
2024022501037980,NICA,51,44,10.0,410.2,4102.0,2024-02-25
2024022503009849,USLB,55,42,10.0,1032.0,10320.0,2024-02-25
2024022504013536,NHPC,1,41,100.0,152.1,15210.0,2024-02-25
2024022504013535,AKJCL,58,49,50.0,220.1,11005.0,2024-02-25
2024022504013534,SHL,45,36,50.0,433.0,21650.0,2024-02-25
2024022504013533,SHL,45,36,100.0,433.0,43300.0,2024-02-25
2024022503009848,JBBL,11,43,34.0,293.4,9975.6,2024-02-25
2024022503009847,GUFL,34,58,7.0,650.0,4550.0,2024-02-25
2024022503009846,GUFL,34,25,214.0,650.0,139100.0,2024-02-25
2024022503009845,GUFL,33,25,174.0,650.1,113117.4,2024-02-25
2024022503009844,GUFL,11,25,100.0,650.1,65010.0,2024-02-25
2024022503009843,GUFL,39,25,512.0,650.2,332902.4,2024-02-25
2024022504013532,RIDI,44,38,856.0,188.2,161099.2,2024-02-25
2024022504013531,RIDI,56,38,500.0,188.2,94100.0,2024-02-25
2024022504013530,RIDI,42,38,1000.0,188.2,188200.0,2024-02-25
2024022504013529,RIDI,26,38,79.0,188.2,14867.8,2024-02-25
2024022504013528,RIDI,45,38,15.0,188.3,2824.5,2024-02-25
2024022504013527,RIDI,47,38,30.0,188.4,5652.0,2024-02-25
2024022505009561,NRN,65,57,100.0,540.1,54010.0,2024-02-25
2024022505009560,NRN,39,57,10.0,541.0,5410.0,2024-02-25
2024022505009559,NRN,10,57,90.0,541.0,48690.0,2024-02-25
2024022504013526,SHL,34,25,100.0,434.0,43400.0,2024-02-25
2024022504013525,JOSHI,41,50,200.0,412.0,82400.0,2024-02-25
2024022504013524,JOSHI,41,17,50.0,412.0,20600.0,2024-02-25
2024022504013523,JOSHI,41,75,300.0,412.0,123600.0,2024-02-25
2024022504013522,JOSHI,41,32,100.0,412.0,41200.0,2024-02-25
2024022504013521,JOSHI,41,20,300.0,411.0,123300.0,2024-02-25
2024022504013520,JOSHI,41,72,100.0,410.0,41000.0,2024-02-25
2024022504013519,JOSHI,41,71,50.0,410.0,20500.0,2024-02-25
2024022504013518,JOSHI,41,36,247.0,404.0,99788.0,2024-02-25
2024022504013517,JOSHI,41,29,1000.0,403.0,403000.0,2024-02-25
2024022504013516,JOSHI,41,55,300.0,401.0,120300.0,2024-02-25
2024022504013515,JOSHI,41,55,380.0,401.0,152380.0,2024-02-25
2024022504013514,JOSHI,41,58,200.0,399.8,79960.0,2024-02-25
2024022504013513,JOSHI,41,50,30.0,399.8,11994.0,2024-02-25
2024022504013512,JOSHI,41,39,50.0,397.8,19890.0,2024-02-25
2024022504013511,JOSHI,41,25,95.0,397.8,37791.0,2024-02-25
2024022501037979,MSHL,42,1,190.0,619.0,117610.0,2024-02-25
2024022501037978,AHL,34,43,25.0,416.1,10402.5,2024-02-25
2024022501037977,AHL,34,43,400.0,416.1,166440.0,2024-02-25
2024022501037976,AHL,22,43,50.0,416.2,20810.0,2024-02-25
2024022501037975,AHL,45,43,50.0,416.6,20830.0,2024-02-25
2024022501037974,AHL,40,43,20.0,416.6,8332.0,2024-02-25
2024022501037973,AHL,19,43,100.0,417.0,41700.0,2024-02-25
2024022501037972,AHL,34,43,50.0,417.3,20865.0,2024-02-25
2024022501037971,AHL,65,43,100.0,418.0,41800.0,2024-02-25
2024022501037970,AHL,42,43,225.0,418.8,94230.0,2024-02-25
2024022501037969,AHL,26,43,50.0,418.8,20940.0,2024-02-25
2024022501037968,AHL,26,43,100.0,419.0,41900.0,2024-02-25
2024022501037967,AHL,1,43,100.0,419.5,41950.0,2024-02-25
2024022501037966,AHL,38,43,100.0,420.0,42000.0,2024-02-25
2024022501037965,AHL,52,43,10.0,420.0,4200.0,2024-02-25
2024022501037964,AHL,29,43,200.0,422.0,84400.0,2024-02-25
2024022501037963,AHL,57,43,50.0,422.0,21100.0,2024-02-25
2024022501037962,AHL,42,43,100.0,422.0,42200.0,2024-02-25
2024022501037961,AHL,37,43,50.0,422.0,21100.0,2024-02-25
2024022501037960,AHL,45,43,100.0,422.1,42210.0,2024-02-25
2024022501037959,AHL,13,43,30.0,422.4,12672.0,2024-02-25
2024022501037958,AHL,43,43,40.0,423.0,16920.0,2024-02-25
2024022501037957,AHL,13,43,50.0,423.5,21175.0,2024-02-25
2024022505009558,HRL,54,18,18.0,608.0,10944.0,2024-02-25
2024022503009842,PMLI,46,54,70.0,501.5,35105.0,2024-02-25
2024022504013510,NHPC,36,19,120.0,152.0,18240.0,2024-02-25
2024022501037956,SONA,35,47,22.0,407.0,8954.0,2024-02-25
2024022501037955,SONA,50,47,20.0,407.1,8142.0,2024-02-25
2024022501037954,SONA,14,47,461.0,407.1,187673.1,2024-02-25
2024022501037953,SONA,34,47,47.0,407.1,19133.7,2024-02-25
2024022501037952,SONA,36,47,40.0,407.4,16296.0,2024-02-25
2024022501037951,SONA,74,47,50.0,407.5,20375.0,2024-02-25
2024022501037950,SONA,34,47,140.0,407.5,57050.0,2024-02-25
2024022501037949,SONA,29,47,30.0,408.0,12240.0,2024-02-25
2024022505009557,NTC,16,35,100.0,836.0,83600.0,2024-02-25
2024022503009841,SWBBL,54,58,10.0,709.5,7095.0,2024-02-25
2024022504013509,UMRH,6,62,14.0,352.0,4928.0,2024-02-25
2024022504013508,UMRH,52,62,25.0,353.0,8825.0,2024-02-25
2024022504013507,UMRH,52,62,111.0,353.0,39183.0,2024-02-25
2024022505009556,NIFRA,45,17,54.0,204.5,11043.0,2024-02-25
2024022503009840,SLBSL,34,17,47.0,765.0,35955.0,2024-02-25
2024022503009839,SLBSL,39,17,53.0,766.0,40598.0,2024-02-25
2024022503009838,ALBSL,6,59,140.0,646.0,90440.0,2024-02-25
2024022505009555,NTC,16,25,20.0,836.0,16720.0,2024-02-25
2024022505009554,NTC,59,25,50.0,836.0,41800.0,2024-02-25
2024022501037948,NICA,57,35,100.0,410.9,41090.0,2024-02-25
2024022504013506,JOSHI,35,57,477.0,381.1,181784.7,2024-02-25
2024022504013505,JOSHI,33,57,1000.0,381.3,381300.0,2024-02-25
2024022504013504,JOSHI,7,57,140.0,381.6,53424.0,2024-02-25
2024022504013503,JOSHI,56,57,883.0,381.8,337129.4,2024-02-25
2024022504013502,JOSHI,45,57,500.0,383.0,191500.0,2024-02-25
2024022504013501,AKPL,57,38,57.0,175.0,9975.0,2024-02-25
2024022504013500,AKPL,52,38,163.0,175.0,28525.0,2024-02-25
2024022504013499,AKPL,49,38,30.0,175.7,5271.0,2024-02-25
2024022504013498,GHL,38,38,484.0,153.0,74052.0,2024-02-25
2024022504013497,GHL,10,38,300.0,153.0,45900.0,2024-02-25
2024022504013496,GHL,32,38,250.0,153.0,38250.0,2024-02-25
2024022504013495,GHL,41,38,50.0,153.0,7650.0,2024-02-25
2024022504013494,GHL,53,38,50.0,153.0,7650.0,2024-02-25
2024022504013493,GHL,26,38,1000.0,153.0,153000.0,2024-02-25
2024022504013492,GHL,6,38,20.0,153.0,3060.0,2024-02-25
2024022504013491,GHL,56,38,50.0,153.0,7650.0,2024-02-25
2024022504013490,GHL,52,38,150.0,153.0,22950.0,2024-02-25
2024022504013489,GHL,19,38,1248.0,153.0,190944.0,2024-02-25
2024022504013488,GHL,22,38,200.0,153.1,30620.0,2024-02-25
2024022504013487,GHL,1,38,200.0,153.3,30660.0,2024-02-25
2024022504013486,GHL,6,38,10.0,153.5,1535.0,2024-02-25
2024022504013485,GHL,45,38,488.0,153.5,74908.0,2024-02-25
2024022501037947,MHL,42,58,10.0,384.0,3840.0,2024-02-25
2024022501037946,TPC,34,42,10.0,538.0,5380.0,2024-02-25
2024022503009837,ALICL,60,29,500.0,578.0,289000.0,2024-02-25
2024022501037945,MKCL,14,56,10.0,924.0,9240.0,2024-02-25
2024022501037944,SAHAS,41,32,80.0,525.1,42008.0,2024-02-25
2024022501037943,SONA,29,32,10.0,408.0,4080.0,2024-02-25
2024022501037942,SMJC,16,47,236.0,386.0,91096.0,2024-02-25
2024022501037941,SMJC,66,47,250.0,386.0,96500.0,2024-02-25
2024022501037940,SHLB,26,4,10.0,825.0,8250.0,2024-02-25
2024022505009553,NRN,10,55,400.0,541.0,216400.0,2024-02-25
2024022504013484,API,41,49,20.0,178.6,3572.0,2024-02-25
2024022501037939,SONA,29,17,10.0,408.0,4080.0,2024-02-25
2024022505009552,HRL,57,6,20.0,607.6,12152.0,2024-02-25
2024022501037938,UHEWA,11,28,20.0,343.2,6864.0,2024-02-25
2024022501037937,RNLI,46,53,10.0,424.3,4243.0,2024-02-25
2024022503009836,CFCL,8,58,10.0,339.0,3390.0,2024-02-25
2024022503009835,CFCL,8,22,100.0,339.0,33900.0,2024-02-25
2024022503009834,CFCL,8,38,48.0,339.0,16272.0,2024-02-25
2024022501037936,EBL,48,47,27.0,499.0,13473.0,2024-02-25
2024022501037935,SAHAS,41,33,500.0,525.1,262550.0,2024-02-25
2024022503009833,SDLBSL,34,57,50.0,595.0,29750.0,2024-02-25
2024022504013483,SPDL,81,81,115.0,247.2,28428.0,2024-02-25
2024022505009551,NIFRA,45,38,200.0,204.5,40900.0,2024-02-25
2024022501037934,CLI,13,34,700.0,427.6,299320.0,2024-02-25
2024022501037933,CLI,58,34,150.0,427.7,64155.0,2024-02-25
2024022501037932,CLI,58,34,40.0,428.0,17120.0,2024-02-25
2024022501037931,SMJC,66,42,40.0,386.0,15440.0,2024-02-25
2024022501037930,SPHL,57,42,10.0,463.2,4632.0,2024-02-25
2024022501037929,TAMOR,81,29,920.0,396.0,364320.0,2024-02-25
2024022501037928,TAMOR,4,29,970.0,396.7,384799.0,2024-02-25
2024022501037927,TAMOR,5,29,300.0,397.1,119130.0,2024-02-25
2024022501037926,TAMOR,38,29,310.0,397.3,123163.0,2024-02-25
2024022505009550,HIDCL,50,86,200.0,169.8,33960.0,2024-02-25
2024022505009549,HRL,21,50,10.0,607.5,6075.0,2024-02-25
2024022501037925,USHEC,38,50,100.0,370.0,37000.0,2024-02-25
2024022501037924,USHEC,38,50,50.0,370.0,18500.0,2024-02-25
2024022503009832,GUFL,39,35,50.0,650.2,32510.0,2024-02-25
2024022501037923,SPC,49,35,20.0,612.2,12244.0,2024-02-25
2024022501037922,BHL,56,58,30.0,335.6,10068.0,2024-02-25
2024022501037921,SRLI,45,49,53.0,425.0,22525.0,2024-02-25
2024022501037920,SRLI,48,49,10.0,425.0,4250.0,2024-02-25
2024022501037919,SRLI,42,49,29.0,425.0,12325.0,2024-02-25
2024022501037918,CLI,58,52,10.0,428.0,4280.0,2024-02-25
2024022504013482,MEN,83,52,85.0,593.3,50430.5,2024-02-25
2024022504013481,MEN,54,52,200.0,593.5,118700.0,2024-02-25
2024022504013480,MEN,34,52,200.0,594.0,118800.0,2024-02-25
2024022504013479,MEN,39,52,50.0,594.0,29700.0,2024-02-25
2024022504013478,MEN,45,52,65.0,594.2,38623.0,2024-02-25
2024022503009831,SAPDBL,52,7,10.0,252.0,2520.0,2024-02-25
2024022503009830,MERO,6,57,45.0,525.1,23629.5,2024-02-25
2024022501037917,SONA,42,34,10.0,410.0,4100.0,2024-02-25
2024022501037916,SONA,42,19,10.0,410.0,4100.0,2024-02-25
2024022501037915,SONA,42,36,10.0,410.0,4100.0,2024-02-25
2024022501037914,SONA,42,52,10.0,410.0,4100.0,2024-02-25
2024022501037913,SONA,42,58,10.0,409.0,4090.0,2024-02-25
2024022505009548,ENL,58,42,10.0,733.1,7331.0,2024-02-25
2024022504013477,HURJA,43,39,500.0,303.5,151750.0,2024-02-25
2024022504013476,HURJA,43,59,50.0,303.0,15150.0,2024-02-25
2024022501037912,ILI,38,42,10.0,518.1,5181.0,2024-02-25
2024022501037911,SMHL,77,29,1000.0,462.0,462000.0,2024-02-25
2024022504013475,UMHL,75,50,100.0,250.3,25030.0,2024-02-25
2024022504013474,MHNL,44,11,20.0,249.0,4980.0,2024-02-25
2024022504013473,MHNL,44,48,10.0,247.0,2470.0,2024-02-25
2024022504013472,MHNL,44,42,100.0,246.5,24650.0,2024-02-25
2024022504013471,MHNL,44,42,100.0,246.0,24600.0,2024-02-25
2024022504013470,SHEL,36,35,70.0,208.6,14602.0,2024-02-25
2024022501037910,MKCL,14,58,10.0,924.0,9240.0,2024-02-25
2024022505009547,HRL,21,59,30.0,607.5,18225.0,2024-02-25
2024022504013469,HDHPC,13,21,300.0,137.4,41220.0,2024-02-25
2024022504013468,HDHPC,58,21,50.0,137.4,6870.0,2024-02-25
2024022504013467,HDHPC,54,21,60.0,137.5,8250.0,2024-02-25
2024022501037909,ADBL,38,6,21.0,227.1,4769.1,2024-02-25
2024022501037908,ADBL,58,6,79.0,227.1,17940.9,2024-02-25
2024022501037907,CKHL,40,43,10.0,620.0,6200.0,2024-02-25
2024022501037906,CKHL,40,17,490.0,619.9,303751.0,2024-02-25
2024022503009829,MLBL,51,4,252.0,320.2,80690.4,2024-02-25
2024022503009828,MLBL,53,4,100.0,320.3,32030.0,2024-02-25
2024022503009827,MLBL,58,4,13.0,320.3,4163.9,2024-02-25
2024022501037905,SONA,29,38,150.0,408.0,61200.0,2024-02-25
2024022501037904,SONA,38,38,50.0,408.0,20400.0,2024-02-25
2024022503009826,LBBL,57,38,10.0,383.0,3830.0,2024-02-25
2024022501037903,RNLI,46,34,10.0,424.3,4243.0,2024-02-25
2024022503009825,SJLIC,62,34,84.0,483.3,40597.2,2024-02-25
2024022503009824,SJLIC,58,34,125.0,483.3,60412.5,2024-02-25
2024022501037902,NRM,5,45,10.0,339.0,3390.0,2024-02-25
2024022501037901,NIMB,28,41,120.0,163.2,19584.0,2024-02-25
2024022501037900,SMHL,76,19,10.0,465.0,4650.0,2024-02-25
2024022504013466,HDHPC,54,84,140.0,137.5,19250.0,2024-02-25
2024022504013465,SPIL,39,43,20.0,721.0,14420.0,2024-02-25
2024022504013464,JOSHI,22,25,157.0,397.8,62454.6,2024-02-25
2024022504013463,JOSHI,22,33,150.0,397.8,59670.0,2024-02-25
2024022504013462,JOSHI,22,34,100.0,397.8,39780.0,2024-02-25
2024022504013461,JOSHI,22,35,10.0,397.8,3978.0,2024-02-25
2024022504013460,JOSHI,22,48,15.0,397.8,5967.0,2024-02-25
2024022504013459,JOSHI,22,39,500.0,397.8,198900.0,2024-02-25
2024022504013458,JOSHI,22,38,50.0,397.8,19890.0,2024-02-25
2024022504013457,JOSHI,22,25,500.0,397.8,198900.0,2024-02-25
2024022504013456,JOSHI,22,43,2000.0,397.8,795600.0,2024-02-25
2024022504013455,JOSHI,22,14,100.0,397.8,39780.0,2024-02-25
2024022504013454,JOSHI,22,5,400.0,397.8,159120.0,2024-02-25
2024022504013453,JOSHI,22,34,33.0,397.8,13127.4,2024-02-25
2024022504013452,JOSHI,22,54,350.0,397.8,139230.0,2024-02-25
2024022504013451,JOSHI,22,33,20.0,397.8,7956.0,2024-02-25
2024022504013450,JOSHI,22,57,140.0,397.8,55692.0,2024-02-25
2024022504013449,JOSHI,22,50,50.0,397.8,19890.0,2024-02-25
2024022504013448,JOSHI,22,62,100.0,397.8,39780.0,2024-02-25
2024022504013447,JOSHI,22,28,700.0,397.8,278460.0,2024-02-25
2024022504013446,JOSHI,22,69,10.0,397.6,3976.0,2024-02-25
2024022504013445,JOSHI,22,45,100.0,397.5,39750.0,2024-02-25
2024022504013444,JOSHI,22,17,30.0,397.2,11916.0,2024-02-25
2024022504013443,JOSHI,22,45,100.0,397.0,39700.0,2024-02-25
2024022504013442,JOSHI,22,39,600.0,397.0,238200.0,2024-02-25
2024022504013441,JOSHI,22,17,50.0,397.0,19850.0,2024-02-25
2024022504013440,JOSHI,22,17,1000.0,397.0,397000.0,2024-02-25
2024022504013439,JOSHI,22,42,313.0,397.0,124261.0,2024-02-25
2024022504013438,JOSHI,22,21,50.0,397.0,19850.0,2024-02-25
2024022504013437,JOSHI,22,25,100.0,397.0,39700.0,2024-02-25
2024022504013436,JOSHI,22,42,10.0,397.0,3970.0,2024-02-25
2024022504013435,JOSHI,22,42,579.0,397.0,229863.0,2024-02-25
2024022504013434,JOSHI,22,34,20.0,397.0,7940.0,2024-02-25
2024022504013433,JOSHI,22,77,2000.0,397.0,794000.0,2024-02-25
2024022504013432,JOSHI,22,32,200.0,397.0,79400.0,2024-02-25
2024022504013431,JOSHI,22,17,40.0,397.0,15880.0,2024-02-25
2024022504013430,JOSHI,22,28,500.0,397.0,198500.0,2024-02-25
2024022504013429,JOSHI,22,67,800.0,397.0,317600.0,2024-02-25
2024022504013428,JOSHI,22,49,30.0,397.0,11910.0,2024-02-25
2024022504013427,JOSHI,22,49,20.0,397.0,7940.0,2024-02-25
2024022504013426,JOSHI,22,6,20.0,396.8,7936.0,2024-02-25
2024022504013425,JOSHI,22,59,500.0,396.7,198350.0,2024-02-25
2024022504013424,JOSHI,22,69,10.0,396.2,3962.0,2024-02-25
2024022504013423,JOSHI,22,41,200.0,396.0,79200.0,2024-02-25
2024022504013422,JOSHI,22,17,50.0,396.0,19800.0,2024-02-25
2024022504013421,JOSHI,22,45,20.0,396.0,7920.0,2024-02-25
2024022504013420,JOSHI,22,43,2000.0,396.0,792000.0,2024-02-25
2024022504013419,JOSHI,22,36,50.0,396.0,19800.0,2024-02-25
2024022504013418,JOSHI,22,50,200.0,395.8,79160.0,2024-02-25
2024022504013417,JOSHI,22,54,20.0,395.7,7914.0,2024-02-25
2024022504013416,JOSHI,22,39,400.0,395.7,158280.0,2024-02-25
2024022504013415,JOSHI,22,41,50.0,395.0,19750.0,2024-02-25
2024022504013414,JOSHI,22,17,50.0,395.0,19750.0,2024-02-25
2024022504013413,JOSHI,22,7,70.0,395.0,27650.0,2024-02-25
2024022504013412,JOSHI,22,44,300.0,395.0,118500.0,2024-02-25
2024022504013411,JOSHI,22,19,20.0,395.0,7900.0,2024-02-25
2024022504013410,JOSHI,22,43,2000.0,395.0,790000.0,2024-02-25
2024022504013409,JOSHI,22,50,500.0,395.0,197500.0,2024-02-25
2024022504013408,JOSHI,22,38,100.0,395.0,39500.0,2024-02-25
2024022504013407,JOSHI,22,45,70.0,395.0,27650.0,2024-02-25
2024022504013406,JOSHI,22,21,120.0,395.0,47400.0,2024-02-25
2024022504013405,JOSHI,22,4,50.0,395.0,19750.0,2024-02-25
2024022504013404,JOSHI,22,45,30.0,395.0,11850.0,2024-02-25
2024022504013403,JOSHI,22,50,50.0,393.7,19685.0,2024-02-25
2024022504013402,JOSHI,22,48,10.0,393.7,3937.0,2024-02-25
2024022504013401,JOSHI,22,7,200.0,393.0,78600.0,2024-02-25
2024022504013400,JOSHI,22,59,150.0,393.0,58950.0,2024-02-25
2024022504013399,JOSHI,22,56,1000.0,393.0,393000.0,2024-02-25
2024022504013398,JOSHI,22,7,100.0,392.7,39270.0,2024-02-25
2024022504013397,JOSHI,22,47,10.0,392.7,3927.0,2024-02-25
2024022504013396,JOSHI,22,34,20.0,392.7,7854.0,2024-02-25
2024022504013395,JOSHI,22,71,300.0,392.5,117750.0,2024-02-25
2024022504013394,JOSHI,22,42,20.0,392.4,7848.0,2024-02-25
2024022504013393,JOSHI,22,13,400.0,392.1,156840.0,2024-02-25
2024022504013392,JOSHI,22,32,500.0,392.0,196000.0,2024-02-25
2024022504013391,JOSHI,22,49,320.0,392.0,125440.0,2024-02-25
2024022504013390,JOSHI,22,38,200.0,392.0,78400.0,2024-02-25
2024022504013389,JOSHI,22,42,945.0,392.0,370440.0,2024-02-25
2024022504013388,JOSHI,22,52,20.0,392.0,7840.0,2024-02-25
2024022504013387,JOSHI,22,45,20.0,392.0,7840.0,2024-02-25
2024022504013386,JOSHI,22,40,100.0,392.0,39200.0,2024-02-25
2024022504013385,JOSHI,22,14,10.0,392.0,3920.0,2024-02-25
2024022504013384,JOSHI,22,4,20.0,392.0,7840.0,2024-02-25
2024022504013383,JOSHI,22,38,300.0,391.7,117510.0,2024-02-25
2024022504013382,JOSHI,22,62,150.0,391.6,58740.0,2024-02-25
2024022504013381,JOSHI,22,17,1000.0,391.6,391600.0,2024-02-25
2024022504013380,JOSHI,22,62,10.0,391.6,3916.0,2024-02-25
2024022504013379,JOSHI,22,16,300.0,391.6,117480.0,2024-02-25
2024022504013378,JOSHI,22,57,150.0,391.6,58740.0,2024-02-25
2024022504013377,JOSHI,22,45,150.0,391.1,58665.0,2024-02-25
2024022504013376,JOSHI,22,71,210.0,391.0,82110.0,2024-02-25
2024022504013375,JOSHI,22,36,500.0,391.0,195500.0,2024-02-25
2024022504013374,JOSHI,22,26,500.0,391.0,195500.0,2024-02-25
2024022504013373,JOSHI,22,45,2400.0,391.0,938400.0,2024-02-25
2024022504013372,JOSHI,22,29,20.0,391.0,7820.0,2024-02-25
2024022504013371,JOSHI,22,50,100.0,391.0,39100.0,2024-02-25
2024022504013370,JOSHI,22,45,180.0,391.0,70380.0,2024-02-25
2024022504013369,JOSHI,22,57,400.0,391.0,156400.0,2024-02-25
2024022504013368,JOSHI,22,38,68.0,390.8,26574.4,2024-02-25
2024022504013367,JOSHI,22,45,373.0,390.7,145731.1,2024-02-25
2024022504013366,JOSHI,22,28,3000.0,390.6,1171800.0,2024-02-25
2024022504013365,JOSHI,22,38,100.0,390.0,39000.0,2024-02-25
2024022504013364,JOSHI,22,59,37.0,390.0,14430.0,2024-02-25
2024022504013363,JOSHI,22,53,500.0,390.0,195000.0,2024-02-25
2024022504013362,JOSHI,22,74,150.0,390.0,58500.0,2024-02-25
2024022504013361,JOSHI,22,38,200.0,390.0,78000.0,2024-02-25
2024022504013360,JOSHI,22,40,100.0,390.0,39000.0,2024-02-25
2024022504013359,JOSHI,22,59,500.0,390.0,195000.0,2024-02-25
2024022504013358,JOSHI,22,17,300.0,390.0,117000.0,2024-02-25
2024022504013357,JOSHI,22,28,500.0,390.0,195000.0,2024-02-25
2024022504013356,JOSHI,22,58,1100.0,390.0,429000.0,2024-02-25
2024022504013355,JOSHI,22,35,20.0,390.0,7800.0,2024-02-25
2024022504013354,JOSHI,22,38,200.0,390.0,78000.0,2024-02-25
2024022504013353,JOSHI,22,54,25.0,390.0,9750.0,2024-02-25
2024022504013352,JOSHI,22,54,10.0,390.0,3900.0,2024-02-25
2024022504013351,JOSHI,22,11,40.0,390.0,15600.0,2024-02-25
2024022504013350,JOSHI,22,45,50.0,390.0,19500.0,2024-02-25
2024022504013349,JOSHI,22,46,20.0,390.0,7800.0,2024-02-25
2024022504013348,JOSHI,22,17,20.0,390.0,7800.0,2024-02-25
2024022504013347,JOSHI,22,34,100.0,389.7,38970.0,2024-02-25
2024022504013346,JOSHI,22,1,34.0,389.3,13236.2,2024-02-25
2024022504013345,JOSHI,22,1,50.0,389.0,19450.0,2024-02-25
2024022504013344,JOSHI,22,17,20.0,388.0,7760.0,2024-02-25
2024022504013343,JOSHI,22,45,171.0,387.0,66177.0,2024-02-25
2024022504013342,JOSHI,22,55,150.0,387.0,58050.0,2024-02-25
2024022504013341,JOSHI,22,56,10.0,387.0,3870.0,2024-02-25
2024022504013340,JOSHI,22,49,195.0,386.0,75270.0,2024-02-25
2024022504013339,JOSHI,22,51,100.0,386.0,38600.0,2024-02-25
2024022504013338,JOSHI,22,1,50.0,385.3,19265.0,2024-02-25
2024022504013337,JOSHI,22,46,1130.0,385.0,435050.0,2024-02-25
2024022504013336,JOSHI,22,19,200.0,385.0,77000.0,2024-02-25
2024022504013335,JOSHI,22,58,120.0,385.0,46200.0,2024-02-25
2024022504013334,JOSHI,22,36,400.0,385.0,154000.0,2024-02-25
2024022504013333,JOSHI,22,43,150.0,385.0,57750.0,2024-02-25
2024022504013332,JOSHI,22,57,165.0,385.0,63525.0,2024-02-25
2024022504013331,JOSHI,22,25,20.0,384.7,7694.0,2024-02-25
2024022504013330,JOSHI,22,64,100.0,384.0,38400.0,2024-02-25
2024022501037899,AHL,60,21,20.0,429.0,8580.0,2024-02-25
2024022501037898,SGHC,39,49,54.0,306.5,16551.0,2024-02-25
2024022505009546,HIDCL,34,86,63.0,169.8,10697.4,2024-02-25
2024022505009545,CIT,41,21,25.0,2054.0,51350.0,2024-02-25
2024022505009544,CIT,51,21,12.0,2054.0,24648.0,2024-02-25
2024022505009543,NRIC,6,47,85.0,748.6,63631.0,2024-02-25
2024022505009542,NRIC,6,22,50.0,748.6,37430.0,2024-02-25
2024022505009541,NRIC,6,57,70.0,748.0,52360.0,2024-02-25
2024022505009540,NRIC,6,40,257.0,748.0,192236.0,2024-02-25
2024022505009539,NRIC,6,25,21.0,748.0,15708.0,2024-02-25
2024022505009538,NRIC,6,34,100.0,747.9,74790.0,2024-02-25
2024022505009537,NRIC,6,58,40.0,747.5,29900.0,2024-02-25
2024022505009536,NRIC,6,28,128.0,747.5,95680.0,2024-02-25
2024022505009535,NRIC,6,57,50.0,747.4,37370.0,2024-02-25
2024022505009534,NRIC,6,13,50.0,746.9,37345.0,2024-02-25
2024022505009533,NRIC,6,13,100.0,746.9,74690.0,2024-02-25
2024022505009532,NRIC,6,38,50.0,746.0,37300.0,2024-02-25
2024022505009531,NRIC,6,32,51.0,745.0,37995.0,2024-02-25
2024022505009530,NRIC,6,56,60.0,745.0,44700.0,2024-02-25
2024022505009529,NRIC,6,82,888.0,745.0,661560.0,2024-02-25
2024022501037897,CKHL,70,17,10.0,619.9,6199.0,2024-02-25
2024022501037896,ULHC,34,62,10.0,319.9,3199.0,2024-02-25
2024022501037895,ULHC,34,45,290.0,317.0,91930.0,2024-02-25
2024022501037894,MCHL,57,34,200.0,329.2,65840.0,2024-02-25
2024022501037893,SONA,41,49,10.0,409.9,4099.0,2024-02-25
2024022501037892,SONA,41,58,10.0,409.0,4090.0,2024-02-25
2024022501037891,VLUCL,34,41,10.0,521.0,5210.0,2024-02-25
2024022501037890,PHCL,59,43,10.0,316.1,3161.0,2024-02-25
2024022503009823,SFCL,39,49,143.0,306.0,43758.0,2024-02-25
2024022501037889,SNLI,55,60,13.0,600.0,7800.0,2024-02-25
2024022501037888,SNLI,55,49,10.0,599.6,5996.0,2024-02-25
2024022501037887,SNLI,55,58,77.0,599.6,46169.2,2024-02-25
2024022504013329,UNHPL,58,45,326.0,243.1,79250.6,2024-02-25
2024022504013328,UNHPL,58,45,814.0,243.1,197883.4,2024-02-25
2024022504013327,UNHPL,35,45,460.0,243.2,111872.0,2024-02-25
2024022503009822,GUFL,39,35,100.0,650.2,65020.0,2024-02-25
2024022503009821,GUFL,19,35,50.0,650.2,32510.0,2024-02-25
2024022501037886,SPL,38,49,60.0,625.0,37500.0,2024-02-25
2024022501037885,SPL,34,49,10.0,627.0,6270.0,2024-02-25
2024022501037884,NWCL,38,58,10.0,739.0,7390.0,2024-02-25
2024022505009528,CIT,51,21,88.0,2054.0,180752.0,2024-02-25
2024022505009527,NRN,10,33,10.0,541.0,5410.0,2024-02-25
2024022501037883,SPC,36,45,10.0,617.0,6170.0,2024-02-25
2024022505009526,NRIC,6,36,1000.0,737.0,737000.0,2024-02-25
2024022505009525,NRIC,35,36,50.0,738.0,36900.0,2024-02-25
2024022505009524,NRIC,34,36,50.0,738.0,36900.0,2024-02-25
2024022501037882,MKHL,13,57,50.0,367.1,18355.0,2024-02-25
2024022501037881,MKHL,45,57,20.0,368.0,7360.0,2024-02-25
2024022505009523,HRL,57,18,90.0,608.0,54720.0,2024-02-25
2024022504013326,API,41,5,500.0,178.6,89300.0,2024-02-25
2024022501037880,SONA,38,44,10.0,408.0,4080.0,2024-02-25
2024022501037879,SONA,38,41,40.0,408.0,16320.0,2024-02-25
2024022504013325,UMHL,38,42,200.0,252.0,50400.0,2024-02-25
2024022504013324,UNHPL,35,47,400.0,243.2,97280.0,2024-02-25
2024022501037878,CKHL,25,26,100.0,619.8,61980.0,2024-02-25
2024022503009820,CBBL,4,29,55.0,831.2,45716.0,2024-02-25
2024022501037877,NABIL,55,21,50.0,437.0,21850.0,2024-02-25
2024022503009819,RLFL,45,3,500.0,360.0,180000.0,2024-02-25
2024022503009818,RLFL,45,22,50.0,360.0,18000.0,2024-02-25
2024022503009817,RLFL,45,22,100.0,360.0,36000.0,2024-02-25
2024022503009816,RLFL,45,10,100.0,360.0,36000.0,2024-02-25
2024022503009815,RLFL,45,43,500.0,359.9,179950.0,2024-02-25
2024022503009814,RLFL,45,50,50.0,359.9,17995.0,2024-02-25
2024022503009813,RLFL,45,47,50.0,359.8,17990.0,2024-02-25
2024022503009812,RLFL,45,25,100.0,359.8,35980.0,2024-02-25
2024022503009811,RLFL,45,19,20.0,359.0,7180.0,2024-02-25
2024022503009810,RLFL,45,7,200.0,359.0,71800.0,2024-02-25
2024022503009809,RLFL,45,47,100.0,359.0,35900.0,2024-02-25
2024022503009808,RLFL,45,50,50.0,359.0,17950.0,2024-02-25
2024022503009807,RLFL,45,48,39.0,358.0,13962.0,2024-02-25
2024022503009806,ICFC,10,58,38.0,493.0,18734.0,2024-02-25
2024022503009805,ICFC,42,58,22.0,493.0,10846.0,2024-02-25
2024022503009804,RLFL,70,48,351.0,358.0,125658.0,2024-02-25
2024022503009803,RLFL,70,50,430.0,356.0,153080.0,2024-02-25
2024022503009802,RLFL,70,35,219.0,355.0,77745.0,2024-02-25
2024022505009522,NRN,72,48,165.0,540.0,89100.0,2024-02-25
2024022501037876,NICA,37,33,91.0,410.1,37319.1,2024-02-25
2024022501037875,NICA,58,33,100.0,410.5,41050.0,2024-02-25
2024022501037874,NICA,53,33,50.0,410.8,20540.0,2024-02-25
2024022501037873,NICA,13,33,20.0,410.8,8216.0,2024-02-25
2024022504013323,AKPL,52,88,337.0,175.0,58975.0,2024-02-25
2024022504013322,AKPL,53,88,200.0,175.0,35000.0,2024-02-25
2024022504013321,AKPL,44,88,180.0,175.0,31500.0,2024-02-25
2024022504013320,AKPL,47,88,183.0,175.0,32025.0,2024-02-25
2024022504013319,AKPL,16,88,87.0,175.0,15225.0,2024-02-25
2024022504013318,AKPL,34,88,14.0,175.1,2451.4,2024-02-25
2024022504013317,AKPL,41,88,10.0,175.1,1751.0,2024-02-25
2024022504013316,AKPL,57,88,100.0,175.1,17510.0,2024-02-25
2024022504013315,AKPL,3,88,89.0,175.7,15637.3,2024-02-25
2024022501037872,MANDU,65,47,490.0,687.0,336630.0,2024-02-25
2024022501037871,MANDU,65,49,10.0,686.0,6860.0,2024-02-25
2024022501037870,MANDU,65,32,10.0,686.0,6860.0,2024-02-25
2024022501037869,MANDU,65,7,10.0,685.0,6850.0,2024-02-25
2024022501037868,MANDU,65,16,10.0,685.0,6850.0,2024-02-25
2024022501037867,MANDU,65,45,10.0,685.0,6850.0,2024-02-25
2024022501037866,MANDU,65,34,380.0,683.0,259540.0,2024-02-25
2024022501037865,MANDU,65,46,10.0,680.0,6800.0,2024-02-25
2024022501037864,MANDU,65,16,10.0,680.0,6800.0,2024-02-25
2024022501037863,MANDU,65,58,10.0,680.0,6800.0,2024-02-25
2024022501037862,MANDU,65,58,10.0,680.0,6800.0,2024-02-25
2024022501037861,MANDU,65,32,10.0,679.3,6793.0,2024-02-25
2024022501037860,MANDU,65,57,10.0,679.0,6790.0,2024-02-25
2024022501037859,MANDU,65,3,10.0,678.0,6780.0,2024-02-25
2024022501037858,MANDU,65,17,10.0,678.0,6780.0,2024-02-25
2024022505009521,HRL,38,18,40.0,608.0,24320.0,2024-02-25
2024022505009520,HRL,38,42,10.0,608.0,6080.0,2024-02-25
2024022505009519,HRL,38,17,20.0,608.0,12160.0,2024-02-25
2024022505009518,HRL,38,34,10.0,608.0,6080.0,2024-02-25
2024022505009517,HRL,38,44,20.0,608.0,12160.0,2024-02-25
2024022505009516,HRL,38,86,10.0,608.0,6080.0,2024-02-25
2024022503009801,DDBL,8,56,50.0,738.0,36900.0,2024-02-25
2024022503009800,DDBL,39,56,12.0,738.3,8859.6,2024-02-25
2024022503009799,DDBL,17,56,12.0,738.5,8862.0,2024-02-25
2024022503009798,DDBL,54,56,10.0,738.6,7386.0,2024-02-25
2024022504013314,UPPER,42,48,100.0,195.3,19530.0,2024-02-25
2024022501037857,TAMOR,58,32,50.0,399.0,19950.0,2024-02-25
2024022501037856,HDL,42,21,86.0,1451.0,124786.0,2024-02-25
2024022504013313,AKPL,3,35,91.0,175.7,15988.7,2024-02-25
2024022501037855,SBL,17,14,71.0,223.0,15833.0,2024-02-25
2024022504013312,GHL,45,42,12.0,153.5,1842.0,2024-02-25
2024022501037854,NRM,57,41,10.0,332.3,3323.0,2024-02-25
2024022505009515,NRN,72,13,600.0,540.0,324000.0,2024-02-25
2024022501037853,NICA,13,42,10.0,410.8,4108.0,2024-02-25
2024022501037852,NICA,13,49,70.0,410.8,28756.0,2024-02-25
2024022504013311,SHPC,33,66,123.0,337.0,41451.0,2024-02-25
2024022501037851,UNLB,49,66,115.0,1218.0,140070.0,2024-02-25
2024022501037850,UNLB,42,66,50.0,1219.0,60950.0,2024-02-25
2024022501037849,UNLB,38,66,10.0,1220.0,12200.0,2024-02-25
2024022501037848,UNLB,46,66,10.0,1220.0,12200.0,2024-02-25
2024022501037847,UNLB,1,66,25.0,1220.0,30500.0,2024-02-25
2024022501037846,UNLB,17,66,10.0,1223.0,12230.0,2024-02-25
2024022501037845,UNLB,42,66,20.0,1223.0,24460.0,2024-02-25
2024022501037844,UNLB,32,66,10.0,1223.3,12233.0,2024-02-25
2024022503009797,SFCL,42,43,500.0,305.2,152600.0,2024-02-25
2024022501037843,ANLB,82,22,30.0,1940.0,58200.0,2024-02-25
2024022505009514,CIT,35,33,15.0,2055.0,30825.0,2024-02-25
2024022505009513,CIT,35,58,45.0,2054.9,92470.5,2024-02-25
2024022501037842,SANIMA,52,1,500.0,233.1,116550.0,2024-02-25
2024022501037841,SHIVM,17,6,180.0,463.2,83376.0,2024-02-25
2024022501037840,MEL,71,45,50.0,216.0,10800.0,2024-02-25
2024022503009796,GUFL,6,59,190.0,653.0,124070.0,2024-02-25
2024022503009795,GUFL,6,41,50.0,652.9,32645.0,2024-02-25
2024022503009794,GUFL,6,11,410.0,652.0,267320.0,2024-02-25
2024022503009793,GUFL,6,51,40.0,652.0,26080.0,2024-02-25
2024022503009792,GUFL,6,33,10.0,650.3,6503.0,2024-02-25
2024022501037839,MKCL,14,6,20.0,924.0,18480.0,2024-02-25
2024022501037838,SHIVM,53,6,150.0,463.2,69480.0,2024-02-25
2024022501037837,GCIL,44,52,60.0,451.1,27066.0,2024-02-25
2024022501037836,GCIL,21,52,40.0,453.0,18120.0,2024-02-25
2024022501037835,VLUCL,34,52,10.0,521.0,5210.0,2024-02-25
2024022504013310,SSHL,48,42,200.0,163.0,32600.0,2024-02-25
2024022501037834,BNHC,29,71,10.0,437.1,4371.0,2024-02-25
2024022501037833,HATHY,67,87,10.0,815.0,8150.0,2024-02-25
2024022504013309,AHPC,57,14,100.0,184.0,18400.0,2024-02-25
2024022501037832,HDL,44,42,31.0,1450.9,44977.9,2024-02-25
2024022501037831,USHL,42,43,16.0,470.0,7520.0,2024-02-25
2024022501037830,AVYAN,57,42,200.0,591.0,118200.0,2024-02-25
2024022501037829,RNLI,46,42,10.0,424.3,4243.0,2024-02-25
2024022503009791,FOWAD,55,45,25.0,1029.1,25727.5,2024-02-25
2024022504013308,UNHPL,35,45,140.0,243.2,34048.0,2024-02-25
2024022503009790,GBBL,1,4,30.0,360.5,10815.0,2024-02-25
2024022501037828,NWCL,38,64,10.0,739.0,7390.0,2024-02-25
2024022504013307,NICL,45,45,100.0,827.0,82700.0,2024-02-25
2024022501037827,NIMB,28,58,10.0,163.2,1632.0,2024-02-25
2024022504013306,API,25,34,500.0,178.9,89450.0,2024-02-25
2024022505009512,NRN,72,57,800.0,540.0,432000.0,2024-02-25
2024022501037826,DLBS,38,29,10.0,786.0,7860.0,2024-02-25
2024022501037825,DLBS,38,21,10.0,785.0,7850.0,2024-02-25
2024022501037824,DLBS,38,26,20.0,781.0,15620.0,2024-02-25
2024022501037823,DLBS,38,38,10.0,780.0,7800.0,2024-02-25
2024022501037822,DLBS,38,17,10.0,780.0,7800.0,2024-02-25
2024022501037821,VLUCL,34,42,10.0,521.0,5210.0,2024-02-25
2024022501037820,VLUCL,34,42,10.0,521.0,5210.0,2024-02-25
2024022501037819,VLUCL,34,13,100.0,520.0,52000.0,2024-02-25
2024022501037818,VLUCL,34,52,10.0,520.0,5200.0,2024-02-25
2024022501037817,VLUCL,34,42,10.0,520.0,5200.0,2024-02-25
2024022501037816,VLUCL,34,17,10.0,520.0,5200.0,2024-02-25
2024022501037815,VLUCL,34,58,10.0,520.0,5200.0,2024-02-25
2024022501037814,VLUCL,34,49,10.0,520.0,5200.0,2024-02-25
2024022501037813,VLUCL,34,38,10.0,520.0,5200.0,2024-02-25
2024022501037812,VLUCL,34,4,10.0,520.0,5200.0,2024-02-25
2024022501037811,VLUCL,34,33,50.0,519.5,25975.0,2024-02-25
2024022501037810,HDL,22,21,20.0,1451.0,29020.0,2024-02-25
2024022504013305,GHL,42,42,162.0,153.5,24867.0,2024-02-25
2024022501037809,SNLI,29,58,43.0,599.6,25782.8,2024-02-25
2024022503009789,MLBL,32,58,50.0,321.0,16050.0,2024-02-25
2024022504013304,RIDI,14,21,50.0,188.5,9425.0,2024-02-25
2024022501037808,GCIL,21,58,10.0,453.0,4530.0,2024-02-25
2024022501037807,GCIL,21,58,10.0,453.0,4530.0,2024-02-25
2024022501037806,GCIL,21,33,10.0,452.9,4529.0,2024-02-25
2024022501037805,GCIL,21,34,10.0,452.5,4525.0,2024-02-25
2024022501037804,GCIL,21,22,10.0,452.0,4520.0,2024-02-25
2024022501037803,GCIL,21,43,10.0,452.0,4520.0,2024-02-25
2024022501037802,TVCL,45,16,10.0,544.0,5440.0,2024-02-25
2024022503009788,KSBBL,51,6,7.0,336.2,2353.4,2024-02-25
2024022501037801,MAKAR,58,3,10.0,399.0,3990.0,2024-02-25
2024022501037800,MAKAR,58,5,450.0,399.0,179550.0,2024-02-25
2024022501037799,CLI,58,58,10.0,428.0,4280.0,2024-02-25
2024022501037798,PRVU,53,57,951.0,148.0,140748.0,2024-02-25
2024022501037797,PRVU,42,57,49.0,148.1,7256.9,2024-02-25
2024022503009787,SHINE,57,41,20.0,368.5,7370.0,2024-02-25
2024022505009511,NTC,42,16,45.0,838.0,37710.0,2024-02-25
2024022501037796,MEL,37,42,196.0,216.5,42434.0,2024-02-25
2024022504013303,SHPC,33,36,30.0,337.0,10110.0,2024-02-25
2024022503009786,JBBL,41,13,549.0,291.7,160143.3,2024-02-25
2024022503009785,JBBL,14,13,300.0,291.8,87540.0,2024-02-25
2024022503009784,JBBL,22,13,151.0,291.8,44061.8,2024-02-25
2024022501037795,IHL,86,66,868.0,357.0,309876.0,2024-02-25
2024022501037794,IHL,50,66,30.0,357.1,10713.0,2024-02-25
2024022501037793,IHL,21,66,50.0,357.8,17890.0,2024-02-25
2024022501037792,IHL,45,66,100.0,357.9,35790.0,2024-02-25
2024022501037791,IHL,6,66,40.0,358.8,14352.0,2024-02-25
2024022504013302,DHPL,34,38,100.0,192.4,19240.0,2024-02-25
2024022501037790,TSHL,34,32,50.0,490.0,24500.0,2024-02-25
2024022504013301,SICL,22,48,10.0,680.2,6802.0,2024-02-25
2024022505009510,NIFRA,45,22,179.0,204.5,36605.5,2024-02-25
2024022503009783,KRBL,42,49,10.0,365.0,3650.0,2024-02-25
2024022504013300,GHL,42,34,38.0,153.5,5833.0,2024-02-25
2024022501037789,CYCL,62,57,80.0,1110.0,88800.0,2024-02-25
2024022501037788,CYCL,62,33,10.0,1102.5,11025.0,2024-02-25
2024022504013299,KKHC,48,32,90.0,243.9,21951.0,2024-02-25
2024022504013298,KKHC,13,32,10.0,243.9,2439.0,2024-02-25
2024022501037787,MKCL,14,28,10.0,924.0,9240.0,2024-02-25
2024022501037786,BHPL,58,49,150.0,485.0,72750.0,2024-02-25
2024022503009782,RSDC,45,45,10.0,524.9,5249.0,2024-02-25
2024022501037785,MEL,45,58,10.0,216.2,2162.0,2024-02-25
2024022501037784,MEL,45,43,10.0,216.0,2160.0,2024-02-25
2024022503009781,GMFBS,13,45,10.0,806.9,8069.0,2024-02-25
2024022501037783,BHL,56,58,30.0,335.6,10068.0,2024-02-25
2024022501037782,BHL,13,58,90.0,335.6,30204.0,2024-02-25
2024022501037781,UHEWA,58,28,20.0,343.2,6864.0,2024-02-25
2024022501037780,SCB,39,48,10.0,509.0,5090.0,2024-02-25
2024022503009780,NABBC,34,43,45.0,409.0,18405.0,2024-02-25
2024022503009779,NABBC,34,41,30.0,408.9,12267.0,2024-02-25
2024022503009778,NABBC,34,42,15.0,407.0,6105.0,2024-02-25
2024022503009777,NABBC,34,49,10.0,403.0,4030.0,2024-02-25
2024022503009776,SHINE,7,41,50.0,368.5,18425.0,2024-02-25
2024022501037779,SONA,35,41,50.0,408.0,20400.0,2024-02-25
2024022503009775,SIFC,56,45,10.0,363.0,3630.0,2024-02-25
2024022501037778,GCIL,44,47,50.0,451.1,22555.0,2024-02-25
2024022501037777,BEDC,22,45,10.0,349.9,3499.0,2024-02-25
2024022501037776,BEDC,22,45,10.0,349.8,3498.0,2024-02-25
2024022501037775,BEDC,22,45,10.0,349.7,3497.0,2024-02-25
2024022501037774,BEDC,22,45,10.0,349.6,3496.0,2024-02-25
2024022501037773,GCIL,44,46,40.0,451.1,18044.0,2024-02-25
2024022501037772,GCIL,44,45,10.0,451.1,4511.0,2024-02-25
2024022501037771,SMHL,77,19,10.0,465.0,4650.0,2024-02-25
2024022501037770,SMHL,77,19,10.0,467.0,4670.0,2024-02-25
2024022501037769,NMB,8,35,10.0,177.6,1776.0,2024-02-25
2024022501037768,SNLI,41,35,10.0,599.5,5995.0,2024-02-25
2024022505009509,CHDC,34,59,125.0,945.0,118125.0,2024-02-25
2024022505009508,CHDC,35,59,60.0,945.1,56706.0,2024-02-25
2024022505009507,CHDC,38,59,170.0,945.1,160667.0,2024-02-25
2024022505009506,CHDC,1,59,50.0,946.1,47305.0,2024-02-25
2024022505009505,CHDC,22,59,80.0,947.0,75760.0,2024-02-25
2024022505009504,CHDC,68,59,115.0,948.0,109020.0,2024-02-25
2024022501037767,SRLI,42,17,10.0,425.0,4250.0,2024-02-25
2024022503009774,PROFL,70,57,17.0,314.0,5338.0,2024-02-25
2024022504013297,GHL,1,49,50.0,153.3,7665.0,2024-02-25
2024022505009503,NRIC,6,82,158.0,745.0,117710.0,2024-02-25
2024022505009502,NRIC,6,36,300.0,744.9,223470.0,2024-02-25
2024022505009501,NRIC,6,28,12.0,744.9,8938.8,2024-02-25
2024022505009500,NRIC,6,6,30.0,740.0,22200.0,2024-02-25
2024022501037766,CKHL,58,45,100.0,619.0,61900.0,2024-02-25
2024022501037765,TAMOR,58,46,10.0,399.0,3990.0,2024-02-25
2024022501037764,SHIVM,53,58,250.0,463.2,115800.0,2024-02-25
2024022504013296,CHL,5,33,100.0,290.0,29000.0,2024-02-25
2024022504013295,CHL,11,33,500.0,290.0,145000.0,2024-02-25
2024022504013294,CHL,39,33,100.0,290.1,29010.0,2024-02-25
2024022504013293,CHL,43,33,100.0,290.2,29020.0,2024-02-25
2024022503009773,MFIL,57,74,10.0,507.9,5079.0,2024-02-25
2024022501037763,VLUCL,34,43,40.0,519.1,20764.0,2024-02-25
2024022501037762,SHIVM,53,34,100.0,463.2,46320.0,2024-02-25
2024022503009772,SLBSL,34,13,10.0,778.0,7780.0,2024-02-25
2024022501037761,MKCL,14,34,20.0,924.0,18480.0,2024-02-25
2024022501037760,CKHL,58,7,90.0,619.0,55710.0,2024-02-25
2024022501037759,MKJC,41,52,10.0,483.0,4830.0,2024-02-25
2024022503009771,ALICL,60,45,300.0,578.0,173400.0,2024-02-25
2024022504013292,CHL,22,34,50.0,292.0,14600.0,2024-02-25
2024022505009499,ENL,54,42,40.0,733.2,29328.0,2024-02-25
2024022503009770,LBBL,32,44,10.0,383.9,3839.0,2024-02-25
2024022501037758,UHEWA,19,28,20.0,343.0,6860.0,2024-02-25
2024022501037757,UHEWA,17,28,80.0,343.0,27440.0,2024-02-25
2024022505009498,SFMF,32,49,5000.0,9.47,47350.0,2024-02-25
2024022501037756,SNLI,71,58,80.0,599.6,47968.0,2024-02-25
2024022501037755,BGWT,65,49,10.0,592.0,5920.0,2024-02-25
2024022501037754,BGWT,65,17,10.0,592.0,5920.0,2024-02-25
2024022501037753,BGWT,65,45,10.0,592.0,5920.0,2024-02-25
2024022501037752,BGWT,65,56,60.0,591.9,35514.0,2024-02-25
2024022501037751,BGWT,65,42,10.0,591.0,5910.0,2024-02-25
2024022501037750,BGWT,65,55,10.0,590.0,5900.0,2024-02-25
2024022501037749,BGWT,65,42,10.0,590.0,5900.0,2024-02-25
2024022501037748,BGWT,65,36,10.0,590.0,5900.0,2024-02-25
2024022501037747,BGWT,65,42,10.0,589.0,5890.0,2024-02-25
2024022501037746,BGWT,65,4,10.0,587.0,5870.0,2024-02-25
2024022501037745,BGWT,65,45,10.0,586.0,5860.0,2024-02-25
2024022501037744,BGWT,65,6,10.0,586.0,5860.0,2024-02-25
2024022501037743,BGWT,65,52,10.0,586.0,5860.0,2024-02-25
2024022501037742,BGWT,65,34,10.0,585.0,5850.0,2024-02-25
2024022501037741,BGWT,65,1,300.0,584.4,175320.0,2024-02-25
2024022501037740,BGWT,65,57,10.0,584.0,5840.0,2024-02-25
2024022501037739,BGWT,65,58,10.0,580.0,5800.0,2024-02-25
2024022501037738,BGWT,65,35,10.0,580.0,5800.0,2024-02-25
2024022501037737,BGWT,65,58,10.0,578.0,5780.0,2024-02-25
2024022501037736,BGWT,65,8,10.0,578.0,5780.0,2024-02-25
2024022501037735,BGWT,65,22,10.0,575.0,5750.0,2024-02-25
2024022501037734,BGWT,65,11,100.0,575.0,57500.0,2024-02-25
2024022501037733,BGWT,65,5,10.0,575.0,5750.0,2024-02-25
2024022501037732,BGWT,65,52,10.0,574.0,5740.0,2024-02-25
2024022501037731,BGWT,65,42,190.0,572.0,108680.0,2024-02-25
2024022501037730,BGWT,65,49,10.0,572.0,5720.0,2024-02-25
2024022501037729,BGWT,65,58,10.0,572.0,5720.0,2024-02-25
2024022501037728,BGWT,65,49,110.0,570.0,62700.0,2024-02-25
2024022501037727,BGWT,65,17,10.0,570.0,5700.0,2024-02-25
2024022501037726,SMHL,76,45,20.0,468.0,9360.0,2024-02-25
2024022505009497,HIDCL,34,43,300.0,169.8,50940.0,2024-02-25
2024022504013291,UPPER,34,48,20.0,195.3,3906.0,2024-02-25
2024022501037725,USHEC,39,41,10.0,370.1,3701.0,2024-02-25
2024022504013290,AKJCL,56,59,300.0,220.4,66120.0,2024-02-25
2024022501037724,NWCL,38,41,10.0,739.0,7390.0,2024-02-25
2024022503009769,SHINE,22,41,80.0,368.5,29480.0,2024-02-25
2024022504013289,SHPC,38,14,220.0,336.6,74052.0,2024-02-25
2024022501037723,SCB,39,75,23.0,509.0,11707.0,2024-02-25
2024022501037722,MEL,4,42,100.0,215.1,21510.0,2024-02-25
2024022503009768,KMCDB,62,34,10.0,636.0,6360.0,2024-02-25
2024022501037721,SNLI,1,4,10.0,600.0,6000.0,2024-02-25
2024022501037720,SNLI,1,11,10.0,600.0,6000.0,2024-02-25
2024022501037719,SNLI,1,16,200.0,600.0,120000.0,2024-02-25
2024022501037718,SNLI,1,11,10.0,600.0,6000.0,2024-02-25
2024022501037717,SNLI,1,56,613.0,600.0,367800.0,2024-02-25
2024022501037716,SNLI,1,38,150.0,599.9,89985.0,2024-02-25
2024022501037715,SRLI,7,6,10.0,425.5,4255.0,2024-02-25
2024022504013288,UPPER,49,48,10.0,195.3,1953.0,2024-02-25
2024022501037714,GCIL,6,45,10.0,451.0,4510.0,2024-02-25
2024022505009496,NRN,72,52,600.0,540.0,324000.0,2024-02-25
2024022501037713,SNLI,58,38,50.0,599.9,29995.0,2024-02-25
2024022501037712,GVL,57,58,20.0,419.0,8380.0,2024-02-25
2024022501037711,SHIVM,58,7,15.0,463.9,6958.5,2024-02-25
2024022501037710,SHIVM,58,58,10.0,463.9,4639.0,2024-02-25
2024022504013287,BARUN,58,34,500.0,255.2,127600.0,2024-02-25
2024022501037709,MKHC,57,58,10.0,290.0,2900.0,2024-02-25
2024022501037708,MANDU,13,52,10.0,677.0,6770.0,2024-02-25
2024022504013286,UPPER,47,41,50.0,195.0,9750.0,2024-02-25
2024022501037707,DORDI,11,75,60.0,462.0,27720.0,2024-02-25
2024022501037706,DORDI,77,75,70.0,462.5,32375.0,2024-02-25
2024022501037705,DORDI,77,75,20.0,464.0,9280.0,2024-02-25
2024022501037704,BHL,13,55,10.0,335.6,3356.0,2024-02-25
2024022503009767,JFL,26,44,20.0,363.6,7272.0,2024-02-25
2024022503009766,JFL,45,44,200.0,365.0,73000.0,2024-02-25
2024022503009765,JFL,47,44,200.0,365.1,73020.0,2024-02-25
2024022503009764,JFL,32,44,30.0,366.0,10980.0,2024-02-25
2024022503009763,JFL,14,44,50.0,367.0,18350.0,2024-02-25
2024022501037703,SMJC,66,44,10.0,386.0,3860.0,2024-02-25
2024022501037702,RNLI,46,32,20.0,424.3,8486.0,2024-02-25
2024022501037701,SCB,28,21,170.0,509.9,86683.0,2024-02-25
2024022505009495,BBC,49,34,10.0,3621.0,36210.0,2024-02-25
2024022503009762,CFCL,45,38,10.0,339.0,3390.0,2024-02-25
2024022501037700,MKHC,49,45,40.0,289.0,11560.0,2024-02-25
2024022501037699,MKHC,35,45,70.0,289.1,20237.0,2024-02-25
2024022501037698,MKHC,8,45,90.0,289.5,26055.0,2024-02-25
2024022504013285,UPCL,39,52,185.0,210.0,38850.0,2024-02-25
2024022501037697,SMJC,60,40,100.0,386.0,38600.0,2024-02-25
2024022504013284,HDHPC,33,84,100.0,137.5,13750.0,2024-02-25
2024022504013283,HDHPC,45,84,300.0,137.5,41250.0,2024-02-25
2024022504013282,HDHPC,49,84,10.0,137.5,1375.0,2024-02-25
2024022505009494,HRL,37,86,50.0,608.0,30400.0,2024-02-25
2024022504013281,AKPL,51,34,100.0,175.1,17510.0,2024-02-25
2024022501037696,SNLI,71,41,10.0,599.6,5996.0,2024-02-25
2024022503009761,PMLI,46,22,109.0,501.5,54663.5,2024-02-25
2024022501037695,MKHL,45,19,100.0,368.0,36800.0,2024-02-25
2024022504013280,UMHL,75,61,855.0,250.3,214006.5,2024-02-25
2024022501037694,RFPL,10,1,10.0,311.1,3111.0,2024-02-25
2024022501037693,RFPL,21,1,50.0,312.0,15600.0,2024-02-25
2024022501037692,RFPL,7,1,90.0,312.1,28089.0,2024-02-25
2024022501037691,MBJC,6,51,421.0,303.2,127647.2,2024-02-25
2024022501037690,MBJC,14,51,500.0,303.5,151750.0,2024-02-25
2024022501037689,MBJC,6,51,50.0,304.0,15200.0,2024-02-25
2024022501037688,MBJC,35,51,600.0,304.0,182400.0,2024-02-25
2024022501037687,MBJC,38,51,20.0,305.0,6100.0,2024-02-25
2024022501037686,MBJC,6,51,50.0,305.0,15250.0,2024-02-25
2024022501037685,MBJC,86,51,300.0,305.0,91500.0,2024-02-25
2024022501037684,MBJC,44,51,100.0,305.0,30500.0,2024-02-25
2024022501037683,MBJC,1,51,100.0,305.8,30580.0,2024-02-25
2024022501037682,MBJC,57,51,40.0,305.8,12232.0,2024-02-25
2024022501037681,SONA,35,49,10.0,408.0,4080.0,2024-02-25
2024022501037680,ULHC,7,45,30.0,317.0,9510.0,2024-02-25
2024022501037679,ULHC,20,45,20.0,317.0,6340.0,2024-02-25
2024022501037678,ULHC,57,45,60.0,317.5,19050.0,2024-02-25
2024022501037677,MKHL,45,56,20.0,368.0,7360.0,2024-02-25
2024022501037676,MKHL,45,46,10.0,368.0,3680.0,2024-02-25
2024022501037675,MKJC,53,58,10.0,477.7,4777.0,2024-02-25
2024022501037674,CITY,8,4,320.0,575.3,184096.0,2024-02-25
2024022501037673,CITY,5,4,10.0,575.4,5754.0,2024-02-25
2024022501037672,CITY,17,4,10.0,575.4,5754.0,2024-02-25
2024022501037671,CITY,1,4,50.0,576.0,28800.0,2024-02-25
2024022501037670,CITY,57,4,100.0,576.3,57630.0,2024-02-25
2024022501037669,CITY,1,4,500.0,577.0,288500.0,2024-02-25
2024022501037668,CITY,65,4,1000.0,580.0,580000.0,2024-02-25
2024022501037667,CITY,8,4,10.0,580.0,5800.0,2024-02-25
2024022501037666,MANDU,66,4,10.0,671.0,6710.0,2024-02-25
2024022501037665,PPL,38,41,10.0,327.5,3275.0,2024-02-25
2024022505009493,NRN,72,29,500.0,540.0,270000.0,2024-02-25
2024022504013279,GLH,38,42,117.0,209.0,24453.0,2024-02-25
2024022501037664,TAMOR,42,41,10.0,399.8,3998.0,2024-02-25
2024022501037663,PRVU,42,22,81.0,148.1,11996.1,2024-02-25
2024022505009492,HRL,44,86,10.0,608.0,6080.0,2024-02-25
2024022505009491,HRL,26,86,30.0,608.0,18240.0,2024-02-25
2024022501037662,MLBS,57,10,10.0,630.6,6306.0,2024-02-25
2024022505009490,HRL,26,52,20.0,608.0,12160.0,2024-02-25
2024022501037661,SNLI,71,52,10.0,599.6,5996.0,2024-02-25
2024022503009760,USLB,17,45,250.0,1031.2,257800.0,2024-02-25
2024022501037660,BEDC,11,53,10.0,349.0,3490.0,2024-02-25
2024022501037659,BEDC,34,58,30.0,348.2,10446.0,2024-02-25
2024022501037658,BEDC,17,58,40.0,348.2,13928.0,2024-02-25
2024022501037657,SANIMA,58,42,100.0,233.2,23320.0,2024-02-25
2024022505009489,CHDC,68,4,10.0,948.0,9480.0,2024-02-25
2024022504013278,GHL,57,34,1962.0,153.5,301167.0,2024-02-25
2024022504013277,GHL,57,33,140.0,153.5,21490.0,2024-02-25
2024022504013276,GHL,57,7,228.0,153.5,34998.0,2024-02-25
2024022504013275,GHL,57,60,170.0,153.1,26027.0,2024-02-25
2024022504013274,UNHPL,57,45,50.0,243.2,12160.0,2024-02-25
2024022503009759,SINDU,58,43,190.0,312.0,59280.0,2024-02-25
2024022504013273,HURJA,39,50,50.0,302.5,15125.0,2024-02-25
2024022501037656,CKHL,58,34,10.0,619.0,6190.0,2024-02-25
2024022501037655,GCIL,6,34,10.0,451.0,4510.0,2024-02-25
2024022501037654,SNLI,47,56,387.0,600.0,232200.0,2024-02-25
2024022501037653,SNLI,47,52,10.0,600.0,6000.0,2024-02-25
2024022504013272,MEN,45,56,35.0,594.2,20797.0,2024-02-25
2024022504013271,MEN,44,56,65.0,594.5,38642.5,2024-02-25
2024022501037652,SNLI,47,86,80.0,600.0,48000.0,2024-02-25
2024022501037651,SNLI,47,45,23.0,599.9,13797.7,2024-02-25
2024022501037650,PRVU,41,22,200.0,148.1,29620.0,2024-02-25
2024022504013270,BPCL,86,22,60.0,300.3,18018.0,2024-02-25
2024022504013269,BPCL,43,22,40.0,300.4,12016.0,2024-02-25
2024022501037649,ANLB,82,22,26.0,1940.0,50440.0,2024-02-25
2024022501037648,HDL,44,19,50.0,1450.9,72545.0,2024-02-25
