transaction,symbol,buyer,seller,quantity,rate,amount,date
2024050201026518,IHL,56,34,10.0,377.0,3770.0,2024-05-02
2024050201026517,MEHL,43,32,21.0,313.9,6591.9,2024-05-02
2024050205004113,NTC,7,43,20.0,820.0,16400.0,2024-05-02
2024050201026516,PPL,50,51,10.0,615.0,6150.0,2024-05-02
2024050203025237,DDBL,34,55,50.0,709.0,35450.0,2024-05-02
2024050203025236,SAPDBL,55,6,10.0,324.0,3240.0,2024-05-02
2024050201026515,MKHL,21,38,20.0,422.0,8440.0,2024-05-02
2024050203025235,PFL,41,71,10.0,734.0,7340.0,2024-05-02
2024050201026514,KBL,48,4,162.0,133.0,21546.0,2024-05-02
2024050201026513,KBL,48,42,28.0,132.9,3721.2,2024-05-02
2024050201026512,KBL,48,29,95.0,132.9,12625.5,2024-05-02
2024050201026511,KBL,48,35,115.0,132.5,15237.5,2024-05-02
2024050201026510,PPL,48,51,10.0,615.0,6150.0,2024-05-02
2024050203025234,NFS,71,64,2350.0,561.5,1319525.0,2024-05-02
2024050203025233,NFS,88,64,1000.0,561.6,561600.0,2024-05-02
2024050203025232,NFS,35,64,100.0,561.6,56160.0,2024-05-02
2024050203025231,NFS,60,64,150.0,562.0,84300.0,2024-05-02
2024050203025230,NFS,33,64,500.0,562.1,281050.0,2024-05-02
2024050203025229,NFS,87,64,150.0,562.3,84345.0,2024-05-02
2024050201026509,PPL,35,51,11.0,615.0,6765.0,2024-05-02
2024050203025228,SHINE,35,38,20.0,400.0,8000.0,2024-05-02
2024050201026508,UHEWA,35,57,50.0,391.2,19560.0,2024-05-02
2024050201026507,PPL,8,51,11.0,615.0,6765.0,2024-05-02
2024050203025227,GLBSL,38,42,10.0,1946.0,19460.0,2024-05-02
2024050201026506,PRVU,38,41,10.0,137.5,1375.0,2024-05-02
2024050203025226,KSBBL,44,63,17.0,379.0,6443.0,2024-05-02
2024050203025225,KSBBL,44,53,33.0,379.0,12507.0,2024-05-02
2024050201026505,NIMB,44,26,13.0,152.8,1986.4,2024-05-02
2024050201026504,NIMB,44,59,37.0,152.5,5642.5,2024-05-02
2024050201026503,RBCLPO,44,49,10.0,10599.0,105990.0,2024-05-02
2024050201026502,RBCLPO,44,3,10.0,10500.0,105000.0,2024-05-02
2024050201026501,RBCLPO,44,7,10.0,10499.0,104990.0,2024-05-02
2024050205004112,NIFRA,14,44,12.0,198.6,2383.2,2024-05-02
2024050205004111,NIFRA,14,44,48.0,198.6,9532.8,2024-05-02
2024050205004110,ENL,45,13,30.0,790.1,23703.0,2024-05-02
2024050203025224,RLFL,45,29,10.0,374.9,3749.0,2024-05-02
2024050203025223,SABSL,45,42,10.0,796.0,7960.0,2024-05-02
2024050204008313,SGIC,95,26,10.0,532.0,5320.0,2024-05-02
2024050203025222,CORBL,70,38,10.0,468.0,4680.0,2024-05-02
2024050201026500,EBL,39,13,10.0,505.4,5054.0,2024-05-02
2024050201026499,ILI,42,69,10.0,570.0,5700.0,2024-05-02
2024050201026498,PPL,88,51,10.0,615.0,6150.0,2024-05-02
2024050203025221,NFS,28,42,170.0,570.0,96900.0,2024-05-02
2024050203025220,NFS,28,45,20.0,570.0,11400.0,2024-05-02
2024050203025219,NFS,28,39,70.0,570.0,39900.0,2024-05-02
2024050203025218,NFS,28,16,500.0,570.0,285000.0,2024-05-02
2024050203025217,NFS,28,42,20.0,570.0,11400.0,2024-05-02
2024050203025216,NFS,28,35,60.0,570.0,34200.0,2024-05-02
2024050203025215,NFS,28,58,10.0,570.0,5700.0,2024-05-02
2024050203025214,NFS,28,50,106.0,570.0,60420.0,2024-05-02
2024050203025213,NFS,28,38,40.0,568.0,22720.0,2024-05-02
2024050201026497,PPL,62,51,20.0,615.0,12300.0,2024-05-02
2024050201026496,MKHL,36,62,155.0,417.0,64635.0,2024-05-02
2024050203025212,ICFC,17,34,54.0,534.1,28841.4,2024-05-02
2024050203025211,ICFC,57,34,100.0,534.1,53410.0,2024-05-02
2024050203025210,ICFC,1,34,50.0,535.0,26750.0,2024-05-02
2024050203025209,ICFC,35,34,100.0,535.0,53500.0,2024-05-02
2024050203025208,ICFC,59,34,500.0,535.0,267500.0,2024-05-02
2024050203025207,ICFC,57,34,268.0,535.0,143380.0,2024-05-02
2024050203025206,ICFC,48,34,500.0,535.4,267700.0,2024-05-02
2024050203025205,ICFC,7,34,77.0,535.5,41233.5,2024-05-02
2024050203025204,ICFC,49,34,100.0,535.5,53550.0,2024-05-02
2024050203025203,ICFC,48,34,24.0,535.7,12856.8,2024-05-02
2024050203025202,ICFC,49,34,450.0,536.0,241200.0,2024-05-02
2024050203025201,ICFC,48,34,460.0,536.4,246744.0,2024-05-02
2024050203025200,ICFC,1,34,51.0,536.5,27361.5,2024-05-02
2024050203025199,ICFC,58,34,50.0,536.5,26825.0,2024-05-02
2024050203025198,ICFC,57,34,200.0,537.0,107400.0,2024-05-02
2024050203025197,ICFC,38,34,623.0,537.0,334551.0,2024-05-02
2024050203025196,MLBL,34,34,10.0,333.0,3330.0,2024-05-02
2024050201026495,HHL,34,29,10.0,356.0,3560.0,2024-05-02
2024050201026494,PPL,69,51,20.0,615.0,12300.0,2024-05-02
2024050203025195,PFL,29,71,10.0,734.0,7340.0,2024-05-02
2024050201026493,SMHL,14,95,20.0,436.9,8738.0,2024-05-02
2024050201026492,MHL,14,34,10.0,406.0,4060.0,2024-05-02
2024050203025194,SFCL,21,7,10.0,347.0,3470.0,2024-05-02
2024050203025193,SFCL,19,57,180.0,348.0,62640.0,2024-05-02
2024050203025192,SFCL,19,32,500.0,348.0,174000.0,2024-05-02
2024050203025191,GUFL,19,88,20.0,725.0,14500.0,2024-05-02
2024050203025190,GRDBL,34,16,100.0,433.7,43370.0,2024-05-02
2024050203025189,GRDBL,69,16,500.0,433.8,216900.0,2024-05-02
2024050203025188,GRDBL,69,16,500.0,434.0,217000.0,2024-05-02
2024050203025187,GRDBL,69,16,500.0,434.1,217050.0,2024-05-02
2024050201026491,PHCL,49,50,20.0,295.0,5900.0,2024-05-02
2024050201026490,PHCL,38,50,50.0,295.0,14750.0,2024-05-02
2024050201026489,PHCL,6,50,277.0,295.0,81715.0,2024-05-02
2024050203025186,CFCL,50,17,10.0,399.0,3990.0,2024-05-02
2024050204008312,JOSHI,57,50,420.0,331.2,139104.0,2024-05-02
2024050204008311,JOSHI,61,50,80.0,331.2,26496.0,2024-05-02
2024050203025185,SADBL,84,50,80.0,315.0,25200.0,2024-05-02
2024050201026488,SONA,43,50,90.0,445.0,40050.0,2024-05-02
2024050201026487,TAMOR,81,71,160.0,370.0,59200.0,2024-05-02
2024050201026486,DOLTI,71,34,20.0,450.0,9000.0,2024-05-02
2024050201026485,MLBS,38,71,15.0,1225.0,18375.0,2024-05-02
2024050203025184,PFL,25,71,10.0,734.0,7340.0,2024-05-02
2024050203025183,PFL,25,71,10.0,734.0,7340.0,2024-05-02
2024050203025182,SMFBS,25,50,10.0,1318.0,13180.0,2024-05-02
2024050201026484,EHPL,41,35,50.0,463.0,23150.0,2024-05-02
2024050201026483,MEHL,41,32,25.0,313.9,7847.5,2024-05-02
2024050204008310,SHL,58,58,100.0,440.0,44000.0,2024-05-02
2024050201026482,BHPL,35,56,10.0,508.0,5080.0,2024-05-02
2024050205004109,NIFRA,58,52,35.0,199.0,6965.0,2024-05-02
2024050201026481,MHCL,53,57,10.0,382.0,3820.0,2024-05-02
2024050204008309,UNHPL,57,33,142.0,225.0,31950.0,2024-05-02
2024050201026480,ILI,13,38,110.0,568.1,62491.0,2024-05-02
2024050201026479,ILI,52,38,100.0,568.1,56810.0,2024-05-02
2024050201026478,ILI,29,38,50.0,568.1,28405.0,2024-05-02
2024050203025181,CORBL,50,38,173.0,468.0,80964.0,2024-05-02
2024050203025180,PFL,44,71,10.0,734.0,7340.0,2024-05-02
2024050201026477,MAKAR,38,61,10.0,365.0,3650.0,2024-05-02
2024050201026476,CYCL,45,57,10.0,1550.0,15500.0,2024-05-02
2024050201026475,PPL,62,6,110.0,603.7,66407.0,2024-05-02
2024050204008308,AHPC,26,5,10.0,166.0,1660.0,2024-05-02
2024050203025179,PFL,41,68,10.0,733.4,7334.0,2024-05-02
2024050201026474,ILI,58,69,86.0,570.0,49020.0,2024-05-02
2024050201026473,PCBL,39,45,10.0,193.0,1930.0,2024-05-02
2024050203025178,ICFC,38,58,1377.0,537.0,739449.0,2024-05-02
2024050203025177,ICFC,38,58,25.0,537.0,13425.0,2024-05-02
2024050203025176,ICFC,49,58,1000.0,537.1,537100.0,2024-05-02
2024050203025175,ICFC,25,58,47.0,537.2,25248.4,2024-05-02
2024050203025174,ICFC,42,58,51.0,537.5,27412.5,2024-05-02
2024050203025173,GMFIL,71,84,152.0,380.3,57805.6,2024-05-02
2024050203025172,GMFIL,26,84,50.0,381.0,19050.0,2024-05-02
2024050203025171,GMFIL,18,84,298.0,381.0,113538.0,2024-05-02
2024050201026472,MKJC,58,32,10.0,445.8,4458.0,2024-05-02
2024050201026471,TSHL,77,39,740.0,487.0,360380.0,2024-05-02
2024050201026470,TSHL,67,39,200.0,487.2,97440.0,2024-05-02
2024050203025170,RSDC,58,32,380.0,700.0,266000.0,2024-05-02
2024050203025169,RSDC,58,42,20.0,700.0,14000.0,2024-05-02
2024050204008307,NGPL,77,4,10.0,310.7,3107.0,2024-05-02
2024050201026469,MBJC,59,14,10.0,299.0,2990.0,2024-05-02
2024050201026468,MBJC,59,49,10.0,298.0,2980.0,2024-05-02
2024050201026467,MBJC,59,34,10.0,298.0,2980.0,2024-05-02
2024050201026466,MBJC,59,6,10.0,297.5,2975.0,2024-05-02
2024050201026465,TSHL,42,45,30.0,490.0,14700.0,2024-05-02
2024050201026464,GBIME,28,39,391.0,180.0,70380.0,2024-05-02
2024050201026463,GBIME,28,5,84.0,179.9,15111.6,2024-05-02
2024050201026462,GBIME,28,13,112.0,179.8,20137.6,2024-05-02
2024050201026461,GBIME,28,6,500.0,179.8,89900.0,2024-05-02
2024050201026460,GBIME,28,46,300.0,178.1,53430.0,2024-05-02
2024050201026459,GBIME,28,33,461.0,177.5,81827.5,2024-05-02
2024050201026458,GBIME,28,14,152.0,177.3,26949.6,2024-05-02
2024050203025168,GUFL,49,42,10.0,724.0,7240.0,2024-05-02
2024050201026457,PPL,62,51,175.0,615.0,107625.0,2024-05-02
2024050201026456,PPL,62,58,200.0,615.0,123000.0,2024-05-02
2024050201026455,PPL,62,17,300.0,612.0,183600.0,2024-05-02
2024050201026454,PPL,62,56,10.0,610.0,6100.0,2024-05-02
2024050201026453,PPL,62,17,140.0,610.0,85400.0,2024-05-02
2024050201026452,PPL,62,50,50.0,610.0,30500.0,2024-05-02
2024050201026451,PPL,62,56,10.0,610.0,6100.0,2024-05-02
2024050201026450,PPL,62,58,20.0,610.0,12200.0,2024-05-02
2024050201026449,PPL,62,17,500.0,609.9,304950.0,2024-05-02
2024050201026448,PPL,62,28,250.0,608.0,152000.0,2024-05-02
2024050201026447,PPL,62,28,100.0,607.2,60720.0,2024-05-02
2024050201026446,PPL,62,28,380.0,607.0,230660.0,2024-05-02
2024050201026445,PPL,62,38,10.0,607.0,6070.0,2024-05-02
2024050201026444,PPL,62,62,200.0,606.0,121200.0,2024-05-02
2024050201026443,PPL,62,28,122.0,606.0,73932.0,2024-05-02
2024050201026442,PPL,62,28,180.0,605.9,109062.0,2024-05-02
2024050201026441,PPL,62,58,50.0,605.1,30255.0,2024-05-02
2024050201026440,PPL,62,28,270.0,605.1,163377.0,2024-05-02
2024050201026439,PPL,62,1,10.0,605.0,6050.0,2024-05-02
2024050201026438,PPL,62,62,200.0,605.0,121000.0,2024-05-02
2024050201026437,PPL,62,25,10.0,605.0,6050.0,2024-05-02
2024050201026436,PPL,62,16,10.0,605.0,6050.0,2024-05-02
2024050201026435,PPL,62,25,50.0,605.0,30250.0,2024-05-02
2024050201026434,PPL,62,22,10.0,605.0,6050.0,2024-05-02
2024050201026433,PPL,62,28,50.0,605.0,30250.0,2024-05-02
2024050201026432,PPL,62,28,80.0,604.9,48392.0,2024-05-02
2024050201026431,PPL,62,28,53.0,604.7,32049.1,2024-05-02
2024050201026430,PPL,62,49,10.0,604.0,6040.0,2024-05-02
2024050203025167,SJLIC,40,11,10.0,416.0,4160.0,2024-05-02
2024050201026429,PPL,62,34,10.0,604.0,6040.0,2024-05-02
2024050201026428,PPL,62,36,10.0,604.0,6040.0,2024-05-02
2024050201026427,PPL,62,41,10.0,604.0,6040.0,2024-05-02
2024050201026426,PPL,62,26,20.0,604.0,12080.0,2024-05-02
2024050201026425,CYCL,62,57,119.0,1550.0,184450.0,2024-05-02
2024050201026424,CYCL,62,41,10.0,1550.0,15500.0,2024-05-02
2024050201026423,CYCL,62,35,13.0,1550.0,20150.0,2024-05-02
2024050201026422,CYCL,62,14,58.0,1549.0,89842.0,2024-05-02
2024050203025166,ACLBSL,62,54,10.0,837.0,8370.0,2024-05-02
2024050203025165,PFL,41,63,3401.0,733.4,2494293.4,2024-05-02
2024050201026421,RHGCL,69,68,678.0,355.0,240690.0,2024-05-02
2024050201026420,RHGCL,69,4,10.0,355.0,3550.0,2024-05-02
2024050201026419,RHGCL,69,45,10.0,355.0,3550.0,2024-05-02
2024050201026418,RHGCL,69,35,200.0,355.0,71000.0,2024-05-02
2024050201026417,RHGCL,69,40,10.0,355.0,3550.0,2024-05-02
2024050201026416,RHGCL,69,58,10.0,355.0,3550.0,2024-05-02
2024050201026415,RHGCL,69,38,10.0,355.0,3550.0,2024-05-02
2024050201026414,RHGCL,69,38,200.0,355.0,71000.0,2024-05-02
2024050201026413,RHGCL,69,3,60.0,355.0,21300.0,2024-05-02
2024050201026412,RHGCL,69,7,50.0,355.0,17750.0,2024-05-02
2024050201026411,RHGCL,69,13,10.0,354.8,3548.0,2024-05-02
2024050201026410,RHGCL,69,7,30.0,354.7,10641.0,2024-05-02
2024050201026409,RHGCL,69,13,10.0,354.7,3547.0,2024-05-02
2024050201026408,RHGCL,69,7,50.0,354.6,17730.0,2024-05-02
2024050201026407,RHGCL,69,13,10.0,354.6,3546.0,2024-05-02
2024050201026406,RHGCL,69,7,50.0,354.5,17725.0,2024-05-02
2024050201026405,RHGCL,69,13,10.0,354.4,3544.0,2024-05-02
2024050201026404,RHGCL,69,75,2000.0,354.3,708600.0,2024-05-02
2024050201026403,RHGCL,69,14,200.0,354.0,70800.0,2024-05-02
2024050201026402,RHGCL,69,51,10.0,354.0,3540.0,2024-05-02
2024050201026401,RHGCL,69,39,285.0,354.0,100890.0,2024-05-02
2024050201026400,RHGCL,69,47,10.0,354.0,3540.0,2024-05-02
2024050201026399,RHGCL,69,58,10.0,354.0,3540.0,2024-05-02
2024050201026398,RHGCL,69,8,10.0,354.0,3540.0,2024-05-02
2024050201026397,RHGCL,69,58,10.0,353.2,3532.0,2024-05-02
2024050201026396,RHGCL,69,35,661.0,353.2,233465.2,2024-05-02
2024050201026395,RHGCL,69,35,1000.0,353.2,353200.0,2024-05-02
2024050201026394,RHGCL,69,58,10.0,353.0,3530.0,2024-05-02
2024050201026393,RHGCL,69,54,10.0,353.0,3530.0,2024-05-02
2024050201026392,RHGCL,69,16,500.0,352.9,176450.0,2024-05-02
2024050201026391,RHGCL,69,58,10.0,352.9,3529.0,2024-05-02
2024050201026390,RHGCL,69,69,200.0,352.0,70400.0,2024-05-02
2024050201026389,RHGCL,69,38,549.0,352.0,193248.0,2024-05-02
2024050201026388,RHGCL,69,7,10.0,352.0,3520.0,2024-05-02
2024050201026387,RHGCL,69,18,200.0,352.0,70400.0,2024-05-02
2024050201026386,RHGCL,69,56,10.0,352.0,3520.0,2024-05-02
2024050201026385,RHGCL,69,57,10.0,352.0,3520.0,2024-05-02
2024050201026384,RHGCL,69,4,10.0,352.0,3520.0,2024-05-02
2024050201026383,RHGCL,69,21,10.0,351.9,3519.0,2024-05-02
2024050201026382,RHGCL,69,46,200.0,351.9,70380.0,2024-05-02
2024050201026381,RHGCL,69,25,100.0,351.0,35100.0,2024-05-02
2024050201026380,RHGCL,69,21,200.0,351.0,70200.0,2024-05-02
2024050201026379,RHGCL,69,51,10.0,351.0,3510.0,2024-05-02
2024050201026378,RHGCL,69,34,10.0,351.0,3510.0,2024-05-02
2024050201026377,RHGCL,69,50,224.0,351.0,78624.0,2024-05-02
2024050201026376,RHGCL,69,68,123.0,350.9,43160.7,2024-05-02
2024050203025164,GLBSL,74,14,79.0,1935.0,152865.0,2024-05-02
2024050203025163,GLBSL,74,14,71.0,1942.0,137882.0,2024-05-02
2024050201026375,MHL,13,34,10.0,406.0,4060.0,2024-05-02
2024050201026374,SMH,13,34,10.0,666.0,6660.0,2024-05-02
2024050203025162,PROFL,55,17,300.0,341.0,102300.0,2024-05-02
2024050205004108,CHDC,32,57,110.0,749.0,82390.0,2024-05-02
2024050203025161,PFL,41,49,500.0,733.4,366700.0,2024-05-02
2024050204008306,RURU,47,49,200.0,514.1,102820.0,2024-05-02
2024050205004107,NRIC,6,49,110.0,705.0,77550.0,2024-05-02
2024050203025160,NICLBSL,74,51,887.0,676.0,599612.0,2024-05-02
2024050203025159,NICLBSL,74,45,50.0,675.0,33750.0,2024-05-02
2024050203025158,NICLBSL,74,50,30.0,675.0,20250.0,2024-05-02
2024050203025157,NICLBSL,74,58,33.0,675.0,22275.0,2024-05-02
2024050203025156,MPFL,22,43,200.0,459.0,91800.0,2024-05-02
2024050203025155,RLFL,43,29,100.0,374.9,37490.0,2024-05-02
2024050203025154,USLB,62,67,10.0,2013.0,20130.0,2024-05-02
2024050201026373,MKHC,19,17,21.0,329.0,6909.0,2024-05-02
2024050201026372,MKHC,19,77,20.0,329.0,6580.0,2024-05-02
2024050201026371,MKHC,19,48,10.0,328.0,3280.0,2024-05-02
2024050201026370,MKHC,19,39,40.0,328.0,13120.0,2024-05-02
2024050201026369,MKHC,19,47,10.0,328.0,3280.0,2024-05-02
2024050201026368,MKHC,19,41,10.0,328.0,3280.0,2024-05-02
2024050201026367,MKHC,19,4,10.0,328.0,3280.0,2024-05-02
2024050201026366,MKHC,19,38,10.0,327.0,3270.0,2024-05-02
2024050201026365,MKHC,19,45,150.0,327.0,49050.0,2024-05-02
2024050201026364,MKHC,19,21,30.0,325.0,9750.0,2024-05-02
2024050201026363,MKHC,19,54,10.0,325.0,3250.0,2024-05-02
2024050201026362,MKHC,19,44,500.0,325.0,162500.0,2024-05-02
2024050201026361,MKHC,19,52,20.0,324.9,6498.0,2024-05-02
2024050201026360,MKHC,19,58,149.0,324.9,48410.1,2024-05-02
2024050201026359,MKHC,19,47,10.0,323.0,3230.0,2024-05-02
2024050203025153,SWBBL,16,26,10.0,756.0,7560.0,2024-05-02
2024050201026358,SBL,50,38,98.0,222.5,21805.0,2024-05-02
2024050201026357,SBL,50,49,78.0,222.0,17316.0,2024-05-02
2024050201026356,SBL,50,32,424.0,222.0,94128.0,2024-05-02
2024050201026355,MKLB,13,71,10.0,995.0,9950.0,2024-05-02
2024050204008305,NHPC,21,49,10.0,146.5,1465.0,2024-05-02
2024050201026354,IHL,21,34,10.0,377.0,3770.0,2024-05-02
2024050201026353,PPL,25,26,10.0,604.0,6040.0,2024-05-02
2024050203025152,GBBL,45,25,195.0,370.1,72169.5,2024-05-02
2024050203025151,GBBL,34,25,205.0,370.1,75870.5,2024-05-02
2024050203025150,PFL,41,71,10.0,734.0,7340.0,2024-05-02
2024050203025149,LICN,41,7,10.0,1315.0,13150.0,2024-05-02
2024050204008304,UPCL,22,34,10.0,196.6,1966.0,2024-05-02
2024050201026352,SBI,5,25,20.0,281.0,5620.0,2024-05-02
2024050201026351,SBI,5,49,20.0,280.9,5618.0,2024-05-02
2024050201026350,MEL,35,22,10.0,244.0,2440.0,2024-05-02
2024050201026349,EBL,33,13,10.0,505.4,5054.0,2024-05-02
2024050201026348,KDL,47,45,148.0,778.2,115173.6,2024-05-02
2024050204008303,HURJA,1,56,11.0,287.6,3163.6,2024-05-02
2024050204008302,HURJA,1,51,69.0,285.2,19678.8,2024-05-02
2024050203025148,GILB,62,11,14.0,1085.0,15190.0,2024-05-02
2024050203025147,GILB,62,6,40.0,1083.0,43320.0,2024-05-02
2024050203025146,GILB,62,22,20.0,1080.0,21600.0,2024-05-02
2024050203025145,GILB,62,58,17.0,1080.0,18360.0,2024-05-02
2024050203025144,GILB,62,43,109.0,1079.8,117698.2,2024-05-02
2024050201026347,SMJC,62,94,253.0,360.0,91080.0,2024-05-02
2024050201026346,SMJC,62,58,10.0,360.0,3600.0,2024-05-02
2024050201026345,SMJC,62,4,37.0,360.0,13320.0,2024-05-02
2024050204008301,UNHPL,58,57,10.0,228.0,2280.0,2024-05-02
2024050201026344,HHL,63,29,50.0,356.0,17800.0,2024-05-02
2024050203025143,PMLI,57,70,10.0,509.0,5090.0,2024-05-02
2024050205004106,NTC,57,6,10.0,824.0,8240.0,2024-05-02
2024050201026343,MKHC,7,72,810.0,319.0,258390.0,2024-05-02
2024050201026342,MKHC,45,72,100.0,319.5,31950.0,2024-05-02
2024050201026341,MKHC,45,72,100.0,319.5,31950.0,2024-05-02
2024050201026340,MKHC,41,72,50.0,320.0,16000.0,2024-05-02
2024050201026339,MKHC,52,72,100.0,320.0,32000.0,2024-05-02
2024050201026338,MKHC,7,72,500.0,320.0,160000.0,2024-05-02
2024050201026337,MKHC,40,72,70.0,320.0,22400.0,2024-05-02
2024050201026336,MKHC,50,72,170.0,320.0,54400.0,2024-05-02
2024050201026335,MKHC,84,72,50.0,320.1,16005.0,2024-05-02
2024050201026334,MKHC,41,72,50.0,320.5,16025.0,2024-05-02
2024050201026333,MLBS,29,57,10.0,1232.0,12320.0,2024-05-02
2024050201026332,KDL,47,14,10.0,784.0,7840.0,2024-05-02
2024050204008300,MHNL,47,7,10.0,233.9,2339.0,2024-05-02
2024050203025142,EDBL,14,38,10.0,381.0,3810.0,2024-05-02
2024050204008299,SSHL,17,42,1415.0,167.4,236871.0,2024-05-02
2024050204008298,SSHL,17,25,85.0,167.1,14203.5,2024-05-02
2024050204008297,SSHL,17,43,100.0,167.0,16700.0,2024-05-02
2024050205004105,HRL,49,32,21.0,586.0,12306.0,2024-05-02
2024050201026331,MEHL,49,32,10.0,313.9,3139.0,2024-05-02
2024050204008296,HPPL,19,34,10.0,260.0,2600.0,2024-05-02
2024050204008295,HPPL,19,58,20.0,259.0,5180.0,2024-05-02
2024050205004104,HRL,58,16,50.0,585.6,29280.0,2024-05-02
2024050201026330,MBJC,66,46,10.0,297.0,2970.0,2024-05-02
2024050201026329,HATHY,32,33,50.0,858.0,42900.0,2024-05-02
2024050203025141,PFL,41,53,200.0,733.4,146680.0,2024-05-02
2024050203025140,JBBL,44,74,418.0,294.6,123142.8,2024-05-02
2024050201026328,NRM,38,32,10.0,365.0,3650.0,2024-05-02
2024050201026327,NRM,38,45,10.0,365.0,3650.0,2024-05-02
2024050201026326,NRM,38,57,20.0,364.0,7280.0,2024-05-02
2024050201026325,NRM,38,25,14.0,363.0,5082.0,2024-05-02
2024050201026324,NRM,38,38,10.0,363.0,3630.0,2024-05-02
2024050201026323,NRM,38,58,10.0,363.0,3630.0,2024-05-02
2024050201026322,NRM,38,41,10.0,362.0,3620.0,2024-05-02
2024050201026321,NRM,38,7,40.0,361.0,14440.0,2024-05-02
2024050201026320,NRM,38,34,70.0,358.0,25060.0,2024-05-02
2024050203025139,PFL,41,38,100.0,733.4,73340.0,2024-05-02
2024050203025138,SFCL,21,38,290.0,347.0,100630.0,2024-05-02
2024050203025137,SFCL,19,38,300.0,347.1,104130.0,2024-05-02
2024050203025136,SFCL,26,38,100.0,347.1,34710.0,2024-05-02
2024050203025135,SFCL,75,38,310.0,347.5,107725.0,2024-05-02
2024050204008294,TRH,45,14,10.0,719.0,7190.0,2024-05-02
2024050203025134,SADBL,84,39,400.0,315.0,126000.0,2024-05-02
2024050201026319,MEL,60,42,20.0,243.9,4878.0,2024-05-02
2024050203025133,LICN,62,7,10.0,1315.0,13150.0,2024-05-02
2024050201026318,CLI,50,94,541.0,453.0,245073.0,2024-05-02
2024050201026317,CLI,40,94,959.0,453.1,434522.9,2024-05-02
2024050203025132,MERO,60,63,524.0,693.0,363132.0,2024-05-02
2024050203025131,MERO,43,63,180.0,693.0,124740.0,2024-05-02
2024050203025130,MERO,45,63,100.0,693.1,69310.0,2024-05-02
2024050203025129,MERO,42,63,10.0,693.7,6937.0,2024-05-02
2024050204008293,JOSHI,63,66,10.0,332.0,3320.0,2024-05-02
2024050203025128,KRBL,58,34,379.0,437.0,165623.0,2024-05-02
2024050203025127,KRBL,58,5,100.0,435.1,43510.0,2024-05-02
2024050203025126,KRBL,58,6,200.0,435.0,87000.0,2024-05-02
2024050203025125,KRBL,58,39,350.0,435.0,152250.0,2024-05-02
2024050203025124,KRBL,58,45,100.0,435.0,43500.0,2024-05-02
2024050203025123,KRBL,58,58,50.0,435.0,21750.0,2024-05-02
2024050203025122,KRBL,58,57,100.0,435.0,43500.0,2024-05-02
2024050203025121,KRBL,58,42,51.0,435.0,22185.0,2024-05-02
2024050203025120,KRBL,58,41,500.0,433.0,216500.0,2024-05-02
2024050203025119,KRBL,58,35,170.0,431.0,73270.0,2024-05-02
2024050201026316,SMHL,34,95,10.0,436.9,4369.0,2024-05-02
2024050203025118,EDBL,34,33,10.0,381.0,3810.0,2024-05-02
2024050203025117,SAPDBL,57,6,10.0,324.0,3240.0,2024-05-02
2024050203025116,SAPDBL,34,6,20.0,324.0,6480.0,2024-05-02
2024050203025115,NICLBSL,34,58,110.0,675.0,74250.0,2024-05-02
2024050204008292,NGPL,29,58,100.0,310.4,31040.0,2024-05-02
2024050204008291,NGPL,1,58,200.0,310.4,62080.0,2024-05-02
2024050204008290,NGPL,58,58,200.0,310.4,62080.0,2024-05-02
2024050201026315,HBL,45,47,184.0,176.0,32384.0,2024-05-02
2024050201026314,HBL,22,47,100.0,176.0,17600.0,2024-05-02
2024050201026313,HBL,26,47,56.0,176.1,9861.6,2024-05-02
2024050201026312,ILI,29,17,145.0,568.1,82374.5,2024-05-02
2024050201026311,ILI,41,17,100.0,568.2,56820.0,2024-05-02
2024050201026310,ILI,48,17,16.0,568.2,9091.2,2024-05-02
2024050201026309,ILI,21,17,20.0,568.3,11366.0,2024-05-02
2024050201026308,ILI,43,17,100.0,569.0,56900.0,2024-05-02
2024050201026307,ILI,14,17,50.0,569.0,28450.0,2024-05-02
2024050201026306,ILI,57,17,100.0,569.0,56900.0,2024-05-02
2024050201026305,ILI,58,17,20.0,569.1,11382.0,2024-05-02
2024050201026304,ILI,35,17,500.0,569.1,284550.0,2024-05-02
2024050201026303,ILI,56,17,150.0,569.2,85380.0,2024-05-02
2024050201026302,ILI,35,17,100.0,570.0,57000.0,2024-05-02
2024050201026301,ILI,14,17,500.0,570.0,285000.0,2024-05-02
2024050201026300,ILI,13,17,100.0,570.0,57000.0,2024-05-02
2024050201026299,ILI,21,17,50.0,570.0,28500.0,2024-05-02
2024050201026298,ILI,13,17,30.0,570.0,17100.0,2024-05-02
2024050201026297,ILI,1,17,150.0,570.0,85500.0,2024-05-02
2024050201026296,ILI,16,17,60.0,570.0,34200.0,2024-05-02
2024050201026295,ILI,16,17,60.0,570.0,34200.0,2024-05-02
2024050201026294,ILI,34,17,200.0,570.0,114000.0,2024-05-02
2024050201026293,ILI,33,17,76.0,570.0,43320.0,2024-05-02
2024050201026292,ILI,85,17,440.0,570.1,250844.0,2024-05-02
2024050201026291,ILI,1,17,25.0,570.1,14252.5,2024-05-02
2024050201026290,ILI,34,17,100.0,570.1,57010.0,2024-05-02
2024050201026289,ILI,37,17,208.0,570.1,118580.8,2024-05-02
2024050201026288,MKCL,36,37,10.0,864.0,8640.0,2024-05-02
2024050201026287,RAWA,36,70,10.0,483.0,4830.0,2024-05-02
2024050203025114,GFCL,42,4,549.0,475.3,260939.7,2024-05-02
2024050203025113,GFCL,74,4,200.0,476.0,95200.0,2024-05-02
2024050203025112,GFCL,58,4,48.0,476.3,22862.4,2024-05-02
2024050201026286,MKCL,56,37,10.0,864.0,8640.0,2024-05-02
2024050204008289,SJCL,16,29,20.0,271.0,5420.0,2024-05-02
2024050204008288,SJCL,16,11,20.0,271.0,5420.0,2024-05-02
2024050203025111,SWBBL,50,26,155.0,756.0,117180.0,2024-05-02
2024050201026285,MANDU,65,71,85.0,827.0,70295.0,2024-05-02
2024050201026284,MANDU,65,37,10.0,826.2,8262.0,2024-05-02
2024050201026283,MANDU,65,42,10.0,826.0,8260.0,2024-05-02
2024050201026282,MANDU,65,38,100.0,826.0,82600.0,2024-05-02
2024050201026281,MANDU,65,35,50.0,825.0,41250.0,2024-05-02
2024050201026280,MANDU,65,54,140.0,825.0,115500.0,2024-05-02
2024050201026279,MANDU,65,49,10.0,825.0,8250.0,2024-05-02
2024050201026278,MANDU,65,65,180.0,824.0,148320.0,2024-05-02
2024050201026277,MANDU,65,56,10.0,824.0,8240.0,2024-05-02
2024050201026276,MANDU,65,65,100.0,820.0,82000.0,2024-05-02
2024050201026275,MANDU,65,49,10.0,820.0,8200.0,2024-05-02
2024050201026274,MANDU,65,38,10.0,820.0,8200.0,2024-05-02
2024050201026273,MANDU,65,41,105.0,819.8,86079.0,2024-05-02
2024050201026272,MANDU,65,34,20.0,815.0,16300.0,2024-05-02
2024050201026271,MANDU,65,54,100.0,814.9,81490.0,2024-05-02
2024050201026270,MANDU,65,38,50.0,814.0,40700.0,2024-05-02
2024050201026269,MANDU,65,21,10.0,814.0,8140.0,2024-05-02
2024050201026268,AHL,34,8,38.0,435.2,16537.6,2024-05-02
2024050201026267,AHL,43,8,20.0,436.0,8720.0,2024-05-02
2024050201026266,AHL,68,8,52.0,436.0,22672.0,2024-05-02
2024050203025110,RLFL,13,48,50.0,374.1,18705.0,2024-05-02
2024050203025109,RLFL,44,48,450.0,374.2,168390.0,2024-05-02
2024050201026265,SCB,38,17,10.0,521.0,5210.0,2024-05-02
2024050205004103,CHDC,5,45,10.0,748.0,7480.0,2024-05-02
2024050203025108,NICLBSL,45,58,264.0,675.0,178200.0,2024-05-02
2024050203025107,NICLBSL,45,46,20.0,675.0,13500.0,2024-05-02
2024050203025106,NICLBSL,45,33,100.0,675.0,67500.0,2024-05-02
2024050203025105,NICLBSL,45,49,16.0,675.0,10800.0,2024-05-02
2024050203025104,NICLBSL,45,57,100.0,670.0,67000.0,2024-05-02
2024050203025103,BFC,54,26,200.0,380.1,76020.0,2024-05-02
2024050203025102,NFS,39,50,10.0,570.0,5700.0,2024-05-02
2024050203025101,GMFIL,18,28,102.0,381.0,38862.0,2024-05-02
2024050203025100,KLBSL,62,62,31.0,919.0,28489.0,2024-05-02
2024050203025099,KLBSL,62,57,70.0,918.0,64260.0,2024-05-02
2024050203025098,KLBSL,62,17,20.0,916.9,18338.0,2024-05-02
2024050203025097,KLBSL,62,35,30.0,915.0,27450.0,2024-05-02
2024050203025096,NFS,59,50,184.0,570.0,104880.0,2024-05-02
2024050203025095,NFS,59,71,50.0,570.0,28500.0,2024-05-02
2024050203025094,NFS,59,17,500.0,570.0,285000.0,2024-05-02
2024050203025093,NFS,59,41,30.0,570.0,17100.0,2024-05-02
2024050203025092,NFS,59,17,686.0,569.0,390334.0,2024-05-02
2024050203025091,NFS,59,46,50.0,568.0,28400.0,2024-05-02
2024050203025090,ACLBSL,3,54,51.0,837.0,42687.0,2024-05-02
2024050203025089,ACLBSL,3,16,13.0,837.0,10881.0,2024-05-02
2024050203025088,ACLBSL,3,29,20.0,836.0,16720.0,2024-05-02
2024050203025087,ACLBSL,3,22,16.0,836.0,13376.0,2024-05-02
2024050204008287,UMRH,58,26,10.0,339.7,3397.0,2024-05-02
2024050204008286,CHL,56,4,10.0,325.0,3250.0,2024-05-02
2024050201026264,RHGCL,25,68,277.0,350.9,97199.3,2024-05-02
2024050201026263,RHGCL,25,1,1000.0,350.9,350900.0,2024-05-02
2024050201026262,RHGCL,25,45,100.0,350.9,35090.0,2024-05-02
2024050201026261,RHGCL,25,57,400.0,350.0,140000.0,2024-05-02
2024050201026260,RHGCL,25,53,10.0,350.0,3500.0,2024-05-02
2024050201026259,RHGCL,25,32,20.0,350.0,7000.0,2024-05-02
2024050201026258,RHGCL,25,51,70.0,350.0,24500.0,2024-05-02
2024050201026257,RHGCL,25,38,697.0,349.9,243880.3,2024-05-02
2024050201026256,RHGCL,25,68,376.0,349.8,131524.8,2024-05-02
2024050201026255,RHGCL,25,45,50.0,349.0,17450.0,2024-05-02
2024050201026254,MLBS,38,41,76.0,1224.0,93024.0,2024-05-02
2024050204008285,NHPC,16,45,75.0,146.1,10957.5,2024-05-02
2024050204008284,SHEL,26,38,10.0,159.0,1590.0,2024-05-02
2024050201026253,SARBTM,18,1,300.0,776.0,232800.0,2024-05-02
2024050201026252,SNLI,11,45,100.0,593.0,59300.0,2024-05-02
2024050203025086,RSDC,39,26,225.0,699.9,157477.5,2024-05-02
2024050204008283,GHL,28,26,10.0,150.0,1500.0,2024-05-02
2024050201026251,NWCL,42,45,20.0,726.9,14538.0,2024-05-02
2024050201026250,NWCL,42,38,10.0,726.8,7268.0,2024-05-02
2024050201026249,NWCL,42,19,10.0,726.7,7267.0,2024-05-02
2024050201026248,PPL,62,59,10.0,603.7,6037.0,2024-05-02
2024050201026247,UHEWA,57,53,10.0,384.0,3840.0,2024-05-02
2024050203025085,PMLI,46,51,10.0,507.5,5075.0,2024-05-02
2024050203025084,SADBL,84,51,120.0,315.0,37800.0,2024-05-02
2024050203025083,PFL,41,69,1000.0,733.4,733400.0,2024-05-02
2024050203025082,JFL,72,38,10.0,545.0,5450.0,2024-05-02
2024050203025081,PFL,41,58,10.0,733.4,7334.0,2024-05-02
2024050201026246,MSHL,58,58,10.0,627.0,6270.0,2024-05-02
2024050205004102,ENL,48,13,50.0,790.1,39505.0,2024-05-02
2024050205004101,ENL,59,13,13.0,790.1,10271.3,2024-05-02
2024050201026245,TVCL,28,17,75.0,474.0,35550.0,2024-05-02
2024050203025080,PFL,41,36,500.0,733.4,366700.0,2024-05-02
2024050205004100,CIT,21,41,50.0,2105.0,105250.0,2024-05-02
2024050203025079,HLBSL,25,49,433.0,786.0,340338.0,2024-05-02
2024050203025078,HLBSL,25,19,41.0,785.0,32185.0,2024-05-02
2024050203025077,HLBSL,25,34,30.0,785.0,23550.0,2024-05-02
2024050203025076,HLBSL,25,34,96.0,785.0,75360.0,2024-05-02
2024050203025075,FMDBL,58,45,50.0,634.0,31700.0,2024-05-02
2024050201026244,KBL,93,35,110.0,132.5,14575.0,2024-05-02
2024050201026243,USHEC,77,35,10.0,373.0,3730.0,2024-05-02
2024050201026242,USHEC,77,49,10.0,372.3,3723.0,2024-05-02
2024050201026241,USHEC,77,50,10.0,371.0,3710.0,2024-05-02
2024050201026240,USHEC,77,38,100.0,370.0,37000.0,2024-05-02
2024050201026239,USHEC,77,36,400.0,370.0,148000.0,2024-05-02
2024050201026238,USHEC,77,46,240.0,369.0,88560.0,2024-05-02
2024050205004099,NRN,39,29,10.0,509.0,5090.0,2024-05-02
2024050203025074,GILB,62,43,18.0,1079.8,19436.4,2024-05-02
2024050203025073,GILB,62,29,100.0,1079.0,107900.0,2024-05-02
2024050203025072,GILB,62,38,17.0,1079.0,18343.0,2024-05-02
2024050203025071,GILB,62,11,35.0,1075.0,37625.0,2024-05-02
2024050203025070,GILB,62,33,30.0,1071.9,32157.0,2024-05-02
2024050203025069,PFL,62,71,10.0,734.0,7340.0,2024-05-02
2024050201026237,PPL,62,51,10.0,603.7,6037.0,2024-05-02
2024050203025068,MLBL,58,57,130.0,329.2,42796.0,2024-05-02
2024050203025067,MLBL,38,57,20.0,330.0,6600.0,2024-05-02
2024050203025066,MLBL,85,57,700.0,330.0,231000.0,2024-05-02
2024050203025065,MLBL,57,57,50.0,330.5,16525.0,2024-05-02
2024050203025064,PMLI,57,58,11.0,508.0,5588.0,2024-05-02
2024050201026236,AVYAN,63,34,100.0,755.5,75550.0,2024-05-02
2024050201026235,PPL,62,34,1000.0,603.7,603700.0,2024-05-02
2024050201026234,NESDO,34,52,10.0,1779.0,17790.0,2024-05-02
2024050204008282,HDHPC,57,13,53.0,132.1,7001.3,2024-05-02
2024050204008281,HDHPC,58,13,337.0,132.1,44517.7,2024-05-02
2024050203025063,SADBL,84,37,150.0,315.0,47250.0,2024-05-02
2024050203025062,GBLBS,81,37,15.0,670.1,10051.5,2024-05-02
2024050201026233,RNLI,58,49,11.0,433.0,4763.0,2024-05-02
2024050204008280,GHL,4,26,100.0,150.0,15000.0,2024-05-02
2024050204008279,GLH,56,42,35.0,205.0,7175.0,2024-05-02
2024050201026232,NBL,88,16,100.0,200.0,20000.0,2024-05-02
2024050201026231,USHEC,38,46,10.0,369.0,3690.0,2024-05-02
2024050201026230,MANDU,65,45,10.0,811.0,8110.0,2024-05-02
2024050201026229,DORDI,10,34,100.0,412.0,41200.0,2024-05-02
2024050203025061,SJLIC,43,42,121.0,415.6,50287.6,2024-05-02
2024050203025060,SJLIC,17,42,29.0,415.6,12052.4,2024-05-02
2024050203025059,SJLIC,53,42,50.0,415.7,20785.0,2024-05-02
2024050203025058,RLFL,44,47,50.0,374.2,18710.0,2024-05-02
2024050203025057,RLFL,73,47,50.0,374.5,18725.0,2024-05-02
2024050203025056,PFL,41,58,10.0,733.4,7334.0,2024-05-02
2024050201026228,SBI,26,37,593.0,277.2,164379.6,2024-05-02
2024050201026227,GCIL,49,36,200.0,487.0,97400.0,2024-05-02
2024050201026226,PHCL,6,80,453.0,295.0,133635.0,2024-05-02
2024050201026225,NRM,35,41,10.0,357.0,3570.0,2024-05-02
2024050203025055,PFL,41,41,6350.0,733.4,4657090.0,2024-05-02
2024050201026224,GCIL,57,41,90.0,486.0,43740.0,2024-05-02
2024050203025054,SMFBS,25,37,21.0,1310.7,27524.7,2024-05-02
2024050201026223,NABIL,40,48,13.0,429.5,5583.5,2024-05-02
2024050203025053,LBBL,47,25,254.0,380.5,96647.0,2024-05-02
2024050203025052,LBBL,50,25,576.0,380.5,219168.0,2024-05-02
2024050203025051,LBBL,16,25,277.0,380.6,105426.2,2024-05-02
2024050204008278,API,52,21,50.0,169.0,8450.0,2024-05-02
2024050201026222,GBIME,39,14,48.0,177.3,8510.4,2024-05-02
2024050201026221,GBIME,39,7,152.0,177.3,26949.6,2024-05-02
2024050204008277,KKHC,49,42,10.0,225.0,2250.0,2024-05-02
2024050201026220,CYCL,62,14,92.0,1549.0,142508.0,2024-05-02
2024050201026219,CYCL,62,77,60.0,1548.0,92880.0,2024-05-02
2024050201026218,CYCL,62,28,10.0,1542.0,15420.0,2024-05-02
2024050201026217,CYCL,62,22,10.0,1541.0,15410.0,2024-05-02
2024050201026216,CYCL,62,38,13.0,1540.0,20020.0,2024-05-02
2024050201026215,CYCL,62,34,65.0,1538.0,99970.0,2024-05-02
2024050201026214,CYCL,62,37,220.0,1537.0,338140.0,2024-05-02
2024050201026213,CYCL,62,57,180.0,1536.9,276642.0,2024-05-02
2024050203025050,PFL,41,3,126.0,733.4,92408.4,2024-05-02
2024050203025049,NMBMF,55,51,26.0,635.0,16510.0,2024-05-02
2024050203025048,NMBMF,38,51,50.0,635.0,31750.0,2024-05-02
2024050203025047,NMBMF,5,51,10.0,635.0,6350.0,2024-05-02
2024050203025046,NMBMF,55,51,64.0,635.0,40640.0,2024-05-02
2024050203025045,NMBMF,54,51,50.0,635.2,31760.0,2024-05-02
2024050203025044,CFCL,39,58,1575.0,397.1,625432.5,2024-05-02
2024050203025043,CFCL,16,58,500.0,397.1,198550.0,2024-05-02
2024050203025042,CFCL,44,58,50.0,398.0,19900.0,2024-05-02
2024050203025041,CFCL,57,58,50.0,398.0,19900.0,2024-05-02
2024050203025040,CFCL,52,58,25.0,398.0,9950.0,2024-05-02
2024050203025039,BFC,54,58,131.0,380.1,49793.1,2024-05-02
2024050203025038,BFC,34,58,100.0,380.1,38010.0,2024-05-02
2024050201026212,HATHY,14,26,11.0,859.0,9449.0,2024-05-02
2024050204008276,SGIC,32,72,10.0,533.0,5330.0,2024-05-02
2024050203025037,NABBC,34,38,10.0,440.0,4400.0,2024-05-02
2024050203025036,GMFIL,34,58,10.0,384.0,3840.0,2024-05-02
2024050204008275,HDHPC,34,44,10.0,133.0,1330.0,2024-05-02
2024050203025035,JBBL,34,74,41.0,294.6,12078.6,2024-05-02
2024050201026211,BHL,58,81,80.0,322.0,25760.0,2024-05-02
2024050201026210,BHL,58,81,100.0,324.0,32400.0,2024-05-02
2024050201026209,GBIME,43,7,15.0,177.3,2659.5,2024-05-02
2024050203025034,PFL,41,67,300.0,733.4,220020.0,2024-05-02
2024050203025033,MERO,19,25,100.0,695.0,69500.0,2024-05-02
2024050203025032,PROFL,71,34,10.0,342.0,3420.0,2024-05-02
2024050203025031,PFL,41,36,155.0,733.0,113615.0,2024-05-02
2024050203025030,PFL,41,17,150.0,733.0,109950.0,2024-05-02
2024050203025029,PFL,41,28,400.0,732.0,292800.0,2024-05-02
2024050203025028,PFL,41,19,112.0,732.0,81984.0,2024-05-02
2024050203025027,PFL,41,94,50.0,731.0,36550.0,2024-05-02
2024050203025026,PFL,41,35,100.0,731.0,73100.0,2024-05-02
2024050203025025,PFL,41,16,30.0,731.0,21930.0,2024-05-02
2024050203025024,PFL,41,41,400.0,730.0,292000.0,2024-05-02
2024050203025023,PFL,41,57,618.0,730.0,451140.0,2024-05-02
2024050203025022,PFL,41,38,400.0,730.0,292000.0,2024-05-02
2024050203025021,PFL,41,8,200.0,730.0,146000.0,2024-05-02
2024050203025020,PFL,41,74,1000.0,730.0,730000.0,2024-05-02
2024050203025019,PFL,41,43,100.0,730.0,73000.0,2024-05-02
2024050203025018,PFL,41,58,10.0,730.0,7300.0,2024-05-02
2024050203025017,PFL,41,41,33.0,730.0,24090.0,2024-05-02
2024050203025016,PFL,41,17,43.0,730.0,31390.0,2024-05-02
2024050203025015,PFL,41,37,30.0,730.0,21900.0,2024-05-02
2024050203025014,PFL,41,42,500.0,730.0,365000.0,2024-05-02
2024050203025013,PFL,41,58,1020.0,730.0,744600.0,2024-05-02
2024050203025012,PFL,41,26,500.0,730.0,365000.0,2024-05-02
2024050203025011,PFL,41,50,200.0,730.0,146000.0,2024-05-02
2024050204008274,BARUN,32,25,60.0,231.5,13890.0,2024-05-02
2024050204008273,BARUN,58,25,40.0,231.5,9260.0,2024-05-02
2024050205004098,HRL,58,1,192.0,585.6,112435.2,2024-05-02
2024050205004097,HRL,32,1,500.0,585.6,292800.0,2024-05-02
2024050205004096,HRL,36,1,108.0,585.6,63244.8,2024-05-02
2024050203025010,GUFL,49,54,13.0,724.0,9412.0,2024-05-02
2024050204008272,GHL,22,39,500.0,149.0,74500.0,2024-05-02
2024050203025009,JFL,39,38,136.0,545.0,74120.0,2024-05-02
2024050203025008,JFL,39,32,164.0,545.0,89380.0,2024-05-02
2024050201026208,CYCL,21,53,50.0,1529.0,76450.0,2024-05-02
2024050203025007,HLBSL,57,34,55.0,785.0,43175.0,2024-05-02
2024050203025006,PFL,41,32,167.0,728.2,121609.4,2024-05-02
2024050201026207,JBLB,56,49,5.0,1329.0,6645.0,2024-05-02
2024050201026206,ULHC,50,49,10.0,328.0,3280.0,2024-05-02
2024050204008271,CHL,19,56,30.0,323.0,9690.0,2024-05-02
2024050205004095,PSF,57,50,200.0,8.72,1744.0,2024-05-02
2024050203025005,DDBL,71,25,50.0,710.0,35500.0,2024-05-02
2024050201026205,IHL,21,34,10.0,377.0,3770.0,2024-05-02
2024050204008270,SPIL,85,41,25.0,730.0,18250.0,2024-05-02
2024050201026204,MANDU,65,35,1000.0,811.0,811000.0,2024-05-02
2024050203025004,KRBL,42,35,50.0,431.0,21550.0,2024-05-02
2024050203025003,KRBL,86,35,100.0,431.0,43100.0,2024-05-02
2024050203025002,KSBBL,44,53,122.0,379.0,46238.0,2024-05-02
2024050203025001,KSBBL,44,38,30.0,378.0,11340.0,2024-05-02
2024050203025000,KSBBL,44,47,48.0,378.0,18144.0,2024-05-02
2024050203024999,KSBBL,44,51,100.0,377.9,37790.0,2024-05-02
2024050201026203,ILI,37,6,132.0,570.1,75253.2,2024-05-02
2024050204008269,HPPL,29,45,100.0,258.0,25800.0,2024-05-02
2024050201026202,BEDC,54,52,85.0,371.0,31535.0,2024-05-02
2024050203024998,MFIL,38,10,24.0,524.0,12576.0,2024-05-02
2024050203024997,MFIL,82,10,45.0,524.0,23580.0,2024-05-02
2024050203024996,MFIL,13,10,151.0,524.0,79124.0,2024-05-02
2024050201026201,NICGF2,10,57,100.0,8.05,805.0,2024-05-02
2024050201026200,NICGF2,10,38,100.0,8.0,800.0,2024-05-02
2024050201026199,UHEWA,57,45,224.0,384.0,86016.0,2024-05-02
2024050201026198,UHEWA,57,45,240.0,384.0,92160.0,2024-05-02
2024050203024995,PFL,41,53,200.0,728.2,145640.0,2024-05-02
2024050201026197,SHIVM,53,60,330.0,507.0,167310.0,2024-05-02
2024050201026196,SHIVM,53,16,30.0,506.0,15180.0,2024-05-02
2024050201026195,ULHC,57,28,100.0,329.4,32940.0,2024-05-02
2024050201026194,SARBTM,18,58,50.0,776.0,38800.0,2024-05-02
2024050204008268,CGH,51,58,20.0,780.1,15602.0,2024-05-02
2024050201026193,VLUCL,45,34,200.0,468.0,93600.0,2024-05-02
2024050201026192,MSHL,62,34,15.0,624.0,9360.0,2024-05-02
2024050201026191,CYCL,66,57,10.0,1536.9,15369.0,2024-05-02
2024050204008267,SHPC,55,4,50.0,327.7,16385.0,2024-05-02
2024050203024994,CORBL,55,41,10.0,477.0,4770.0,2024-05-02
2024050203024993,MERO,56,25,25.0,695.0,17375.0,2024-05-02
2024050203024992,JFL,26,32,100.0,545.0,54500.0,2024-05-02
2024050203024991,HLI,51,41,32.0,395.0,12640.0,2024-05-02
2024050201026190,MHCL,8,57,800.0,382.0,305600.0,2024-05-02
2024050201026189,SIKLES,57,45,29.0,497.9,14439.1,2024-05-02
2024050201026188,ILI,58,7,60.0,571.0,34260.0,2024-05-02
2024050205004094,HRL,11,32,10.0,586.0,5860.0,2024-05-02
2024050205004093,HRL,50,32,180.0,586.0,105480.0,2024-05-02
2024050203024990,HLI,32,25,130.0,393.5,51155.0,2024-05-02
2024050201026187,UHEWA,32,57,41.0,391.2,16039.2,2024-05-02
2024050201026186,UHEWA,32,47,259.0,390.0,101010.0,2024-05-02
2024050201026185,MANDU,65,34,10.0,811.0,8110.0,2024-05-02
2024050201026184,RNLI,58,49,10.0,433.0,4330.0,2024-05-02
2024050203024989,KRBL,86,42,50.0,435.0,21750.0,2024-05-02
2024050201026183,SHIVM,50,60,500.0,505.1,252550.0,2024-05-02
2024050203024988,CORBL,5,47,10.0,477.0,4770.0,2024-05-02
2024050204008266,AHPC,41,5,100.0,166.0,16600.0,2024-05-02
2024050203024987,SAPDBL,57,6,200.0,324.0,64800.0,2024-05-02
2024050201026182,SAHAS,36,1,100.0,502.0,50200.0,2024-05-02
2024050201026181,NICA,21,28,10.0,357.0,3570.0,2024-05-02
2024050201026180,NICA,34,28,500.0,357.0,178500.0,2024-05-02
2024050201026179,NICA,16,28,20.0,357.0,7140.0,2024-05-02
2024050201026178,NICA,85,28,200.0,357.0,71400.0,2024-05-02
2024050201026177,NICA,34,28,332.0,357.0,118524.0,2024-05-02
2024050201026176,RHGCL,28,68,624.0,349.8,218275.2,2024-05-02
2024050201026175,RHGCL,28,56,150.0,349.5,52425.0,2024-05-02
2024050201026174,RHGCL,28,25,50.0,349.0,17450.0,2024-05-02
2024050201026173,RHGCL,28,36,40.0,349.0,13960.0,2024-05-02
2024050201026172,RHGCL,28,56,100.0,348.8,34880.0,2024-05-02
2024050201026171,RHGCL,28,33,36.0,348.0,12528.0,2024-05-02
2024050203024986,NFS,39,17,314.0,569.0,178666.0,2024-05-02
2024050203024985,NFS,39,1,25.0,569.0,14225.0,2024-05-02
2024050203024984,NFS,39,17,161.0,568.9,91592.9,2024-05-02
2024050203024983,USLB,62,28,10.0,2014.0,20140.0,2024-05-02
2024050201026170,SHIVM,50,59,500.0,505.1,252550.0,2024-05-02
2024050203024982,SWBBL,50,95,120.0,751.5,90180.0,2024-05-02
2024050203024981,SWBBL,50,95,100.0,755.0,75500.0,2024-05-02
2024050203024980,SWBBL,6,95,15.0,755.0,11325.0,2024-05-02
2024050203024979,SWBBL,14,95,65.0,755.0,49075.0,2024-05-02
2024050203024978,SWBBL,8,95,200.0,756.0,151200.0,2024-05-02
2024050201026169,UHEWA,57,47,10.0,390.0,3900.0,2024-05-02
2024050201026168,SARBTM,57,42,10.0,777.9,7779.0,2024-05-02
2024050203024977,PROFL,55,47,300.0,341.0,102300.0,2024-05-02
2024050201026167,MLBS,37,14,50.0,1213.0,60650.0,2024-05-02
2024050201026166,CLI,40,75,41.0,453.1,18577.1,2024-05-02
2024050201026165,CLI,4,75,100.0,453.1,45310.0,2024-05-02
2024050201026164,CLI,86,75,160.0,453.1,72496.0,2024-05-02
2024050201026163,CLI,49,75,149.0,453.2,67526.8,2024-05-02
2024050201026162,CLI,58,75,50.0,453.3,22665.0,2024-05-02
2024050204008265,UNHPL,58,57,10.0,228.0,2280.0,2024-05-02
2024050205004092,HRL,50,58,10.0,586.0,5860.0,2024-05-02
2024050201026161,MKLB,32,45,10.0,1012.0,10120.0,2024-05-02
2024050204008264,UAIL,64,49,200.0,543.3,108660.0,2024-05-02
2024050203024976,PMLI,46,66,10.0,507.5,5075.0,2024-05-02
2024050201026160,SHLB,19,41,20.0,1240.0,24800.0,2024-05-02
2024050204008263,AKPL,55,48,11.0,168.5,1853.5,2024-05-02
2024050201026159,NRM,35,8,75.0,357.0,26775.0,2024-05-02
2024050201026158,SONA,38,58,25.0,445.1,11127.5,2024-05-02
2024050204008262,API,54,35,40.0,168.9,6756.0,2024-05-02
2024050203024975,RSDC,58,42,49.0,694.0,34006.0,2024-05-02
2024050204008261,RADHI,29,6,10.0,232.9,2329.0,2024-05-02
2024050203024974,SHINE,17,38,100.0,400.0,40000.0,2024-05-02
2024050203024973,CFCL,34,17,20.0,399.0,7980.0,2024-05-02
2024050203024972,JSLBB,34,34,10.0,1230.0,12300.0,2024-05-02
2024050203024971,CBBL,43,16,15.0,833.0,12495.0,2024-05-02
2024050204008260,OHL,41,45,10.0,736.0,7360.0,2024-05-02
2024050201026157,JALPA,38,48,19.0,1285.1,24416.9,2024-05-02
2024050201026156,JALPA,13,48,41.0,1285.1,52689.1,2024-05-02
2024050201026155,UHEWA,35,47,30.0,390.0,11700.0,2024-05-02
2024050204008259,CHL,35,4,10.0,325.0,3250.0,2024-05-02
2024050203024970,GILB,62,11,15.0,1075.0,16125.0,2024-05-02
2024050203024969,GILB,62,38,35.0,1072.0,37520.0,2024-05-02
2024050201026154,ILI,37,57,40.0,570.1,22804.0,2024-05-02
2024050201026153,ILI,45,57,50.0,570.2,28510.0,2024-05-02
2024050203024968,SIFC,36,34,470.0,427.9,201113.0,2024-05-02
2024050203024967,SIFC,36,43,30.0,427.9,12837.0,2024-05-02
2024050204008258,NICL,41,58,100.0,838.1,83810.0,2024-05-02
2024050204008257,NICL,45,58,100.0,838.5,83850.0,2024-05-02
2024050203024966,SINDU,36,49,150.0,380.1,57015.0,2024-05-02
2024050205004091,NRN,94,21,500.0,507.0,253500.0,2024-05-02
2024050201026152,PPL,62,21,10.0,603.7,6037.0,2024-05-02
2024050204008256,SALICO,5,41,10.0,644.0,6440.0,2024-05-02
2024050205004090,CHDC,48,57,100.0,749.0,74900.0,2024-05-02
2024050205004089,NIFRA,14,52,12.0,199.0,2388.0,2024-05-02
2024050201026151,JALPA,10,49,10.0,1297.0,12970.0,2024-05-02
2024050201026150,JALPA,10,35,20.0,1289.0,25780.0,2024-05-02
2024050201026149,UNLB,25,40,10.0,1620.0,16200.0,2024-05-02
2024050203024965,NLIC,21,54,250.0,591.1,147775.0,2024-05-02
2024050201026148,KDL,47,45,165.0,778.2,128403.0,2024-05-02
2024050201026147,KDL,41,45,10.0,779.0,7790.0,2024-05-02
2024050201026146,KDL,58,45,200.0,780.0,156000.0,2024-05-02
2024050201026145,KDL,38,45,20.0,780.0,15600.0,2024-05-02
2024050201026144,KDL,64,45,105.0,780.0,81900.0,2024-05-02
2024050204008255,RHPL,39,32,500.0,267.0,133500.0,2024-05-02
2024050204008254,RHPL,39,16,70.0,267.0,18690.0,2024-05-02
2024050204008253,RHPL,39,1,500.0,266.9,133450.0,2024-05-02
2024050204008252,RHPL,39,1,600.0,266.8,160080.0,2024-05-02
2024050204008251,RHPL,39,41,60.0,266.5,15990.0,2024-05-02
2024050204008250,RHPL,39,51,70.0,266.0,18620.0,2024-05-02
2024050204008249,RHPL,39,58,30.0,266.0,7980.0,2024-05-02
2024050203024964,NICLBSL,46,57,10.0,663.2,6632.0,2024-05-02
2024050201026143,SONA,14,58,30.0,445.1,13353.0,2024-05-02
2024050203024963,NICLBSL,57,57,50.0,663.2,33160.0,2024-05-02
2024050203024962,NICLBSL,35,57,30.0,663.3,19899.0,2024-05-02
2024050204008248,SPDL,17,45,11.0,230.0,2530.0,2024-05-02
2024050203024961,KRBL,58,42,199.0,435.0,86565.0,2024-05-02
2024050203024960,KRBL,58,48,277.0,435.0,120495.0,2024-05-02
2024050203024959,KRBL,58,32,178.0,435.0,77430.0,2024-05-02
2024050203024958,KRBL,58,17,252.0,434.0,109368.0,2024-05-02
2024050203024957,KRBL,58,61,94.0,433.9,40786.6,2024-05-02
2024050204008247,CGH,51,49,60.0,780.1,46806.0,2024-05-02
2024050204008246,CGH,43,49,30.0,780.1,23403.0,2024-05-02
2024050204008245,CGH,45,49,10.0,780.1,7801.0,2024-05-02
2024050201026142,NYADI,40,49,25.0,291.9,7297.5,2024-05-02
2024050201026141,CITY,34,21,10.0,590.0,5900.0,2024-05-02
2024050203024956,PROFL,55,39,100.0,341.0,34100.0,2024-05-02
2024050203024955,PROFL,55,39,200.0,341.0,68200.0,2024-05-02
2024050203024954,CORBL,50,41,20.0,468.0,9360.0,2024-05-02
2024050203024953,CORBL,58,41,50.0,469.0,23450.0,2024-05-02
2024050203024952,CORBL,6,41,10.0,469.0,4690.0,2024-05-02
2024050203024951,CORBL,49,41,20.0,469.0,9380.0,2024-05-02
2024050203024950,CORBL,57,41,10.0,470.0,4700.0,2024-05-02
2024050203024949,CORBL,45,41,10.0,477.0,4770.0,2024-05-02
2024050203024948,GLBSL,74,41,139.0,1942.0,269938.0,2024-05-02
2024050203024947,GLBSL,62,41,41.0,1946.0,79786.0,2024-05-02
2024050203024946,MPFL,22,6,50.0,459.0,22950.0,2024-05-02
2024050203024945,SHINE,88,38,50.0,400.0,20000.0,2024-05-02
2024050203024944,GMFIL,18,25,100.0,381.0,38100.0,2024-05-02
2024050203024943,PFL,41,28,10.0,728.2,7282.0,2024-05-02
2024050201026140,SPC,49,35,400.0,512.0,204800.0,2024-05-02
2024050201026139,SPC,20,35,100.0,513.0,51300.0,2024-05-02
2024050203024942,FOWAD,33,45,100.0,1152.1,115210.0,2024-05-02
2024050201026138,NRM,59,8,250.0,357.0,89250.0,2024-05-02
2024050203024941,FMDBL,58,42,192.0,634.0,121728.0,2024-05-02
2024050203024940,MLBBL,14,55,20.0,1130.0,22600.0,2024-05-02
2024050203024939,MLBBL,14,39,100.0,1125.0,112500.0,2024-05-02
2024050203024938,MLBBL,14,5,37.0,1120.0,41440.0,2024-05-02
2024050203024937,MLBBL,14,49,71.0,1120.0,79520.0,2024-05-02
2024050203024936,MLBBL,14,33,50.0,1120.0,56000.0,2024-05-02
2024050203024935,MLBBL,14,59,20.0,1119.0,22380.0,2024-05-02
2024050203024934,MLBBL,14,34,52.0,1118.0,58136.0,2024-05-02
2024050201026137,SHIVM,22,13,200.0,505.1,101020.0,2024-05-02
2024050201026136,SARBTM,18,13,50.0,776.0,38800.0,2024-05-02
2024050201026135,SARBTM,42,13,40.0,776.0,31040.0,2024-05-02
2024050201026134,SARBTM,57,13,50.0,777.0,38850.0,2024-05-02
2024050204008244,NGPL,57,4,98.0,310.7,30448.6,2024-05-02
2024050201026133,LSL,28,34,100.0,147.2,14720.0,2024-05-02
2024050205004088,HRL,50,65,10.0,586.0,5860.0,2024-05-02
2024050205004087,HRL,85,65,200.0,586.0,117200.0,2024-05-02
2024050205004086,HRL,58,65,24.0,586.0,14064.0,2024-05-02
2024050205004085,HRL,17,65,100.0,586.0,58600.0,2024-05-02
2024050205004084,HRL,21,65,100.0,586.0,58600.0,2024-05-02
2024050205004083,HRL,43,65,30.0,586.0,17580.0,2024-05-02
2024050205004082,HRL,38,65,60.0,586.0,35160.0,2024-05-02
2024050205004081,HRL,55,65,506.0,586.0,296516.0,2024-05-02
2024050201026132,NWCL,75,26,20.0,721.0,14420.0,2024-05-02
2024050201026131,NWCL,10,26,21.0,721.0,15141.0,2024-05-02
2024050201026130,NWCL,45,26,10.0,722.0,7220.0,2024-05-02
2024050201026129,NWCL,43,26,46.0,722.0,33212.0,2024-05-02
2024050203024933,PFL,41,54,40.0,728.2,29128.0,2024-05-02
2024050203024932,ICFC,42,11,49.0,537.5,26337.5,2024-05-02
2024050203024931,GUFL,40,88,50.0,725.0,36250.0,2024-05-02
2024050201026128,CZBIL,39,32,20.0,155.5,3110.0,2024-05-02
2024050201026127,CZBIL,39,26,220.0,155.5,34210.0,2024-05-02
2024050204008243,API,49,35,51.0,168.9,8613.9,2024-05-02
2024050201026126,NICA,34,47,50.0,357.0,17850.0,2024-05-02
2024050201026125,SARBTM,57,49,50.0,777.0,38850.0,2024-05-02
2024050203024930,GBBL,34,13,200.0,370.1,74020.0,2024-05-02
2024050203024929,RSDC,58,37,17.0,694.0,11798.0,2024-05-02
2024050203024928,RSDC,39,37,33.0,698.7,23057.1,2024-05-02
2024050205004080,HRL,55,58,10.0,586.0,5860.0,2024-05-02
2024050205004079,HRL,49,19,25.0,586.1,14652.5,2024-05-02
2024050203024927,SABSL,22,50,20.0,786.4,15728.0,2024-05-02
2024050203024926,BFC,21,47,30.0,381.0,11430.0,2024-05-02
2024050203024925,BFC,21,42,20.0,380.1,7602.0,2024-05-02
2024050203024924,BFC,21,58,50.0,380.1,19005.0,2024-05-02
2024050201026124,IHL,21,34,20.0,377.0,7540.0,2024-05-02
2024050203024923,PFL,41,41,50.0,728.2,36410.0,2024-05-02
2024050204008242,NGPL,8,34,200.0,311.0,62200.0,2024-05-02
2024050201026123,MMKJL,52,42,10.0,417.0,4170.0,2024-05-02
2024050201026122,MANDU,65,10,700.0,811.0,567700.0,2024-05-02
2024050203024922,NFS,60,26,350.0,562.0,196700.0,2024-05-02
2024050203024921,NFS,40,26,500.0,562.1,281050.0,2024-05-02
2024050203024920,NFS,87,26,100.0,562.2,56220.0,2024-05-02
2024050203024919,NFS,3,26,100.0,562.3,56230.0,2024-05-02
2024050203024918,NFS,16,26,50.0,562.4,28120.0,2024-05-02
2024050203024917,NFS,36,26,10.0,562.6,5626.0,2024-05-02
2024050203024916,NFS,71,26,200.0,563.0,112600.0,2024-05-02
2024050203024915,NFS,70,26,90.0,563.0,50670.0,2024-05-02
2024050203024914,NFS,16,26,200.0,563.2,112640.0,2024-05-02
2024050201026121,KBL,58,35,775.0,132.5,102687.5,2024-05-02
2024050201026120,UHEWA,57,53,10.0,384.0,3840.0,2024-05-02
2024050204008241,SJCL,45,45,40.0,267.0,10680.0,2024-05-02
2024050203024913,MNBBL,45,17,30.0,355.0,10650.0,2024-05-02
2024050203024912,SJLIC,57,11,35.0,416.0,14560.0,2024-05-02
2024050203024911,SJLIC,57,6,65.0,416.0,27040.0,2024-05-02
2024050201026119,SPHL,57,74,10.0,468.0,4680.0,2024-05-02
2024050204008240,UPPER,57,46,48.0,164.7,7905.6,2024-05-02
2024050204008239,SSHL,17,25,115.0,167.1,19216.5,2024-05-02
2024050204008238,SSHL,17,45,200.0,167.0,33400.0,2024-05-02
2024050204008237,SSHL,17,46,500.0,166.9,83450.0,2024-05-02
2024050204008236,SSHL,17,52,200.0,166.5,33300.0,2024-05-02
2024050204008235,SSHL,17,50,185.0,166.5,30802.5,2024-05-02
2024050203024910,SMB,57,42,30.0,1490.0,44700.0,2024-05-02
2024050203024909,SHINE,57,38,15.0,400.0,6000.0,2024-05-02
2024050204008234,SGIC,32,72,20.0,533.0,10660.0,2024-05-02
2024050204008233,SGIC,32,6,30.0,532.5,15975.0,2024-05-02
2024050201026118,ILI,58,7,20.0,571.0,11420.0,2024-05-02
2024050204008232,AKPL,55,4,50.0,168.5,8425.0,2024-05-02
2024050201026117,HDL,19,57,10.0,1460.3,14603.0,2024-05-02
2024050201026116,SRLI,55,8,40.0,440.4,17616.0,2024-05-02
2024050203024908,GBBL,34,44,76.0,370.1,28127.6,2024-05-02
2024050203024907,GLBSL,38,51,11.0,1960.0,21560.0,2024-05-02
2024050203024906,KMCDB,38,62,211.0,820.0,173020.0,2024-05-02
2024050203024905,KMCDB,38,29,34.0,816.1,27747.4,2024-05-02
2024050203024904,SHINE,56,38,200.0,400.0,80000.0,2024-05-02
2024050203024903,PFL,41,54,200.0,728.2,145640.0,2024-05-02
2024050203024902,FMDBL,94,54,10.0,635.0,6350.0,2024-05-02
2024050203024901,MNBBL,54,3,50.0,354.5,17725.0,2024-05-02
2024050201026115,SMJC,42,60,160.0,359.3,57488.0,2024-05-02
2024050204008231,RBCL,38,51,10.0,12962.0,129620.0,2024-05-02
2024050203024900,PFL,41,51,50.0,728.2,36410.0,2024-05-02
2024050201026114,KDL,64,59,95.0,780.0,74100.0,2024-05-02
2024050201026113,KDL,48,59,35.0,781.0,27335.0,2024-05-02
2024050203024899,SAPDBL,36,74,100.0,320.5,32050.0,2024-05-02
2024050203024898,SAPDBL,11,74,250.0,321.0,80250.0,2024-05-02
2024050203024897,SAPDBL,62,74,20.0,321.0,6420.0,2024-05-02
2024050203024896,SAPDBL,33,74,200.0,321.0,64200.0,2024-05-02
2024050203024895,SAPDBL,90,74,78.0,321.0,25038.0,2024-05-02
2024050203024894,SAPDBL,70,74,200.0,322.0,64400.0,2024-05-02
2024050203024893,SAPDBL,34,74,100.0,322.0,32200.0,2024-05-02
2024050203024892,SAPDBL,54,74,443.0,322.2,142734.6,2024-05-02
2024050203024891,SAPDBL,45,74,29.0,322.3,9346.7,2024-05-02
2024050203024890,SAPDBL,40,74,100.0,322.3,32230.0,2024-05-02
2024050203024889,SAPDBL,47,74,200.0,323.0,64600.0,2024-05-02
2024050203024888,SAPDBL,57,74,100.0,323.0,32300.0,2024-05-02
2024050203024887,SAPDBL,55,74,160.0,323.0,51680.0,2024-05-02
2024050203024886,SAPDBL,6,74,20.0,324.0,6480.0,2024-05-02
2024050203024885,JBBL,32,74,180.0,294.7,53046.0,2024-05-02
2024050203024884,SIFC,67,43,20.0,427.9,8558.0,2024-05-02
2024050203024883,GMFIL,56,58,10.0,384.0,3840.0,2024-05-02
2024050203024882,GBBL,34,8,19.0,370.1,7031.9,2024-05-02
2024050203024881,SINDU,36,50,200.0,380.1,76020.0,2024-05-02
2024050203024880,GUFL,5,88,13.0,725.0,9425.0,2024-05-02
2024050203024879,PFL,41,8,50.0,728.2,36410.0,2024-05-02
2024050203024878,SJLIC,48,6,35.0,416.0,14560.0,2024-05-02
2024050203024877,KMCDB,6,29,10.0,816.1,8161.0,2024-05-02
2024050204008230,SGIC,10,6,10.0,532.5,5325.0,2024-05-02
2024050203024876,GUFL,36,88,100.0,725.0,72500.0,2024-05-02
2024050203024875,GUFL,7,88,25.0,725.0,18125.0,2024-05-02
2024050203024874,GUFL,34,88,45.0,725.0,32625.0,2024-05-02
2024050201026112,GBIME,1,7,30.0,177.3,5319.0,2024-05-02
2024050201026111,MANDU,65,62,100.0,811.0,81100.0,2024-05-02
2024050203024873,GUFL,34,45,100.0,725.0,72500.0,2024-05-02
2024050201026110,MHCL,8,45,100.0,382.0,38200.0,2024-05-02
2024050203024872,LICN,17,33,20.0,1306.0,26120.0,2024-05-02
2024050203024871,GUFL,33,49,100.0,725.5,72550.0,2024-05-02
2024050203024870,NADEP,17,44,10.0,770.0,7700.0,2024-05-02
2024050203024869,NFS,39,17,239.0,568.9,135967.1,2024-05-02
2024050203024868,NFS,39,19,100.0,568.0,56800.0,2024-05-02
2024050203024867,NFS,39,1,31.0,568.0,17608.0,2024-05-02
2024050203024866,NFS,39,46,130.0,567.9,73827.0,2024-05-02
2024050203024865,SHINE,56,57,100.0,400.0,40000.0,2024-05-02
2024050201026109,PPL,36,26,70.0,604.0,42280.0,2024-05-02
2024050203024864,PFL,41,81,2000.0,728.2,1456400.0,2024-05-02
2024050201026108,EHPL,42,49,10.0,462.0,4620.0,2024-05-02
2024050201026107,MANDU,65,49,66.0,811.0,53526.0,2024-05-02
2024050201026106,ULBSL,60,43,10.0,1428.0,14280.0,2024-05-02
2024050204008229,SHPC,18,4,50.0,327.7,16385.0,2024-05-02
2024050203024863,CFCL,58,17,100.0,399.0,39900.0,2024-05-02
2024050203024862,CFCL,58,32,100.0,399.0,39900.0,2024-05-02
2024050204008228,UAIL,1,58,10.0,545.0,5450.0,2024-05-02
2024050201026105,SONA,22,58,20.0,445.1,8902.0,2024-05-02
2024050201026104,PRVU,4,22,300.0,137.1,41130.0,2024-05-02
2024050201026103,PRVU,43,22,200.0,137.2,27440.0,2024-05-02
2024050201026102,ILI,38,7,20.0,571.0,11420.0,2024-05-02
2024050201026101,NRM,45,8,30.0,357.0,10710.0,2024-05-02
2024050203024861,SMFBS,25,37,10.0,1310.7,13107.0,2024-05-02
2024050203024860,SHINE,35,51,10.0,401.0,4010.0,2024-05-02
2024050203024859,SHINE,35,21,40.0,400.3,16012.0,2024-05-02
2024050203024858,PFL,41,35,20.0,728.2,14564.0,2024-05-02
2024050203024857,PFL,41,7,500.0,728.2,364100.0,2024-05-02
2024050201026100,EBL,11,39,450.0,504.1,226845.0,2024-05-02
2024050201026099,EBL,37,39,100.0,504.7,50470.0,2024-05-02
2024050203024856,RSDC,39,17,30.0,698.7,20961.0,2024-05-02
2024050203024855,RSDC,39,43,50.0,698.0,34900.0,2024-05-02
2024050203024854,RSDC,39,33,50.0,697.0,34850.0,2024-05-02
2024050203024853,RSDC,39,32,37.0,695.0,25715.0,2024-05-02
2024050204008227,GHL,22,74,1137.0,149.0,169413.0,2024-05-02
2024050204008226,GHL,29,74,473.0,149.0,70477.0,2024-05-02
2024050204008225,GHL,58,74,100.0,149.1,14910.0,2024-05-02
2024050204008224,GHL,42,74,650.0,149.1,96915.0,2024-05-02
2024050204008223,GHL,57,74,100.0,149.2,14920.0,2024-05-02
2024050204008222,GHL,44,74,30.0,149.7,4491.0,2024-05-02
2024050204008221,GHL,21,74,10.0,149.7,1497.0,2024-05-02
2024050203024852,NFS,16,32,150.0,563.2,84480.0,2024-05-02
2024050203024851,NFS,69,32,500.0,564.1,282050.0,2024-05-02
2024050203024850,NFS,16,32,50.0,564.1,28205.0,2024-05-02
2024050203024849,NFS,39,32,50.0,566.0,28300.0,2024-05-02
2024050204008220,NHDL,50,22,30.0,422.2,12666.0,2024-05-02
2024050201026098,SMJC,74,6,140.0,359.1,50274.0,2024-05-02
2024050201026097,SMJC,88,6,10.0,359.2,3592.0,2024-05-02
2024050204008219,SHEL,75,26,2872.0,155.0,445160.0,2024-05-02
2024050204008218,SHEL,45,26,100.0,155.0,15500.0,2024-05-02
2024050204008217,SHEL,41,26,30.0,155.0,4650.0,2024-05-02
2024050204008216,SHEL,33,26,500.0,155.0,77500.0,2024-05-02
2024050204008215,SHEL,57,26,50.0,155.0,7750.0,2024-05-02
2024050204008214,SHEL,38,26,10.0,155.0,1550.0,2024-05-02
2024050204008213,SHEL,17,26,1000.0,155.1,155100.0,2024-05-02
2024050204008212,SHEL,59,26,200.0,155.3,31060.0,2024-05-02
2024050204008211,SHEL,42,26,322.0,155.3,50006.6,2024-05-02
2024050204008210,SHEL,21,26,150.0,155.3,23295.0,2024-05-02
2024050204008209,SHEL,28,26,500.0,155.4,77700.0,2024-05-02
2024050204008208,SHEL,58,26,100.0,155.6,15560.0,2024-05-02
2024050204008207,SHEL,45,26,100.0,155.6,15560.0,2024-05-02
2024050204008206,SHEL,49,26,200.0,156.0,31200.0,2024-05-02
2024050204008205,SHEL,55,26,80.0,156.0,12480.0,2024-05-02
2024050204008204,SHEL,5,26,1700.0,156.0,265200.0,2024-05-02
2024050204008203,SHEL,38,26,300.0,156.0,46800.0,2024-05-02
2024050204008202,SHEL,75,26,3000.0,156.0,468000.0,2024-05-02
2024050204008201,SHEL,49,26,500.0,156.0,78000.0,2024-05-02
2024050204008200,SHEL,46,26,100.0,156.0,15600.0,2024-05-02
2024050204008199,SHEL,42,26,50.0,156.0,7800.0,2024-05-02
2024050204008198,SHEL,42,26,100.0,156.0,15600.0,2024-05-02
2024050204008197,SHEL,35,26,10.0,156.0,1560.0,2024-05-02
2024050204008196,SHEL,38,26,10.0,156.0,1560.0,2024-05-02
2024050204008195,SHEL,43,26,500.0,156.0,78000.0,2024-05-02
2024050204008194,SHEL,38,26,100.0,156.0,15600.0,2024-05-02
2024050204008193,SHEL,7,26,100.0,156.0,15600.0,2024-05-02
2024050204008192,SHEL,54,26,200.0,156.1,31220.0,2024-05-02
2024050204008191,SHEL,56,26,400.0,156.1,62440.0,2024-05-02
2024050204008190,SHEL,75,26,2000.0,156.3,312600.0,2024-05-02
2024050204008189,SHEL,41,26,60.0,156.5,9390.0,2024-05-02
2024050204008188,SHEL,42,26,415.0,156.6,64989.0,2024-05-02
2024050204008187,SHEL,36,26,30.0,156.8,4704.0,2024-05-02
2024050204008186,SHEL,49,26,670.0,156.8,105056.0,2024-05-02
2024050204008185,SHEL,7,26,50.0,156.8,7840.0,2024-05-02
2024050204008184,SHEL,54,26,215.0,156.8,33712.0,2024-05-02
2024050204008183,SHEL,39,26,100.0,156.8,15680.0,2024-05-02
2024050204008182,SHEL,16,26,500.0,156.8,78400.0,2024-05-02
2024050204008181,SHEL,19,26,100.0,156.9,15690.0,2024-05-02
2024050204008180,SHEL,16,26,1100.0,156.9,172590.0,2024-05-02
2024050204008179,SHEL,57,26,2000.0,157.0,314000.0,2024-05-02
2024050204008178,SHEL,38,26,200.0,157.0,31400.0,2024-05-02
2024050204008177,SHEL,55,26,125.0,157.0,19625.0,2024-05-02
2024050204008176,SHEL,39,26,500.0,157.0,78500.0,2024-05-02
2024050204008175,SHEL,26,26,200.0,157.0,31400.0,2024-05-02
2024050204008174,SHEL,14,26,20.0,157.0,3140.0,2024-05-02
2024050204008173,SHEL,34,26,200.0,157.0,31400.0,2024-05-02
2024050204008172,SHEL,62,26,100.0,157.0,15700.0,2024-05-02
2024050204008171,SHEL,51,26,500.0,157.0,78500.0,2024-05-02
2024050204008170,SHEL,77,26,130.0,157.0,20410.0,2024-05-02
2024050204008169,SHEL,57,26,25.0,157.0,3925.0,2024-05-02
2024050204008168,SHEL,72,26,100.0,157.0,15700.0,2024-05-02
2024050204008167,SHEL,58,26,126.0,157.0,19782.0,2024-05-02
2024050204008166,SHEL,45,26,100.0,157.1,15710.0,2024-05-02
2024050204008165,SHEL,42,26,100.0,157.2,15720.0,2024-05-02
2024050204008164,SHEL,38,26,50.0,157.2,7860.0,2024-05-02
2024050204008163,SHEL,17,26,45.0,157.3,7078.5,2024-05-02
2024050204008162,SHEL,58,26,45.0,157.3,7078.5,2024-05-02
2024050204008161,SHEL,39,26,500.0,157.5,78750.0,2024-05-02
2024050204008160,SHEL,32,26,200.0,157.5,31500.0,2024-05-02
2024050204008159,SHEL,49,26,60.0,157.5,9450.0,2024-05-02
2024050204008158,SHEL,49,26,310.0,157.5,48825.0,2024-05-02
2024050204008157,SHEL,26,26,20.0,157.7,3154.0,2024-05-02
2024050204008156,SHEL,57,26,500.0,158.0,79000.0,2024-05-02
2024050204008155,SHEL,35,26,20.0,158.0,3160.0,2024-05-02
2024050204008154,SHEL,53,26,50.0,158.0,7900.0,2024-05-02
2024050204008153,SHEL,51,26,100.0,158.0,15800.0,2024-05-02
2024050204008152,SHEL,11,26,150.0,158.0,23700.0,2024-05-02
2024050201026096,HDL,57,48,50.0,1460.0,73000.0,2024-05-02
2024050203024848,ICFC,88,36,100.0,538.0,53800.0,2024-05-02
2024050201026095,IHL,72,58,10.0,376.0,3760.0,2024-05-02
2024050201026094,IHL,72,42,90.0,374.9,33741.0,2024-05-02
2024050201026093,HATHY,36,45,100.0,857.1,85710.0,2024-05-02
2024050203024847,PFL,41,51,100.0,728.2,72820.0,2024-05-02
2024050203024846,NMBMF,42,35,82.0,637.0,52234.0,2024-05-02
2024050205004078,HRL,55,74,220.0,586.0,128920.0,2024-05-02
2024050205004077,HRL,35,74,60.0,586.1,35166.0,2024-05-02
2024050205004076,HRL,53,74,20.0,586.1,11722.0,2024-05-02
2024050201026092,CKHL,58,32,92.0,496.1,45641.2,2024-05-02
2024050201026091,CKHL,58,32,100.0,496.2,49620.0,2024-05-02
2024050201026090,CKHL,44,32,50.0,496.3,24815.0,2024-05-02
2024050201026089,CKHL,32,32,100.0,497.0,49700.0,2024-05-02
2024050201026088,CKHL,55,32,20.0,497.0,9940.0,2024-05-02
2024050201026087,CKHL,22,32,78.0,497.0,38766.0,2024-05-02
2024050201026086,CKHL,58,32,60.0,497.1,29826.0,2024-05-02
2024050201026085,PCBL,57,43,89.0,192.9,17168.1,2024-05-02
2024050201026084,CYCL,66,57,10.0,1536.9,15369.0,2024-05-02
2024050205004075,HRL,4,35,30.0,586.2,17586.0,2024-05-02
2024050203024845,SFCL,21,29,323.0,349.9,113017.7,2024-05-02
2024050203024844,SFCL,21,22,30.0,349.6,10488.0,2024-05-02
2024050203024843,SFCL,21,17,200.0,348.0,69600.0,2024-05-02
2024050203024842,SFCL,21,60,447.0,347.9,155511.3,2024-05-02
2024050205004074,CIT,21,42,10.0,2102.3,21023.0,2024-05-02
2024050203024841,PFL,41,41,50.0,728.2,36410.0,2024-05-02
2024050201026083,NRM,1,8,100.0,357.0,35700.0,2024-05-02
2024050201026082,NRM,50,8,445.0,357.0,158865.0,2024-05-02
2024050201026081,KBL,93,29,10.0,132.9,1329.0,2024-05-02
2024050203024840,PFL,41,54,71.0,728.2,51702.2,2024-05-02
2024050201026080,TVCL,28,7,201.0,474.0,95274.0,2024-05-02
2024050201026079,TVCL,37,7,70.0,474.1,33187.0,2024-05-02
2024050201026078,TVCL,34,7,19.0,474.4,9013.6,2024-05-02
2024050201026077,TVCL,39,7,80.0,474.5,37960.0,2024-05-02
2024050203024839,MSLB,7,49,24.0,1185.0,28440.0,2024-05-02
2024050203024838,MSLB,7,94,40.0,1180.0,47200.0,2024-05-02
2024050203024837,JFL,39,32,236.0,545.0,128620.0,2024-05-02
2024050203024836,JFL,39,58,214.0,544.2,116458.8,2024-05-02
2024050203024835,JFL,39,55,100.0,543.0,54300.0,2024-05-02
2024050203024834,JFL,39,19,200.0,542.8,108560.0,2024-05-02
2024050203024833,CFCL,52,57,75.0,398.0,29850.0,2024-05-02
2024050203024832,CFCL,16,57,725.0,398.0,288550.0,2024-05-02
2024050203024831,CFCL,33,57,100.0,398.1,39810.0,2024-05-02
2024050205004073,HRL,35,57,21.0,586.1,12308.1,2024-05-02
2024050201026076,MBJC,66,81,10.0,297.0,2970.0,2024-05-02
2024050204008151,LEC,17,4,50.0,182.2,9110.0,2024-05-02
2024050201026075,SMHL,14,56,100.0,431.1,43110.0,2024-05-02
2024050203024830,GUFL,34,56,100.0,725.0,72500.0,2024-05-02
2024050201026074,CKHL,58,67,20.0,499.0,9980.0,2024-05-02
2024050201026073,EBL,34,28,1.0,505.0,505.0,2024-05-02
2024050201026072,EBL,58,28,50.0,505.0,25250.0,2024-05-02
2024050205004072,HRL,35,58,20.0,586.1,11722.0,2024-05-02
2024050201026071,MKCL,4,58,10.0,856.0,8560.0,2024-05-02
2024050201026070,NICA,34,34,300.0,357.0,107100.0,2024-05-02
2024050201026069,PRVU,26,41,1010.0,137.5,138875.0,2024-05-02
2024050201026068,PRVU,26,44,390.0,137.5,53625.0,2024-05-02
2024050201026067,CYCL,44,38,14.0,1529.0,21406.0,2024-05-02
2024050201026066,PPL,62,35,50.0,604.0,30200.0,2024-05-02
2024050203024829,PMLI,21,72,10.0,507.0,5070.0,2024-05-02
2024050203024828,PFL,41,62,100.0,728.2,72820.0,2024-05-02
2024050201026065,SMH,36,41,10.0,660.1,6601.0,2024-05-02
2024050203024827,PFL,41,21,50.0,728.0,36400.0,2024-05-02
2024050203024826,PFL,41,39,10.0,728.0,7280.0,2024-05-02
2024050203024825,PFL,41,43,2000.0,728.0,1456000.0,2024-05-02
2024050203024824,PFL,41,45,1000.0,728.0,728000.0,2024-05-02
2024050203024823,PFL,41,14,10.0,728.0,7280.0,2024-05-02
2024050203024822,PFL,41,16,30.0,726.0,21780.0,2024-05-02
2024050203024821,PFL,41,65,10.0,726.0,7260.0,2024-05-02
2024050203024820,PFL,41,57,224.0,725.0,162400.0,2024-05-02
2024050203024819,PFL,41,46,349.0,725.0,253025.0,2024-05-02
2024050203024818,PFL,41,55,50.0,725.0,36250.0,2024-05-02
2024050203024817,PFL,41,16,20.0,725.0,14500.0,2024-05-02
2024050203024816,PFL,41,42,50.0,725.0,36250.0,2024-05-02
2024050203024815,PFL,41,22,216.0,725.0,156600.0,2024-05-02
2024050203024814,PFL,41,34,260.0,724.0,188240.0,2024-05-02
2024050203024813,PFL,41,42,30.0,724.0,21720.0,2024-05-02
2024050203024812,PFL,41,36,100.0,723.0,72300.0,2024-05-02
2024050203024811,PFL,41,41,169.0,723.0,122187.0,2024-05-02
2024050203024810,PFL,41,41,100.0,723.0,72300.0,2024-05-02
2024050203024809,PFL,41,13,10.0,722.0,7220.0,2024-05-02
2024050203024808,PFL,41,14,126.0,722.0,90972.0,2024-05-02
2024050203024807,PFL,41,51,50.0,715.0,35750.0,2024-05-02
2024050203024806,PFL,41,49,200.0,715.0,143000.0,2024-05-02
2024050203024805,PFL,41,57,100.0,715.0,71500.0,2024-05-02
2024050203024804,PFL,41,57,70.0,714.9,50043.0,2024-05-02
2024050203024803,PFL,41,91,33.0,714.9,23591.7,2024-05-02
2024050203024802,PFL,41,6,100.0,714.9,71490.0,2024-05-02
2024050203024801,PFL,41,54,100.0,714.8,71480.0,2024-05-02
2024050203024800,PFL,41,16,20.0,714.8,14296.0,2024-05-02
2024050203024799,PFL,41,32,50.0,714.7,35735.0,2024-05-02
2024050203024798,PFL,41,52,660.0,714.5,471570.0,2024-05-02
2024050203024797,PFL,41,11,30.0,714.5,21435.0,2024-05-02
2024050201026064,GBIME,42,7,10.0,177.3,1773.0,2024-05-02
2024050201026063,MANDU,65,45,10.0,811.0,8110.0,2024-05-02
2024050201026062,SONA,51,58,10.0,445.1,4451.0,2024-05-02
2024050203024796,HLI,35,25,20.0,393.5,7870.0,2024-05-02
2024050204008150,NHPC,16,51,102.0,146.1,14902.2,2024-05-02
2024050201026061,PRVU,42,44,20.0,137.5,2750.0,2024-05-02
2024050201026060,KBL,58,42,700.0,132.5,92750.0,2024-05-02
2024050201026059,SAHAS,36,39,150.0,502.0,75300.0,2024-05-02
2024050203024795,HLBSL,57,26,24.0,784.8,18835.2,2024-05-02
2024050203024794,HLBSL,57,33,21.0,784.0,16464.0,2024-05-02
2024050201026058,NIMB,77,50,650.0,152.0,98800.0,2024-05-02
2024050201026057,ILI,37,21,10.0,570.1,5701.0,2024-05-02
2024050201026056,HDL,5,57,35.0,1460.3,51110.5,2024-05-02
2024050201026055,CYCL,77,58,10.0,1530.0,15300.0,2024-05-02
2024050201026054,CYCL,77,62,60.0,1529.0,91740.0,2024-05-02
2024050201026053,CYCL,77,52,30.0,1528.0,45840.0,2024-05-02
2024050204008149,MHNL,47,48,628.0,231.1,145130.8,2024-05-02
2024050203024793,LBBL,16,11,23.0,380.6,8753.8,2024-05-02
2024050203024792,JBBL,34,45,150.0,294.6,44190.0,2024-05-02
2024050204008148,RURU,47,45,144.0,514.1,74030.4,2024-05-02
2024050201026052,MKCL,42,37,10.0,864.0,8640.0,2024-05-02
2024050201026051,VLUCL,45,47,100.0,468.0,46800.0,2024-05-02
2024050204008147,NGPL,59,59,200.0,311.0,62200.0,2024-05-02
2024050204008146,HDHPC,58,57,100.0,132.1,13210.0,2024-05-02
2024050203024791,GUFL,34,32,475.0,725.0,344375.0,2024-05-02
2024050203024790,PMLI,21,49,297.0,507.0,150579.0,2024-05-02
2024050203024789,NFS,71,46,20.0,567.9,11358.0,2024-05-02
2024050203024788,NFS,71,72,80.0,567.0,45360.0,2024-05-02
2024050203024787,GUFL,58,49,50.0,725.5,36275.0,2024-05-02
2024050203024786,ALBSL,64,58,12.0,819.0,9828.0,2024-05-02
2024050201026050,DORDI,49,34,576.0,412.0,237312.0,2024-05-02
2024050201026049,DORDI,81,34,10.0,414.0,4140.0,2024-05-02
2024050203024785,MLBL,34,29,10.0,333.9,3339.0,2024-05-02
2024050203024784,MLBL,34,38,25.0,331.0,8275.0,2024-05-02
2024050203024783,SADBL,84,44,200.0,315.0,63000.0,2024-05-02
2024050203024782,SADBL,84,19,50.0,314.9,15745.0,2024-05-02
2024050201026048,SAHAS,36,48,74.0,502.0,37148.0,2024-05-02
2024050201026047,SAHAS,43,48,26.0,503.0,13078.0,2024-05-02
2024050201026046,LSL,38,33,100.0,148.0,14800.0,2024-05-02
2024050201026045,PRVU,4,35,2000.0,137.1,274200.0,2024-05-02
2024050201026044,SHIVM,17,5,204.0,505.0,103020.0,2024-05-02
2024050201026043,SHIVM,21,5,10.0,506.0,5060.0,2024-05-02
2024050201026042,BNT,77,19,10.0,13617.0,136170.0,2024-05-02
2024050203024781,FOWAD,34,58,10.0,1161.9,11619.0,2024-05-02
2024050203024780,PROFL,38,48,100.0,340.3,34030.0,2024-05-02
2024050203024779,PROFL,3,48,17.0,340.3,5785.1,2024-05-02
2024050203024778,PROFL,35,48,74.0,340.5,25197.0,2024-05-02
2024050204008145,CHCL,4,38,165.0,435.0,71775.0,2024-05-02
2024050204008144,CHCL,28,38,35.0,435.0,15225.0,2024-05-02
2024050201026041,MKHL,41,56,10.0,422.0,4220.0,2024-05-02
2024050203024777,NMBMF,42,41,68.0,637.0,43316.0,2024-05-02
2024050201026040,SONA,43,45,440.0,445.0,195800.0,2024-05-02
2024050201026039,HATHY,14,6,13.0,859.8,11177.4,2024-05-02
2024050205004071,HRL,35,57,20.0,586.1,11722.0,2024-05-02
2024050201026038,TVCL,32,34,10.0,474.6,4746.0,2024-05-02
2024050203024776,CFCL,16,49,100.0,398.0,39800.0,2024-05-02
2024050203024775,ICFC,5,36,10.0,538.0,5380.0,2024-05-02
2024050205004070,HRL,35,19,30.0,586.1,17583.0,2024-05-02
2024050201026037,HATHY,36,58,20.0,857.1,17142.0,2024-05-02
2024050201026036,MANDU,65,58,800.0,811.0,648800.0,2024-05-02
2024050204008143,SHPC,6,4,20.0,327.7,6554.0,2024-05-02
2024050201026035,SHIVM,34,60,20.0,507.0,10140.0,2024-05-02
2024050205004069,HRL,35,34,120.0,586.1,70332.0,2024-05-02
2024050201026034,TVCL,17,34,210.0,474.6,99666.0,2024-05-02
2024050204008142,GHL,28,26,50.0,150.0,7500.0,2024-05-02
2024050201026033,SNLI,62,34,55.0,593.9,32664.5,2024-05-02
2024050201026032,SNLI,62,34,50.0,593.9,29695.0,2024-05-02
2024050201026031,SNLI,62,47,100.0,593.8,59380.0,2024-05-02
2024050201026030,SNLI,62,57,85.0,593.7,50464.5,2024-05-02
2024050201026029,SNLI,62,45,10.0,593.0,5930.0,2024-05-02
2024050203024774,FMDBL,1,54,302.0,635.0,191770.0,2024-05-02
2024050204008141,RADHI,29,6,10.0,232.9,2329.0,2024-05-02
2024050201026028,ULHC,45,56,100.0,328.0,32800.0,2024-05-02
2024050201026027,TSHL,22,42,50.0,488.0,24400.0,2024-05-02
2024050201026026,TSHL,4,42,50.0,488.1,24405.0,2024-05-02
2024050201026025,TSHL,67,42,200.0,488.4,97680.0,2024-05-02
2024050201026024,HIDCLP,14,17,751.0,98.9,74273.9,2024-05-02
2024050201026023,PCBL,59,45,99.0,193.0,19107.0,2024-05-02
2024050204008140,SHPC,64,4,2000.0,327.7,655400.0,2024-05-02
2024050204008139,SHPC,16,4,500.0,327.8,163900.0,2024-05-02
2024050204008138,SHPC,28,4,269.0,327.8,88178.2,2024-05-02
2024050203024773,EDBL,10,4,40.0,379.1,15164.0,2024-05-02
2024050203024772,EDBL,44,4,500.0,379.1,189550.0,2024-05-02
2024050203024771,EDBL,13,4,100.0,379.2,37920.0,2024-05-02
2024050203024770,EDBL,57,4,460.0,380.0,174800.0,2024-05-02
2024050203024769,ICFC,16,36,30.0,538.0,16140.0,2024-05-02
2024050201026022,USHEC,58,1,10.0,367.0,3670.0,2024-05-02
2024050204008137,OHL,17,58,20.0,730.0,14600.0,2024-05-02
2024050205004068,NRIC,6,44,100.0,705.0,70500.0,2024-05-02
2024050203024768,SWBBL,59,26,100.0,756.6,75660.0,2024-05-02
2024050203024767,SINDU,13,38,42.0,380.3,15972.6,2024-05-02
2024050203024766,SINDU,36,38,370.0,380.5,140785.0,2024-05-02
2024050203024765,SINDU,59,38,200.0,380.9,76180.0,2024-05-02
2024050203024764,SINDU,34,38,100.0,382.0,38200.0,2024-05-02
2024050203024763,SINDU,22,38,130.0,382.0,49660.0,2024-05-02
2024050203024762,SINDU,20,38,58.0,382.1,22161.8,2024-05-02
2024050201026021,CLI,57,38,20.0,454.2,9084.0,2024-05-02
2024050201026020,VLUCL,45,95,75.0,468.0,35100.0,2024-05-02
2024050201026019,VLUCL,48,95,365.0,468.0,170820.0,2024-05-02
2024050201026018,VLUCL,54,95,200.0,468.1,93620.0,2024-05-02
2024050201026017,VLUCL,58,95,20.0,468.2,9364.0,2024-05-02
2024050201026016,VLUCL,54,95,10.0,468.2,4682.0,2024-05-02
2024050203024761,PROFL,11,34,307.0,342.0,104994.0,2024-05-02
2024050203024760,PROFL,11,39,23.0,342.0,7866.0,2024-05-02
2024050203024759,PROFL,11,10,120.0,341.9,41028.0,2024-05-02
2024050203024758,PROFL,11,7,10.0,341.9,3419.0,2024-05-02
2024050203024757,PROFL,11,58,40.0,340.7,13628.0,2024-05-02
2024050203024756,PFL,41,45,20.0,714.0,14280.0,2024-05-02
2024050201026015,SONA,44,13,300.0,445.0,133500.0,2024-05-02
2024050201026014,SONA,25,13,218.0,445.0,97010.0,2024-05-02
2024050201026013,KDL,39,14,10.0,784.0,7840.0,2024-05-02
2024050201026012,CYCL,57,62,100.0,1529.0,152900.0,2024-05-02
2024050203024755,GMFBS,16,33,10.0,1180.0,11800.0,2024-05-02
2024050204008136,CHL,19,78,82.0,323.0,26486.0,2024-05-02
2024050204008135,CHL,32,78,200.0,323.0,64600.0,2024-05-02
2024050204008134,CHL,39,78,300.0,323.0,96900.0,2024-05-02
2024050204008133,CHL,32,78,100.0,323.0,32300.0,2024-05-02
2024050204008132,CHL,13,78,100.0,323.1,32310.0,2024-05-02
2024050204008131,CHL,32,78,100.0,323.2,32320.0,2024-05-02
2024050204008130,CHL,19,78,138.0,324.0,44712.0,2024-05-02
2024050201026011,SMJC,88,46,490.0,359.2,176008.0,2024-05-02
2024050203024754,SIFC,36,18,30.0,425.0,12750.0,2024-05-02
2024050205004067,HRL,35,21,110.0,586.1,64471.0,2024-05-02
2024050203024753,SABSL,22,61,200.0,786.4,157280.0,2024-05-02
2024050203024752,SABSL,36,61,100.0,786.5,78650.0,2024-05-02
2024050201026010,SONA,38,58,10.0,445.1,4451.0,2024-05-02
2024050201026009,SONA,10,58,52.0,445.1,23145.2,2024-05-02
2024050201026008,SNLI,34,6,40.0,592.2,23688.0,2024-05-02
2024050201026007,SNLI,25,6,100.0,592.3,59230.0,2024-05-02
2024050201026006,SNLI,36,6,50.0,592.3,29615.0,2024-05-02
2024050201026005,SNLI,21,6,10.0,592.4,5924.0,2024-05-02
2024050201026004,SNLI,52,6,300.0,592.5,177750.0,2024-05-02
2024050203024751,FMDBL,1,52,200.0,635.0,127000.0,2024-05-02
2024050203024750,PROFL,1,58,160.0,340.7,54512.0,2024-05-02
2024050203024749,PROFL,22,58,800.0,341.0,272800.0,2024-05-02
2024050203024748,GUFL,34,58,280.0,725.0,203000.0,2024-05-02
2024050203024747,GUFL,25,58,200.0,725.0,145000.0,2024-05-02
2024050203024746,GUFL,58,58,20.0,725.0,14500.0,2024-05-02
2024050201026003,IHL,89,42,190.0,374.9,71231.0,2024-05-02
2024050201026002,IHL,89,65,10.0,374.0,3740.0,2024-05-02
2024050203024745,SHINE,16,34,250.0,400.0,100000.0,2024-05-02
2024050201026001,SRLI,59,38,10.0,440.0,4400.0,2024-05-02
2024050201026000,TVCL,17,38,10.0,474.6,4746.0,2024-05-02
2024050201025999,SHIVM,17,3,100.0,505.0,50500.0,2024-05-02
2024050201025998,ADBL,65,54,100.0,241.0,24100.0,2024-05-02
2024050203024744,GBBL,25,41,300.0,370.0,111000.0,2024-05-02
2024050203024743,GBBL,41,41,100.0,370.1,37010.0,2024-05-02
2024050203024742,LBBL,42,49,50.0,380.8,19040.0,2024-05-02
2024050204008129,TRH,49,14,20.0,712.7,14254.0,2024-05-02
2024050204008128,TRH,45,14,20.0,712.9,14258.0,2024-05-02
2024050204008127,TRH,17,14,20.0,713.0,14260.0,2024-05-02
2024050204008126,TRH,29,14,10.0,713.0,7130.0,2024-05-02
2024050204008125,TRH,46,14,10.0,713.0,7130.0,2024-05-02
2024050204008124,BARUN,3,13,10.0,232.0,2320.0,2024-05-02
2024050203024741,GUFL,17,49,20.0,725.5,14510.0,2024-05-02
2024050203024740,ACLBSL,3,66,100.0,826.0,82600.0,2024-05-02
2024050203024739,SMFBS,25,7,10.0,1310.0,13100.0,2024-05-02
2024050203024738,SHINE,16,42,250.0,400.0,100000.0,2024-05-02
2024050204008123,SHL,48,49,100.0,436.0,43600.0,2024-05-02
2024050201025997,SNLI,19,56,10.0,593.0,5930.0,2024-05-02
2024050204008122,CHL,19,47,200.0,324.0,64800.0,2024-05-02
2024050201025996,HHL,54,6,390.0,352.8,137592.0,2024-05-02
2024050201025995,HHL,3,6,245.0,353.0,86485.0,2024-05-02
2024050201025994,HHL,22,6,100.0,354.8,35480.0,2024-05-02
2024050201025993,HHL,6,6,250.0,355.0,88750.0,2024-05-02
2024050201025992,HHL,19,6,20.0,355.0,7100.0,2024-05-02
2024050201025991,HHL,58,6,15.0,355.2,5328.0,2024-05-02
2024050201025990,MEHL,42,58,1000.0,313.0,313000.0,2024-05-02
2024050204008121,NHPC,16,38,1000.0,146.1,146100.0,2024-05-02
2024050203024737,SFCL,33,60,100.0,347.9,34790.0,2024-05-02
2024050205004066,NRIC,6,45,20.0,705.0,14100.0,2024-05-02
2024050201025989,SNLI,52,42,200.0,592.5,118500.0,2024-05-02
2024050204008120,HDHPC,58,39,563.0,132.1,74372.3,2024-05-02
2024050204008119,HDHPC,58,39,437.0,132.1,57727.7,2024-05-02
2024050203024736,SFCL,32,60,53.0,347.9,18438.7,2024-05-02
2024050204008118,CHL,32,57,100.0,323.2,32320.0,2024-05-02
2024050201025988,SARBTM,57,39,10.0,778.0,7780.0,2024-05-02
2024050203024735,USLB,62,67,300.0,2011.0,603300.0,2024-05-02
2024050203024734,USLB,62,67,50.0,2011.0,100550.0,2024-05-02
2024050205004065,NTC,58,43,30.0,819.0,24570.0,2024-05-02
2024050205004064,NTC,7,43,110.0,819.0,90090.0,2024-05-02
2024050205004063,NTC,42,43,50.0,819.0,40950.0,2024-05-02
2024050205004062,NTC,55,43,10.0,819.0,8190.0,2024-05-02
2024050205004061,NTC,45,43,50.0,819.1,40955.0,2024-05-02
2024050205004060,NTC,1,43,20.0,819.2,16384.0,2024-05-02
2024050205004059,NTC,57,43,20.0,819.3,16386.0,2024-05-02
2024050205004058,NTC,25,43,10.0,819.4,8194.0,2024-05-02
2024050205004057,NTC,14,43,100.0,820.0,82000.0,2024-05-02
2024050205004056,NTC,48,43,50.0,820.0,41000.0,2024-05-02
2024050205004055,NTC,83,43,30.0,821.0,24630.0,2024-05-02
2024050204008117,BARUN,3,25,33.0,232.0,7656.0,2024-05-02
2024050204008116,BARUN,11,25,67.0,232.0,15544.0,2024-05-02
2024050203024733,KSBBL,46,47,92.0,378.0,34776.0,2024-05-02
2024050203024732,SJLIC,22,6,50.0,416.0,20800.0,2024-05-02
2024050203024731,NFS,8,72,10.0,567.0,5670.0,2024-05-02
2024050203024730,MERO,58,34,11.0,697.0,7667.0,2024-05-02
2024050203024729,RLFL,38,70,190.0,374.0,71060.0,2024-05-02
2024050203024728,PROFL,22,38,100.0,341.0,34100.0,2024-05-02
2024050201025987,NICA,33,48,100.0,357.2,35720.0,2024-05-02
2024050201025986,NABIL,40,39,100.0,429.5,42950.0,2024-05-02
2024050203024727,SFCL,32,60,150.0,347.9,52185.0,2024-05-02
2024050201025985,PPL,43,35,100.0,604.0,60400.0,2024-05-02
2024050201025984,SAHAS,43,43,10.0,503.0,5030.0,2024-05-02
2024050201025983,SNLI,35,56,10.0,593.0,5930.0,2024-05-02
2024050201025982,BHPL,35,53,100.0,508.0,50800.0,2024-05-02
2024050201025981,BHPL,35,81,20.0,508.0,10160.0,2024-05-02
2024050201025980,BHPL,35,6,100.0,507.9,50790.0,2024-05-02
2024050201025979,BHPL,35,8,40.0,505.0,20200.0,2024-05-02
2024050201025978,BHPL,35,32,50.0,504.0,25200.0,2024-05-02
2024050201025977,BHPL,35,49,90.0,504.0,45360.0,2024-05-02
2024050201025976,ULHC,26,56,400.0,328.0,131200.0,2024-05-02
2024050201025975,ULHC,26,4,100.0,327.9,32790.0,2024-05-02
2024050201025974,MKHC,84,48,50.0,320.1,16005.0,2024-05-02
2024050201025973,MKHC,84,48,100.0,320.1,32010.0,2024-05-02
2024050201025972,MKHC,84,48,100.0,320.1,32010.0,2024-05-02
2024050201025971,MKHC,57,48,200.0,320.1,64020.0,2024-05-02
2024050201025970,MKHC,52,48,50.0,320.5,16025.0,2024-05-02
2024050201025969,MKLB,34,38,25.0,998.0,24950.0,2024-05-02
2024050201025968,HATHY,55,34,40.0,856.4,34256.0,2024-05-02
2024050201025967,HATHY,39,34,100.0,856.4,85640.0,2024-05-02
2024050201025966,HATHY,42,34,60.0,857.0,51420.0,2024-05-02
2024050203024726,NFS,72,72,10.0,567.0,5670.0,2024-05-02
2024050201025965,CLI,57,38,10.0,454.2,4542.0,2024-05-02
2024050203024725,FMDBL,1,54,25.0,635.0,15875.0,2024-05-02
2024050203024724,FMDBL,19,54,75.0,635.0,47625.0,2024-05-02
2024050204008115,UPCL,53,53,35.0,197.0,6895.0,2024-05-02
2024050204008114,UPCL,53,48,165.0,197.0,32505.0,2024-05-02
2024050204008113,JOSHI,61,41,20.0,331.2,6624.0,2024-05-02
2024050201025964,EHPL,42,35,10.0,463.0,4630.0,2024-05-02
2024050204008112,UMRH,21,57,37.0,338.0,12506.0,2024-05-02
2024050201025963,EBL,32,28,140.0,505.0,70700.0,2024-05-02
2024050201025962,MCHL,48,4,220.0,373.5,82170.0,2024-05-02
2024050201025961,MCHL,17,4,30.0,373.6,11208.0,2024-05-02
2024050204008111,MEN,16,34,10.0,515.5,5155.0,2024-05-02
2024050204008110,HPPL,29,21,190.0,258.0,49020.0,2024-05-02
2024050203024723,BFC,50,22,46.0,380.1,17484.6,2024-05-02
2024050203024722,SFCL,75,48,150.0,347.5,52125.0,2024-05-02
2024050203024721,KRBL,58,61,50.0,433.9,21695.0,2024-05-02
2024050203024720,PFL,41,54,300.0,714.0,214200.0,2024-05-02
2024050203024719,NICLBSL,35,41,40.0,663.3,26532.0,2024-05-02
2024050203024718,NICLBSL,34,41,10.0,664.0,6640.0,2024-05-02
2024050203024717,NICLBSL,50,41,40.0,665.0,26600.0,2024-05-02
2024050201025960,RHGCL,29,36,10.0,349.0,3490.0,2024-05-02
2024050203024716,KMCDB,45,45,100.0,816.0,81600.0,2024-05-02
2024050201025959,SHIVM,17,45,1000.0,505.0,505000.0,2024-05-02
2024050201025958,PHCL,6,14,10.0,295.0,2950.0,2024-05-02
2024050201025957,ILI,42,7,40.0,571.0,22840.0,2024-05-02
2024050201025956,ILI,42,13,10.0,571.0,5710.0,2024-05-02
2024050203024715,FOWAD,33,42,248.0,1152.1,285720.8,2024-05-02
2024050203024714,FOWAD,58,42,24.0,1154.0,27696.0,2024-05-02
2024050203024713,FOWAD,22,42,40.0,1156.0,46240.0,2024-05-02
2024050203024712,FOWAD,55,42,59.0,1156.0,68204.0,2024-05-02
2024050203024711,FOWAD,59,42,129.0,1156.1,149136.9,2024-05-02
2024050203024710,SHINE,42,42,100.0,400.0,40000.0,2024-05-02
2024050201025955,SARBTM,22,42,126.0,777.0,97902.0,2024-05-02
2024050201025954,SARBTM,57,42,70.0,777.0,54390.0,2024-05-02
2024050201025953,SARBTM,38,42,100.0,777.2,77720.0,2024-05-02
2024050203024709,SIFC,67,43,20.0,427.9,8558.0,2024-05-02
2024050205004054,NRIC,6,25,44.0,705.0,31020.0,2024-05-02
2024050201025952,JALPA,13,50,10.0,1285.1,12851.0,2024-05-02
2024050203024708,FMDBL,19,49,25.0,635.0,15875.0,2024-05-02
2024050203024707,FMDBL,56,49,10.0,635.0,6350.0,2024-05-02
2024050203024706,FMDBL,14,49,65.0,635.0,41275.0,2024-05-02
2024050201025951,SONA,22,50,10.0,445.2,4452.0,2024-05-02
2024050204008109,JOSHI,13,44,170.0,331.1,56287.0,2024-05-02
2024050204008108,JOSHI,35,44,30.0,331.1,9933.0,2024-05-02
2024050203024705,GBBL,41,52,400.0,370.1,148040.0,2024-05-02
2024050204008107,UMHL,40,6,65.0,241.8,15717.0,2024-05-02
2024050203024704,ALICL,29,1,100.0,555.7,55570.0,2024-05-02
2024050205004053,CIT,22,48,100.0,2102.2,210220.0,2024-05-02
2024050201025950,EHPL,34,48,18.0,458.2,8247.6,2024-05-02
2024050201025949,EHPL,55,48,12.0,459.0,5508.0,2024-05-02
2024050201025948,ILI,48,49,10.0,571.0,5710.0,2024-05-02
2024050201025947,ILI,48,40,10.0,571.0,5710.0,2024-05-02
2024050203024703,NICLBSL,50,40,10.0,665.0,6650.0,2024-05-02
2024050203024702,USLB,62,28,10.0,2014.0,20140.0,2024-05-02
2024050203024701,NABBC,20,40,50.0,438.0,21900.0,2024-05-02
2024050203024700,NABBC,56,40,50.0,439.0,21950.0,2024-05-02
2024050201025946,MAKAR,38,61,10.0,365.0,3650.0,2024-05-02
2024050204008106,SPIL,85,41,50.0,730.0,36500.0,2024-05-02
2024050201025945,KBL,58,33,25.0,132.5,3312.5,2024-05-02
2024050204008105,SSHL,25,47,23.0,164.9,3792.7,2024-05-02
2024050203024699,RSDC,39,32,43.0,695.0,29885.0,2024-05-02
2024050201025944,BEDC,17,57,120.0,370.9,44508.0,2024-05-02
2024050201025943,UHEWA,35,57,20.0,391.2,7824.0,2024-05-02
2024050205004052,HRL,35,36,20.0,586.1,11722.0,2024-05-02
2024050201025942,SHLB,57,21,20.0,1241.0,24820.0,2024-05-02
2024050203024698,GBLBS,34,32,10.0,672.0,6720.0,2024-05-02
2024050205004051,HRL,35,3,45.0,586.1,26374.5,2024-05-02
2024050201025941,NWCL,40,38,10.0,722.1,7221.0,2024-05-02
2024050201025940,ILI,37,58,10.0,570.1,5701.0,2024-05-02
2024050204008104,UNHPL,58,57,10.0,228.0,2280.0,2024-05-02
2024050201025939,MEL,60,58,10.0,243.9,2439.0,2024-05-02
2024050201025938,SCB,6,11,29.0,519.0,15051.0,2024-05-02
2024050201025937,SCB,22,11,44.0,519.0,22836.0,2024-05-02
2024050201025936,SCB,19,11,32.0,519.0,16608.0,2024-05-02
2024050201025935,SCB,42,11,85.0,519.8,44183.0,2024-05-02
2024050201025934,SCB,53,11,10.0,519.9,5199.0,2024-05-02
2024050204008103,KPCL,55,42,10.0,392.8,3928.0,2024-05-02
2024050203024697,BFC,62,42,40.0,380.0,15200.0,2024-05-02
2024050203024696,BFC,6,42,50.0,380.1,19005.0,2024-05-02
2024050204008102,IGI,50,85,30.0,536.0,16080.0,2024-05-02
2024050203024695,JFL,39,49,750.0,542.9,407175.0,2024-05-02
2024050203024694,RSDC,39,33,50.0,697.0,34850.0,2024-05-02
2024050203024693,RSDC,39,60,250.0,696.5,174125.0,2024-05-02
2024050203024692,RSDC,39,35,100.0,696.0,69600.0,2024-05-02
2024050201025933,DORDI,81,74,10.0,414.0,4140.0,2024-05-02
2024050201025932,CYCL,66,62,10.0,1529.0,15290.0,2024-05-02
2024050201025931,SHIVM,17,57,650.0,505.0,328250.0,2024-05-02
2024050201025930,USHEC,11,60,10.0,364.0,3640.0,2024-05-02
2024050201025929,USHEC,77,60,180.0,367.0,66060.0,2024-05-02
2024050201025928,HATHY,42,25,40.0,857.0,34280.0,2024-05-02
2024050204008101,CHCL,54,55,100.0,435.0,43500.0,2024-05-02
2024050204008100,CHCL,26,55,19.0,435.0,8265.0,2024-05-02
2024050203024691,GRDBL,36,45,10.0,439.0,4390.0,2024-05-02
2024050203024690,SFCL,75,48,100.0,347.5,34750.0,2024-05-02
2024050201025927,DORDI,49,48,10.0,412.0,4120.0,2024-05-02
2024050203024689,GILB,62,38,50.0,1072.0,53600.0,2024-05-02
2024050205004050,NRN,25,38,30.0,507.0,15210.0,2024-05-02
2024050205004049,NRN,90,38,50.0,507.1,25355.0,2024-05-02
2024050204008099,UMHL,40,45,90.0,241.0,21690.0,2024-05-02
2024050204008098,SPDL,18,29,100.0,228.1,22810.0,2024-05-02
2024050201025926,USHEC,77,14,10.0,367.0,3670.0,2024-05-02
2024050204008097,HURJA,44,47,807.0,283.0,228381.0,2024-05-02
2024050204008096,HURJA,42,47,50.0,283.0,14150.0,2024-05-02
2024050204008095,HURJA,29,47,50.0,283.0,14150.0,2024-05-02
2024050204008094,HURJA,43,47,500.0,283.0,141500.0,2024-05-02
2024050204008093,HURJA,58,47,32.0,283.1,9059.2,2024-05-02
2024050204008092,HURJA,58,47,10.0,283.1,2831.0,2024-05-02
2024050204008091,HURJA,32,47,385.0,283.1,108993.5,2024-05-02
2024050204008090,HURJA,41,47,350.0,283.6,99260.0,2024-05-02
2024050204008089,HURJA,13,47,50.0,283.6,14180.0,2024-05-02
2024050204008088,HURJA,38,47,700.0,283.6,198520.0,2024-05-02
2024050204008087,HURJA,75,47,500.0,284.0,142000.0,2024-05-02
2024050204008086,HURJA,57,47,41.0,284.0,11644.0,2024-05-02
2024050201025925,HDL,37,17,24.0,1460.0,35040.0,2024-05-02
2024050201025924,HDL,7,17,50.0,1460.0,73000.0,2024-05-02
2024050201025923,HDL,46,17,30.0,1460.0,43800.0,2024-05-02
2024050201025922,HDL,25,17,10.0,1460.1,14601.0,2024-05-02
2024050201025921,HDL,50,17,25.0,1460.2,36505.0,2024-05-02
2024050205004048,CIT,13,42,60.0,2102.3,126138.0,2024-05-02
2024050203024688,MPFL,49,32,20.0,459.0,9180.0,2024-05-02
2024050203024687,GMFIL,50,16,1300.0,380.1,494130.0,2024-05-02
2024050203024686,GMFIL,49,16,200.0,380.2,76040.0,2024-05-02
2024050203024685,GMFIL,71,16,500.0,380.5,190250.0,2024-05-02
2024050204008085,NGPL,49,14,23.0,311.1,7155.3,2024-05-02
2024050204008084,NGPL,49,4,277.0,311.0,86147.0,2024-05-02
2024050201025920,KBSH,57,52,35.0,1010.0,35350.0,2024-05-02
2024050203024684,GILB,62,38,100.0,1072.0,107200.0,2024-05-02
2024050203024683,FMDBL,14,40,10.0,635.0,6350.0,2024-05-02
2024050201025919,RHGCL,42,29,185.0,344.2,63677.0,2024-05-02
2024050201025918,RHGCL,58,29,15.0,344.5,5167.5,2024-05-02
2024050201025917,MKHL,21,45,150.0,416.5,62475.0,2024-05-02
2024050201025916,MKHL,59,45,100.0,416.6,41660.0,2024-05-02
2024050203024682,SHINE,58,42,50.0,400.0,20000.0,2024-05-02
2024050203024681,SHINE,57,42,100.0,400.3,40030.0,2024-05-02
2024050201025915,HHL,57,29,50.0,356.0,17800.0,2024-05-02
2024050204008083,NGPL,43,4,210.0,311.0,65310.0,2024-05-02
2024050204008082,NGPL,33,4,113.0,311.0,35143.0,2024-05-02
2024050201025914,SNLI,42,56,19.0,593.0,11267.0,2024-05-02
2024050201025913,CYCL,25,62,180.0,1529.0,275220.0,2024-05-02
2024050203024680,NMBMF,42,25,50.0,637.0,31850.0,2024-05-02
2024050204008081,API,52,21,15.0,169.0,2535.0,2024-05-02
2024050203024679,GUFL,58,34,30.0,725.0,21750.0,2024-05-02
2024050203024678,GUFL,57,34,30.0,725.0,21750.0,2024-05-02
2024050203024677,GUFL,34,34,50.0,725.2,36260.0,2024-05-02
2024050203024676,GUFL,16,34,300.0,725.5,217650.0,2024-05-02
2024050201025912,NESDO,58,34,40.0,1766.0,70640.0,2024-05-02
2024050201025911,SONA,10,29,200.0,445.1,89020.0,2024-05-02
2024050204008080,SPDL,17,45,12.0,230.0,2760.0,2024-05-02
2024050201025910,SGHC,42,40,25.0,320.0,8000.0,2024-05-02
2024050205004047,CHDC,39,42,38.0,750.0,28500.0,2024-05-02
2024050204008079,AKPL,55,56,77.0,168.5,12974.5,2024-05-02
2024050203024675,SFCL,56,60,50.0,347.9,17395.0,2024-05-02
2024050203024674,MPFL,49,26,2080.0,459.0,954720.0,2024-05-02
2024050204008078,UPCL,58,22,50.0,196.1,9805.0,2024-05-02
2024050201025909,NICA,34,28,164.0,357.0,58548.0,2024-05-02
2024050201025908,CYCL,45,53,10.0,1520.0,15200.0,2024-05-02
2024050203024673,MPFL,45,26,100.0,459.0,45900.0,2024-05-02
2024050201025907,TSHL,33,45,120.0,490.0,58800.0,2024-05-02
2024050203024672,NFS,39,6,570.0,567.0,323190.0,2024-05-02
2024050203024671,NFS,39,21,100.0,567.0,56700.0,2024-05-02
2024050203024670,SIFC,67,59,70.0,424.0,29680.0,2024-05-02
2024050201025906,MEL,60,47,80.0,243.8,19504.0,2024-05-02
2024050203024669,MFIL,13,25,20.0,524.0,10480.0,2024-05-02
2024050203024668,SWMF,10,58,10.0,778.0,7780.0,2024-05-02
2024050203024667,NADEP,25,34,10.0,761.0,7610.0,2024-05-02
2024050203024666,NADEP,88,34,20.0,761.0,15220.0,2024-05-02
2024050204008077,SHEL,11,53,50.0,158.0,7900.0,2024-05-02
2024050204008076,SHEL,38,53,50.0,158.0,7900.0,2024-05-02
2024050204008075,SHEL,22,53,100.0,158.5,15850.0,2024-05-02
2024050204008074,SHEL,34,53,10.0,158.5,1585.0,2024-05-02
2024050204008073,SHEL,4,53,90.0,158.6,14274.0,2024-05-02
2024050203024665,PFL,41,61,657.0,714.0,469098.0,2024-05-02
2024050203024664,PFL,41,51,10.0,714.0,7140.0,2024-05-02
2024050203024663,PFL,41,62,500.0,714.0,357000.0,2024-05-02
2024050203024662,PFL,41,56,33.0,714.0,23562.0,2024-05-02
2024050203024661,PFL,41,17,43.0,714.0,30702.0,2024-05-02
2024050203024660,PFL,41,17,100.0,714.0,71400.0,2024-05-02
2024050203024659,PFL,41,45,100.0,714.0,71400.0,2024-05-02
2024050203024658,PFL,41,59,17.0,714.0,12138.0,2024-05-02
2024050203024657,PFL,41,26,30.0,714.0,21420.0,2024-05-02
2024050203024656,PFL,41,34,50.0,714.0,35700.0,2024-05-02
2024050203024655,PFL,41,21,280.0,714.0,199920.0,2024-05-02
2024050203024654,PFL,41,57,84.0,714.0,59976.0,2024-05-02
2024050203024653,PFL,41,21,22.0,714.0,15708.0,2024-05-02
2024050203024652,PFL,41,74,118.0,714.0,84252.0,2024-05-02
2024050203024651,PFL,41,32,500.0,714.0,357000.0,2024-05-02
2024050203024650,PFL,41,20,500.0,714.0,357000.0,2024-05-02
2024050203024649,PFL,41,20,200.0,714.0,142800.0,2024-05-02
2024050203024648,PFL,41,51,50.0,714.0,35700.0,2024-05-02
2024050203024647,PFL,41,20,700.0,714.0,499800.0,2024-05-02
2024050203024646,PFL,41,21,50.0,714.0,35700.0,2024-05-02
2024050203024645,PFL,41,21,50.0,714.0,35700.0,2024-05-02
2024050203024644,PFL,41,17,21.0,714.0,14994.0,2024-05-02
2024050203024643,PFL,41,53,50.0,714.0,35700.0,2024-05-02
2024050203024642,PFL,41,41,10.0,714.0,7140.0,2024-05-02
2024050203024641,PFL,41,25,44.0,714.0,31416.0,2024-05-02
2024050203024640,PFL,41,13,312.0,714.0,222768.0,2024-05-02
2024050203024639,PFL,41,16,25.0,714.0,17850.0,2024-05-02
2024050203024638,PFL,41,45,100.0,714.0,71400.0,2024-05-02
2024050203024637,PFL,41,43,12.0,714.0,8568.0,2024-05-02
2024050203024636,PFL,41,51,200.0,714.0,142800.0,2024-05-02
2024050203024635,PFL,41,16,20.0,714.0,14280.0,2024-05-02
2024050203024634,PFL,41,42,17.0,714.0,12138.0,2024-05-02
2024050203024633,PFL,41,34,800.0,714.0,571200.0,2024-05-02
2024050203024632,PFL,41,5,100.0,713.0,71300.0,2024-05-02
2024050203024631,PFL,41,19,328.0,712.9,233831.2,2024-05-02
2024050203024630,PFL,41,4,10.0,712.9,7129.0,2024-05-02
2024050203024629,PFL,41,17,100.0,712.1,71210.0,2024-05-02
2024050203024628,PFL,41,28,200.0,712.0,142400.0,2024-05-02
2024050203024627,PFL,41,28,200.0,712.0,142400.0,2024-05-02
2024050203024626,PFL,41,45,17.0,712.0,12104.0,2024-05-02
2024050203024625,PFL,41,51,10.0,712.0,7120.0,2024-05-02
2024050203024624,PFL,41,7,20.0,712.0,14240.0,2024-05-02
2024050203024623,PFL,41,38,50.0,712.0,35600.0,2024-05-02
2024050203024622,PFL,41,42,10.0,712.0,7120.0,2024-05-02
2024050203024621,PFL,41,52,56.0,712.0,39872.0,2024-05-02
2024050203024620,PFL,41,34,168.0,712.0,119616.0,2024-05-02
2024050203024619,PFL,41,34,10.0,712.0,7120.0,2024-05-02
2024050203024618,PFL,41,45,208.0,712.0,148096.0,2024-05-02
2024050203024617,PFL,41,6,50.0,712.0,35600.0,2024-05-02
2024050203024616,PFL,41,7,20.0,711.9,14238.0,2024-05-02
2024050203024615,PFL,41,49,152.0,711.9,108208.8,2024-05-02
2024050203024614,PFL,41,17,25.0,711.9,17797.5,2024-05-02
2024050203024613,PFL,41,7,104.0,711.9,74037.6,2024-05-02
2024050203024612,PFL,41,32,176.0,710.0,124960.0,2024-05-02
2024050203024611,PFL,41,35,100.0,710.0,71000.0,2024-05-02
2024050203024610,PFL,41,57,213.0,710.0,151230.0,2024-05-02
2024050203024609,PFL,41,39,20.0,710.0,14200.0,2024-05-02
2024050203024608,PFL,41,32,100.0,710.0,71000.0,2024-05-02
2024050203024607,PFL,41,28,33.0,710.0,23430.0,2024-05-02
2024050203024606,PFL,41,39,10.0,710.0,7100.0,2024-05-02
2024050203024605,PFL,41,39,50.0,710.0,35500.0,2024-05-02
2024050203024604,PFL,41,34,100.0,710.0,71000.0,2024-05-02
2024050203024603,PFL,41,6,50.0,710.0,35500.0,2024-05-02
2024050203024602,PFL,41,44,100.0,710.0,71000.0,2024-05-02
2024050203024601,PFL,41,39,30.0,710.0,21300.0,2024-05-02
2024050203024600,PFL,41,39,40.0,710.0,28400.0,2024-05-02
2024050203024599,PFL,41,42,112.0,710.0,79520.0,2024-05-02
2024050203024598,PFL,41,45,17.0,708.0,12036.0,2024-05-02
2024050203024597,PFL,41,45,37.0,708.0,26196.0,2024-05-02
2024050203024596,PFL,41,29,112.0,708.0,79296.0,2024-05-02
2024050203024595,PFL,41,17,30.0,707.0,21210.0,2024-05-02
2024050203024594,PFL,41,16,30.0,705.0,21150.0,2024-05-02
2024050203024593,PFL,41,22,83.0,705.0,58515.0,2024-05-02
2024050203024592,PFL,41,13,100.0,705.0,70500.0,2024-05-02
2024050203024591,PFL,41,35,100.0,705.0,70500.0,2024-05-02
2024050203024590,PFL,41,45,37.0,705.0,26085.0,2024-05-02
2024050203024589,PFL,41,32,10.0,705.0,7050.0,2024-05-02
2024050203024588,PFL,41,32,10.0,705.0,7050.0,2024-05-02
2024050203024587,PFL,41,32,600.0,703.8,422280.0,2024-05-02
2024050203024586,PFL,41,52,35.0,703.8,24633.0,2024-05-02
2024050203024585,PFL,41,38,100.0,703.8,70380.0,2024-05-02
2024050203024584,PFL,41,47,100.0,703.8,70380.0,2024-05-02
2024050203024583,PFL,41,21,50.0,703.8,35190.0,2024-05-02
2024050203024582,PFL,41,52,20.0,703.8,14076.0,2024-05-02
2024050203024581,PFL,41,46,100.0,703.8,70380.0,2024-05-02
2024050203024580,PFL,41,34,112.0,703.8,78825.6,2024-05-02
2024050203024579,PFL,41,48,10.0,703.8,7038.0,2024-05-02
2024050203024578,PFL,41,41,40.0,703.8,28152.0,2024-05-02
2024050203024577,PFL,41,77,33.0,703.6,23218.8,2024-05-02
2024050203024576,PFL,41,17,10.0,703.3,7033.0,2024-05-02
2024050203024575,PFL,41,45,100.0,703.0,70300.0,2024-05-02
2024050203024574,PFL,41,1,100.0,703.0,70300.0,2024-05-02
2024050203024573,PFL,41,58,10.0,703.0,7030.0,2024-05-02
2024050203024572,PFL,41,38,50.0,703.0,35150.0,2024-05-02
2024050201025905,NICA,34,38,850.0,357.0,303450.0,2024-05-02
2024050203024571,PFL,41,50,337.0,703.0,236911.0,2024-05-02
2024050203024570,PFL,41,16,17.0,703.0,11951.0,2024-05-02
2024050203024569,PFL,41,21,20.0,703.0,14060.0,2024-05-02
2024050203024568,PFL,41,32,67.0,703.0,47101.0,2024-05-02
2024050203024567,PFL,41,41,10.0,702.7,7027.0,2024-05-02
2024050203024566,PFL,41,19,33.0,702.7,23189.1,2024-05-02
2024050203024565,PFL,41,42,95.0,702.7,66756.5,2024-05-02
2024050203024564,PFL,41,7,50.0,702.5,35125.0,2024-05-02
2024050203024563,PFL,41,7,50.0,702.5,35125.0,2024-05-02
2024050203024562,PFL,41,53,100.0,702.4,70240.0,2024-05-02
2024050203024561,PFL,41,36,168.0,702.0,117936.0,2024-05-02
2024050203024560,PFL,41,1,100.0,702.0,70200.0,2024-05-02
2024050203024559,PFL,41,49,33.0,702.0,23166.0,2024-05-02
2024050203024558,PFL,41,61,1000.0,702.0,702000.0,2024-05-02
2024050203024557,PFL,41,51,50.0,702.0,35100.0,2024-05-02
2024050203024556,PFL,41,58,10.0,702.0,7020.0,2024-05-02
2024050203024555,PFL,41,59,100.0,702.0,70200.0,2024-05-02
2024050203024554,PFL,41,41,50.0,702.0,35100.0,2024-05-02
2024050203024553,PFL,41,13,100.0,702.0,70200.0,2024-05-02
2024050203024552,PFL,41,7,50.0,702.0,35100.0,2024-05-02
2024050203024551,PFL,41,6,10.0,701.9,7019.0,2024-05-02
2024050203024550,PFL,41,6,60.0,701.7,42102.0,2024-05-02
2024050203024549,PFL,41,41,926.0,701.0,649126.0,2024-05-02
2024050203024548,PFL,41,8,17.0,701.0,11917.0,2024-05-02
2024050203024547,PFL,41,58,45.0,701.0,31545.0,2024-05-02
2024050203024546,PFL,41,57,1000.0,701.0,701000.0,2024-05-02
2024050203024545,PFL,41,13,100.0,701.0,70100.0,2024-05-02
2024050203024544,PFL,41,6,41.0,701.0,28741.0,2024-05-02
2024050203024543,PFL,41,38,33.0,700.8,23126.4,2024-05-02
2024050203024542,PFL,41,49,130.0,700.7,91091.0,2024-05-02
2024050203024541,PFL,41,41,500.0,700.7,350350.0,2024-05-02
2024050203024540,PFL,41,57,100.0,700.7,70070.0,2024-05-02
2024050201025904,PRVU,41,44,10.0,137.5,1375.0,2024-05-02
2024050205004046,STC,54,34,10.0,4390.0,43900.0,2024-05-02
2024050201025903,MEL,54,47,10.0,243.8,2438.0,2024-05-02
2024050201025902,MKHL,58,56,110.0,422.0,46420.0,2024-05-02
2024050201025901,MKHL,58,29,50.0,420.9,21045.0,2024-05-02
2024050201025900,MKHL,58,14,50.0,419.0,20950.0,2024-05-02
2024050201025899,MKHL,58,22,20.0,418.0,8360.0,2024-05-02
2024050201025898,MKHL,58,57,70.0,417.0,29190.0,2024-05-02
2024050204008072,RURU,14,45,56.0,514.2,28795.2,2024-05-02
2024050204008071,HEI,50,74,1000.0,583.1,583100.0,2024-05-02
2024050201025897,BEDC,17,58,10.0,370.0,3700.0,2024-05-02
2024050204008070,SPIL,85,57,60.0,730.0,43800.0,2024-05-02
2024050201025896,HDL,22,57,35.0,1460.3,51110.5,2024-05-02
2024050201025895,HDL,54,57,29.0,1460.3,42348.7,2024-05-02
2024050201025894,NMB,4,19,50.0,173.6,8680.0,2024-05-02
2024050201025893,SONA,10,35,200.0,445.1,89020.0,2024-05-02
2024050203024539,SMFBS,25,26,10.0,1307.9,13079.0,2024-05-02
2024050201025892,GBIME,38,48,16.0,177.1,2833.6,2024-05-02
2024050201025891,VLUCL,48,33,200.0,468.0,93600.0,2024-05-02
2024050201025890,VLUCL,5,33,100.0,468.1,46810.0,2024-05-02
2024050205004045,NTC,14,6,50.0,824.0,41200.0,2024-05-02
2024050203024538,JFL,71,14,263.0,540.0,142020.0,2024-05-02
2024050203024537,JFL,18,14,147.0,540.0,79380.0,2024-05-02
2024050203024536,JFL,71,14,90.0,541.0,48690.0,2024-05-02
2024050203024535,JSLBB,42,7,100.0,1215.0,121500.0,2024-05-02
2024050203024534,HLBSL,49,74,70.0,781.7,54719.0,2024-05-02
2024050201025889,CLI,57,45,10.0,454.2,4542.0,2024-05-02
2024050201025888,SRLI,59,42,54.0,440.0,23760.0,2024-05-02
2024050201025887,SRLI,59,42,66.0,440.0,29040.0,2024-05-02
2024050201025886,SRLI,18,42,140.0,441.0,61740.0,2024-05-02
2024050203024533,USLB,62,42,10.0,2013.0,20130.0,2024-05-02
2024050201025885,MHCL,8,67,160.0,382.0,61120.0,2024-05-02
2024050201025884,MHCL,58,67,320.0,382.1,122272.0,2024-05-02
2024050203024532,HLBSL,57,33,40.0,784.0,31360.0,2024-05-02
2024050205004044,HRL,58,57,11.0,586.2,6448.2,2024-05-02
2024050203024531,PFL,41,57,78.0,700.0,54600.0,2024-05-02
2024050201025883,NICA,34,78,1000.0,357.0,357000.0,2024-05-02
2024050203024530,RLFL,71,70,50.0,374.0,18700.0,2024-05-02
2024050203024529,PROFL,71,7,10.0,341.9,3419.0,2024-05-02
2024050204008069,GLH,56,42,500.0,205.0,102500.0,2024-05-02
2024050204008068,GLH,56,57,500.0,204.9,102450.0,2024-05-02
2024050204008067,HDHPC,58,50,563.0,132.1,74372.3,2024-05-02
2024050204008066,HDHPC,52,50,500.0,132.1,66050.0,2024-05-02
2024050204008065,HDHPC,25,50,437.0,132.1,57727.7,2024-05-02
2024050203024528,FMDBL,22,49,12.0,635.0,7620.0,2024-05-02
2024050201025882,NRM,50,28,55.0,357.0,19635.0,2024-05-02
2024050201025881,NRM,41,28,500.0,357.0,178500.0,2024-05-02
2024050201025880,NRM,17,28,20.0,357.0,7140.0,2024-05-02
2024050201025879,NRM,26,28,100.0,357.0,35700.0,2024-05-02
2024050201025878,NRM,65,28,40.0,357.0,14280.0,2024-05-02
2024050201025877,NRM,57,28,200.0,357.1,71420.0,2024-05-02
2024050201025876,NRM,53,28,50.0,357.1,17855.0,2024-05-02
2024050201025875,NRM,75,28,35.0,357.2,12502.0,2024-05-02
2024050204008064,UAIL,1,49,60.0,545.0,32700.0,2024-05-02
2024050203024527,ALBSL,20,58,54.0,821.0,44334.0,2024-05-02
2024050203024526,ALBSL,44,58,100.0,821.5,82150.0,2024-05-02
2024050203024525,ALBSL,17,58,24.0,822.0,19728.0,2024-05-02
2024050203024524,ALBSL,57,58,10.0,822.0,8220.0,2024-05-02
2024050201025874,SRLI,18,58,10.0,441.0,4410.0,2024-05-02
2024050205004043,CIT,47,17,10.0,2103.0,21030.0,2024-05-02
2024050204008063,SHL,45,58,100.0,440.0,44000.0,2024-05-02
2024050201025873,SAHAS,43,39,64.0,503.0,32192.0,2024-05-02
2024050201025872,SAHAS,65,39,186.0,503.0,93558.0,2024-05-02
2024050203024523,FMDBL,39,21,100.0,635.9,63590.0,2024-05-02
2024050203024522,GUFL,17,45,45.0,727.0,32715.0,2024-05-02
2024050203024521,GUFL,17,36,455.0,727.0,330785.0,2024-05-02
2024050205004042,HIDCL,32,46,50.0,165.5,8275.0,2024-05-02
2024050201025871,DOLTI,56,32,210.0,446.0,93660.0,2024-05-02
2024050201025870,MBJC,41,43,10.0,297.1,2971.0,2024-05-02
2024050201025869,SNLI,57,35,40.0,593.0,23720.0,2024-05-02
2024050204008062,API,49,21,160.0,169.0,27040.0,2024-05-02
2024050205004041,HRL,35,21,10.0,586.1,5861.0,2024-05-02
2024050205004040,HRL,8,21,20.0,586.1,11722.0,2024-05-02
2024050201025868,NBL,49,21,50.0,200.1,10005.0,2024-05-02
2024050201025867,DOLTI,56,21,140.0,446.0,62440.0,2024-05-02
2024050201025866,DOLTI,55,21,70.0,446.0,31220.0,2024-05-02
2024050204008061,SHEL,25,38,180.0,159.0,28620.0,2024-05-02
2024050203024520,CFCL,52,32,100.0,399.0,39900.0,2024-05-02
2024050205004039,CHDC,41,42,30.0,750.0,22500.0,2024-05-02
2024050204008060,CGH,33,14,100.0,781.0,78100.0,2024-05-02
2024050203024519,KMCDB,58,29,10.0,816.1,8161.0,2024-05-02
2024050201025865,NABIL,7,35,17.0,430.0,7310.0,2024-05-02
2024050201025864,SONA,10,37,100.0,445.1,44510.0,2024-05-02
2024050203024518,JFL,71,47,10.0,541.0,5410.0,2024-05-02
2024050203024517,CFCL,45,32,300.0,399.0,119700.0,2024-05-02
2024050203024516,CORBL,45,21,10.0,477.0,4770.0,2024-05-02
2024050201025863,KBL,42,42,820.0,132.4,108568.0,2024-05-02
2024050203024515,SIFC,67,52,56.0,424.0,23744.0,2024-05-02
2024050203024514,HLI,57,41,126.0,395.0,49770.0,2024-05-02
2024050203024513,HLI,57,14,10.0,395.0,3950.0,2024-05-02
2024050203024512,HLI,57,19,210.0,395.0,82950.0,2024-05-02
2024050203024511,HLI,57,45,94.0,394.9,37120.6,2024-05-02
2024050203024510,HLI,57,59,50.0,394.0,19700.0,2024-05-02
2024050203024509,HLI,57,32,10.0,394.0,3940.0,2024-05-02
2024050201025862,NMB,6,43,468.0,172.6,80776.8,2024-05-02
2024050201025861,NMB,4,43,32.0,173.5,5552.0,2024-05-02
