transaction,symbol,buyer,seller,quantity,rate,amount,date
2024020401035296,BHL,4,5,100.0,305.8,30580.0,2024-02-04
2024020403008085,SJLIC,50,13,469.0,501.3,235109.7,2024-02-04
2024020403008084,SJLIC,41,13,10.0,501.3,5013.0,2024-02-04
2024020403008083,SJLIC,51,13,1000.0,501.3,501300.0,2024-02-04
2024020403008082,SJLIC,55,13,11.0,501.4,5515.4,2024-02-04
2024020403008081,SJLIC,14,13,100.0,501.4,50140.0,2024-02-04
2024020403008080,SJLIC,57,13,50.0,501.4,25070.0,2024-02-04
2024020403008079,SJLIC,29,13,250.0,501.5,125375.0,2024-02-04
2024020403008078,SJLIC,48,13,10.0,501.5,5015.0,2024-02-04
2024020403008077,SJLIC,52,13,100.0,501.5,50150.0,2024-02-04
2024020401035295,SPC,64,58,10.0,640.0,6400.0,2024-02-04
2024020405012199,NIFRA,58,57,236.0,225.8,53288.8,2024-02-04
2024020405012198,NIFRA,71,57,264.0,225.8,59611.2,2024-02-04
2024020401035294,MHCL,69,42,21.0,486.0,10206.0,2024-02-04
2024020401035293,MHCL,69,58,10.0,486.0,4860.0,2024-02-04
2024020401035292,MHCL,69,45,10.0,486.0,4860.0,2024-02-04
2024020401035291,MHCL,69,49,20.0,485.9,9718.0,2024-02-04
2024020401035290,MHCL,69,69,29.0,485.5,14079.5,2024-02-04
2024020401035289,MHCL,69,69,40.0,485.5,19420.0,2024-02-04
2024020404015210,RIDI,44,21,568.0,275.0,156200.0,2024-02-04
2024020404015209,RIDI,44,51,52.0,274.6,14279.2,2024-02-04
2024020404015208,RIDI,44,34,280.0,274.5,76860.0,2024-02-04
2024020404015207,RIDI,44,17,100.0,274.1,27410.0,2024-02-04
2024020401035288,TSHL,53,16,150.0,529.9,79485.0,2024-02-04
2024020401035287,SPC,28,38,120.0,631.0,75720.0,2024-02-04
2024020401035286,MHL,38,32,10.0,443.9,4439.0,2024-02-04
2024020401035285,MHL,38,32,70.0,441.8,30926.0,2024-02-04
2024020401035284,NWCL,16,48,10.0,789.0,7890.0,2024-02-04
2024020401035283,UHEWA,42,41,80.0,330.3,26424.0,2024-02-04
2024020401035282,SONA,34,70,10.0,456.0,4560.0,2024-02-04
2024020404015206,API,42,14,40.0,197.5,7900.0,2024-02-04
2024020404015205,API,57,14,10.0,197.6,1976.0,2024-02-04
2024020403008076,NFS,14,33,118.0,342.9,40462.2,2024-02-04
2024020403008075,NFS,14,44,140.0,342.9,48006.0,2024-02-04
2024020403008074,NFS,14,68,270.0,342.8,92556.0,2024-02-04
2024020403008073,NFS,14,3,15.0,342.8,5142.0,2024-02-04
2024020403008072,NFS,14,52,62.0,342.0,21204.0,2024-02-04
2024020403008071,NFS,14,43,100.0,342.0,34200.0,2024-02-04
2024020403008070,NFS,14,34,295.0,342.0,100890.0,2024-02-04
2024020401035281,MHL,58,14,10.0,440.0,4400.0,2024-02-04
2024020403008069,HLI,62,36,10.0,402.0,4020.0,2024-02-04
2024020401035280,SMHL,34,58,10.0,459.0,4590.0,2024-02-04
2024020405012197,CHDC,58,57,100.0,970.0,97000.0,2024-02-04
2024020401035279,GVL,62,56,400.0,438.3,175320.0,2024-02-04
2024020404015204,NICL,39,71,422.0,882.5,372415.0,2024-02-04
2024020404015203,NICL,44,71,78.0,884.3,68975.4,2024-02-04
2024020401035278,TSHL,77,16,80.0,529.9,42392.0,2024-02-04
2024020401035277,TSHL,77,49,10.0,529.0,5290.0,2024-02-04
2024020401035276,TSHL,77,35,10.0,526.0,5260.0,2024-02-04
2024020401035275,TSHL,77,38,90.0,525.0,47250.0,2024-02-04
2024020401035274,TSHL,77,34,10.0,524.0,5240.0,2024-02-04
2024020401035273,MEHL,16,7,10.0,280.2,2802.0,2024-02-04
2024020401035272,MMKJL,43,7,10.0,423.3,4233.0,2024-02-04
2024020401035271,MMKJL,43,55,10.0,423.3,4233.0,2024-02-04
2024020401035270,NICA,50,43,40.0,468.5,18740.0,2024-02-04
2024020401035269,NICA,42,43,50.0,468.5,23425.0,2024-02-04
2024020401035268,NICA,47,43,100.0,468.6,46860.0,2024-02-04
2024020401035267,NICA,49,43,100.0,468.7,46870.0,2024-02-04
2024020401035266,NICA,7,43,50.0,468.7,23435.0,2024-02-04
2024020401035265,NICA,38,43,24.0,468.8,11251.2,2024-02-04
2024020401035264,NICA,39,43,10.0,468.8,4688.0,2024-02-04
2024020401035263,NICA,58,43,70.0,468.8,32816.0,2024-02-04
2024020401035262,HBL,43,42,400.0,199.4,79760.0,2024-02-04
2024020405012196,HRL,11,4,20.0,688.1,13762.0,2024-02-04
2024020401035261,MHCL,35,69,31.0,485.5,15050.5,2024-02-04
2024020401035260,MHCL,35,42,10.0,485.5,4855.0,2024-02-04
2024020401035259,MHCL,35,42,10.0,485.0,4850.0,2024-02-04
2024020401035258,MHCL,35,42,49.0,485.0,23765.0,2024-02-04
2024020404015202,BARUN,29,58,80.0,277.8,22224.0,2024-02-04
2024020401035257,SMH,29,37,10.0,609.0,6090.0,2024-02-04
2024020403008068,SJLIC,33,36,18.0,501.6,9028.8,2024-02-04
2024020405012195,NTC,53,29,10.0,865.0,8650.0,2024-02-04
2024020401035256,MSHL,8,21,10.0,693.0,6930.0,2024-02-04
2024020401035255,TAMOR,88,21,10.0,393.0,3930.0,2024-02-04
2024020401035254,NWCL,1,21,10.0,789.0,7890.0,2024-02-04
2024020401035253,NWCL,1,4,15.0,789.0,11835.0,2024-02-04
2024020401035252,SPC,64,58,340.0,640.0,217600.0,2024-02-04
2024020401035251,SPC,64,38,10.0,640.0,6400.0,2024-02-04
2024020401035250,SPC,64,40,300.0,639.0,191700.0,2024-02-04
2024020401035249,SPC,64,14,95.0,638.6,60667.0,2024-02-04
2024020401035248,SPC,64,28,100.0,638.0,63800.0,2024-02-04
2024020401035247,SPC,64,43,10.0,636.9,6369.0,2024-02-04
2024020401035246,SPC,64,49,10.0,636.0,6360.0,2024-02-04
2024020401035245,SPC,64,58,10.0,635.0,6350.0,2024-02-04
2024020401035244,SPC,64,58,10.0,635.0,6350.0,2024-02-04
2024020401035243,SPC,64,58,10.0,632.0,6320.0,2024-02-04
2024020401035242,SPC,64,8,700.0,632.0,442400.0,2024-02-04
2024020404015201,NICL,69,57,10.0,885.0,8850.0,2024-02-04
2024020404015200,IGI,69,8,182.0,560.0,101920.0,2024-02-04
2024020404015199,IGI,69,67,228.0,560.0,127680.0,2024-02-04
2024020404015198,IGI,69,57,300.0,560.0,168000.0,2024-02-04
2024020404015197,IGI,69,6,290.0,559.5,162255.0,2024-02-04
2024020404015196,UPCL,39,88,929.0,235.6,218872.4,2024-02-04
2024020404015195,UPCL,39,41,500.0,235.0,117500.0,2024-02-04
2024020404015194,UPCL,39,22,90.0,235.0,21150.0,2024-02-04
2024020404015193,UPCL,39,50,481.0,235.0,113035.0,2024-02-04
2024020401035241,UHEWA,42,54,10.0,333.0,3330.0,2024-02-04
2024020401035240,CLI,42,55,10.0,454.5,4545.0,2024-02-04
2024020401035239,CLI,42,58,10.0,454.5,4545.0,2024-02-04
2024020401035238,CLI,42,13,10.0,454.0,4540.0,2024-02-04
2024020401035237,CLI,42,48,10.0,454.0,4540.0,2024-02-04
2024020401035236,CLI,42,42,10.0,454.0,4540.0,2024-02-04
2024020401035235,CLI,42,7,10.0,453.0,4530.0,2024-02-04
2024020401035234,CLI,42,77,10.0,453.0,4530.0,2024-02-04
2024020401035233,CLI,42,38,10.0,452.0,4520.0,2024-02-04
2024020401035232,CLI,42,48,10.0,452.0,4520.0,2024-02-04
2024020401035231,CLI,42,48,100.0,452.0,45200.0,2024-02-04
2024020401035230,CLI,42,34,150.0,452.0,67800.0,2024-02-04
2024020401035229,CLI,42,42,10.0,452.0,4520.0,2024-02-04
2024020401035228,CLI,42,37,150.0,452.0,67800.0,2024-02-04
2024020404015192,PRIN,18,42,50.0,825.0,41250.0,2024-02-04
2024020404015191,PRIN,18,41,100.0,825.0,82500.0,2024-02-04
2024020404015190,PRIN,18,3,20.0,821.1,16422.0,2024-02-04
2024020404015189,PRIN,18,28,129.0,821.0,105909.0,2024-02-04
2024020404015188,PRIN,18,47,112.0,821.0,91952.0,2024-02-04
2024020404015187,PRIN,18,64,180.0,821.0,147780.0,2024-02-04
2024020404015186,PRIN,18,58,10.0,821.0,8210.0,2024-02-04
2024020404015185,PRIN,18,42,300.0,820.0,246000.0,2024-02-04
2024020404015184,PRIN,18,4,158.0,820.0,129560.0,2024-02-04
2024020404015183,PRIN,18,14,500.0,820.0,410000.0,2024-02-04
2024020404015182,PRIN,18,49,20.0,818.0,16360.0,2024-02-04
2024020404015181,PRIN,18,22,50.0,818.0,40900.0,2024-02-04
2024020404015180,PRIN,18,45,50.0,818.0,40900.0,2024-02-04
2024020404015179,PRIN,18,41,10.0,815.0,8150.0,2024-02-04
2024020404015178,PRIN,18,42,111.0,815.0,90465.0,2024-02-04
2024020404015177,PRIN,18,45,50.0,814.0,40700.0,2024-02-04
2024020404015176,PRIN,18,44,100.0,813.0,81300.0,2024-02-04
2024020404015175,PRIN,18,44,50.0,812.9,40645.0,2024-02-04
2024020404015174,NHPC,50,49,50.0,167.1,8355.0,2024-02-04
2024020403008067,JBBL,49,41,500.0,298.9,149450.0,2024-02-04
2024020401035227,KBL,44,62,10.0,149.0,1490.0,2024-02-04
2024020401035226,PCBL,44,18,50.0,201.3,10065.0,2024-02-04
2024020401035225,PCBL,44,56,1500.0,201.0,301500.0,2024-02-04
2024020401035224,PCBL,44,51,36.0,201.0,7236.0,2024-02-04
2024020401035223,PCBL,44,35,175.0,200.1,35017.5,2024-02-04
2024020403008066,CBBL,34,1,20.0,857.0,17140.0,2024-02-04
2024020404015173,JOSHI,62,39,10.0,248.9,2489.0,2024-02-04
2024020405012194,NRN,58,58,10.0,589.0,5890.0,2024-02-04
2024020401035222,EHPL,58,35,40.0,419.9,16796.0,2024-02-04
2024020401035221,EHPL,58,38,10.0,418.0,4180.0,2024-02-04
2024020401035220,EHPL,58,32,50.0,416.0,20800.0,2024-02-04
2024020403008065,CFCL,52,56,100.0,339.0,33900.0,2024-02-04
2024020403008064,CFCL,52,38,67.0,338.0,22646.0,2024-02-04
2024020403008063,CFCL,52,29,100.0,336.0,33600.0,2024-02-04
2024020401035219,SNLI,56,35,10.0,587.0,5870.0,2024-02-04
2024020401035218,SNLI,56,11,20.0,586.9,11738.0,2024-02-04
2024020401035217,SNLI,56,7,10.0,586.9,5869.0,2024-02-04
2024020401035216,SNLI,56,57,10.0,586.5,5865.0,2024-02-04
2024020401035215,SNLI,56,42,10.0,586.3,5863.0,2024-02-04
2024020401035214,SNLI,56,49,10.0,586.2,5862.0,2024-02-04
2024020401035213,SNLI,56,58,10.0,586.0,5860.0,2024-02-04
2024020401035212,SNLI,56,41,10.0,586.0,5860.0,2024-02-04
2024020401035211,SNLI,56,54,10.0,586.0,5860.0,2024-02-04
2024020401035210,RAWA,17,42,10.0,512.0,5120.0,2024-02-04
2024020401035209,NIMB,32,42,20.0,169.5,3390.0,2024-02-04
2024020401035208,DOLTI,58,45,100.0,359.1,35910.0,2024-02-04
2024020401035207,KBL,48,62,483.0,149.0,71967.0,2024-02-04
2024020401035206,KBL,48,22,500.0,148.9,74450.0,2024-02-04
2024020401035205,KBL,48,45,17.0,148.9,2531.3,2024-02-04
2024020403008062,NFS,43,34,10.0,342.0,3420.0,2024-02-04
2024020404015172,NHPC,47,25,15.0,167.9,2518.5,2024-02-04
2024020401035204,SNLI,17,47,10.0,585.5,5855.0,2024-02-04
2024020401035203,HDL,33,6,10.0,1600.0,16000.0,2024-02-04
2024020401035202,HDL,44,6,10.0,1600.0,16000.0,2024-02-04
2024020401035201,HDL,38,6,20.0,1600.0,32000.0,2024-02-04
2024020401035200,HDL,34,6,10.0,1600.0,16000.0,2024-02-04
2024020401035199,HDL,32,6,50.0,1600.0,80000.0,2024-02-04
2024020401035198,HDL,26,6,20.0,1600.0,32000.0,2024-02-04
2024020404015171,SGIC,84,45,80.0,524.0,41920.0,2024-02-04
2024020404015170,SGIC,84,20,20.0,522.0,10440.0,2024-02-04
2024020401035197,NBL,59,50,200.0,229.4,45880.0,2024-02-04
2024020404015169,RIDI,39,50,233.0,274.0,63842.0,2024-02-04
2024020404015168,RIDI,54,50,73.0,274.1,20009.3,2024-02-04
2024020405012193,NIFRA,71,13,300.0,225.8,67740.0,2024-02-04
2024020401035196,MKCL,69,40,60.0,930.0,55800.0,2024-02-04
2024020401035195,MKCL,69,58,10.0,930.0,9300.0,2024-02-04
2024020401035194,MKCL,69,32,10.0,926.0,9260.0,2024-02-04
2024020401035193,MKCL,69,22,10.0,925.0,9250.0,2024-02-04
2024020401035192,MKCL,69,49,10.0,919.0,9190.0,2024-02-04
2024020404015167,GLH,43,26,85.0,247.0,20995.0,2024-02-04
2024020404015166,GLH,43,26,20.0,247.0,4940.0,2024-02-04
2024020404015165,GLH,36,26,50.0,247.0,12350.0,2024-02-04
2024020404015164,GLH,59,26,45.0,247.0,11115.0,2024-02-04
2024020404015163,GLH,45,26,100.0,247.6,24760.0,2024-02-04
2024020401035191,HBL,45,42,100.0,199.4,19940.0,2024-02-04
2024020401035190,HBL,57,42,200.0,199.5,39900.0,2024-02-04
2024020401035189,HBL,49,42,25.0,199.5,4987.5,2024-02-04
2024020401035188,HBL,32,42,162.0,200.5,32481.0,2024-02-04
2024020404015162,CGH,42,6,10.0,939.0,9390.0,2024-02-04
2024020404015161,CGH,42,36,46.0,938.0,43148.0,2024-02-04
2024020404015160,CGH,42,25,10.0,937.0,9370.0,2024-02-04
2024020404015159,CGH,42,7,100.0,935.0,93500.0,2024-02-04
2024020404015158,CGH,42,1,50.0,934.0,46700.0,2024-02-04
2024020404015157,CGH,42,57,50.0,933.0,46650.0,2024-02-04
2024020404015156,CGH,42,6,230.0,933.0,214590.0,2024-02-04
2024020404015155,CGH,42,25,200.0,932.9,186580.0,2024-02-04
2024020404015154,CGH,42,25,50.0,932.0,46600.0,2024-02-04
2024020404015153,CGH,42,45,45.0,931.0,41895.0,2024-02-04
2024020404015152,CGH,42,69,100.0,930.0,93000.0,2024-02-04
2024020404015151,CGH,42,47,95.0,929.0,88255.0,2024-02-04
2024020404015150,CGH,42,57,14.0,926.0,12964.0,2024-02-04
2024020401035187,NRM,53,56,120.0,373.0,44760.0,2024-02-04
2024020401035186,NRM,53,57,60.0,373.0,22380.0,2024-02-04
2024020401035185,NRM,53,58,20.0,372.9,7458.0,2024-02-04
2024020401035184,BPW,44,63,19.0,1447.0,27493.0,2024-02-04
2024020401035183,BPW,44,26,18.0,1440.0,25920.0,2024-02-04
2024020401035182,BPW,44,52,10.0,1440.0,14400.0,2024-02-04
2024020401035181,BPW,44,42,33.0,1440.0,47520.0,2024-02-04
2024020401035180,BPW,44,49,10.0,1439.9,14399.0,2024-02-04
2024020401035179,BPW,44,54,10.0,1439.0,14390.0,2024-02-04
2024020401035178,CYCL,34,41,10.0,1115.0,11150.0,2024-02-04
2024020401035177,BEDC,62,4,72.0,336.5,24228.0,2024-02-04
2024020404015149,MEN,58,28,20.0,616.0,12320.0,2024-02-04
2024020405012192,GIBF1,17,17,100.0,8.67,867.0,2024-02-04
2024020401035176,NWCL,58,49,10.0,788.0,7880.0,2024-02-04
2024020404015148,AKPL,58,34,79.0,193.9,15318.1,2024-02-04
2024020404015147,AKPL,58,45,181.0,193.7,35059.7,2024-02-04
2024020405012191,HRL,59,35,10.0,688.1,6881.0,2024-02-04
2024020403008061,PFL,63,59,10.0,368.5,3685.0,2024-02-04
2024020401035175,MEL,48,58,10.0,222.0,2220.0,2024-02-04
2024020403008060,GLBSL,7,14,100.0,830.0,83000.0,2024-02-04
2024020403008059,GLBSL,7,46,20.0,829.0,16580.0,2024-02-04
2024020404015146,BARUN,48,58,100.0,277.8,27780.0,2024-02-04
2024020404015145,BARUN,48,51,100.0,276.5,27650.0,2024-02-04
2024020401035174,SPC,28,45,100.0,631.0,63100.0,2024-02-04
2024020404015144,NGPL,82,45,17.0,340.5,5788.5,2024-02-04
2024020404015143,NGPL,58,45,500.0,341.0,170500.0,2024-02-04
2024020404015142,NGPL,36,45,30.0,341.0,10230.0,2024-02-04
2024020404015141,NGPL,35,45,50.0,341.0,17050.0,2024-02-04
2024020404015140,NGPL,35,45,11.0,341.0,3751.0,2024-02-04
2024020404015139,NGPL,19,45,20.0,341.0,6820.0,2024-02-04
2024020403008058,BFC,35,28,70.0,332.0,23240.0,2024-02-04
2024020403008057,BFC,35,58,130.0,331.9,43147.0,2024-02-04
2024020401035173,SONA,35,70,30.0,456.0,13680.0,2024-02-04
2024020404015138,LEC,19,72,583.0,212.0,123596.0,2024-02-04
2024020404015137,LEC,8,72,148.0,212.4,31435.2,2024-02-04
2024020401035172,MHCL,88,51,10.0,480.0,4800.0,2024-02-04
2024020404015136,UPPER,51,29,10.0,207.0,2070.0,2024-02-04
2024020405012190,HIDCL,38,39,10.0,185.5,1855.0,2024-02-04
2024020404015135,JOSHI,54,45,100.0,249.0,24900.0,2024-02-04
2024020405012189,HRL,3,38,20.0,689.0,13780.0,2024-02-04
2024020405012188,HRL,3,49,30.0,689.0,20670.0,2024-02-04
2024020405012187,HRL,3,62,20.0,689.0,13780.0,2024-02-04
2024020403008056,ALICL,42,25,90.0,696.0,62640.0,2024-02-04
2024020403008055,ALICL,29,25,500.0,696.3,348150.0,2024-02-04
2024020403008054,ALICL,52,25,100.0,696.4,69640.0,2024-02-04
2024020403008053,ALICL,45,25,50.0,696.5,34825.0,2024-02-04
2024020403008052,ALICL,41,25,40.0,697.0,27880.0,2024-02-04
2024020403008051,ALICL,22,25,100.0,697.0,69700.0,2024-02-04
2024020403008050,ALICL,4,25,100.0,697.8,69780.0,2024-02-04
2024020403008049,ALICL,33,25,20.0,697.9,13958.0,2024-02-04
2024020405012186,HRL,3,14,100.0,689.0,68900.0,2024-02-04
2024020403008048,GMFBS,25,54,12.0,849.6,10195.2,2024-02-04
2024020403008047,GMFBS,25,48,30.0,849.6,25488.0,2024-02-04
2024020403008046,GMFBS,25,46,30.0,849.6,25488.0,2024-02-04
2024020403008045,GMFBS,25,46,14.0,848.0,11872.0,2024-02-04
2024020403008044,GMFBS,25,32,14.0,840.0,11760.0,2024-02-04
2024020405012185,HRL,3,1,10.0,689.0,6890.0,2024-02-04
2024020404015134,NLG,4,25,150.0,815.0,122250.0,2024-02-04
2024020405012184,HRL,3,38,20.0,689.0,13780.0,2024-02-04
2024020405012183,HRL,3,42,20.0,688.9,13778.0,2024-02-04
2024020404015133,RURU,42,42,40.0,703.0,28120.0,2024-02-04
2024020404015132,RURU,25,42,104.0,704.0,73216.0,2024-02-04
2024020404015131,RURU,21,42,30.0,704.0,21120.0,2024-02-04
2024020404015130,RURU,25,42,150.0,705.0,105750.0,2024-02-04
2024020404015129,RURU,36,42,86.0,705.1,60638.6,2024-02-04
2024020405012182,HRL,3,45,10.0,688.8,6888.0,2024-02-04
2024020403008043,EDBL,42,54,10.0,350.0,3500.0,2024-02-04
2024020405012181,HRL,3,6,110.0,688.6,75746.0,2024-02-04
2024020405012180,HRL,3,36,120.0,688.5,82620.0,2024-02-04
2024020405012179,HRL,3,6,30.0,688.2,20646.0,2024-02-04
2024020405012178,HRL,3,52,10.0,688.1,6881.0,2024-02-04
2024020401035171,BHL,65,5,10.0,305.8,3058.0,2024-02-04
2024020401035170,BHL,65,57,10.0,302.5,3025.0,2024-02-04
2024020401035169,BHL,65,48,10.0,302.0,3020.0,2024-02-04
2024020401035168,BHL,65,54,10.0,302.0,3020.0,2024-02-04
2024020401035167,BHL,65,56,10.0,301.0,3010.0,2024-02-04
2024020401035166,VLUCL,38,58,10.0,501.2,5012.0,2024-02-04
2024020401035165,VLUCL,38,45,20.0,501.2,10024.0,2024-02-04
2024020401035164,VLUCL,38,42,10.0,501.1,5011.0,2024-02-04
2024020404015128,SHPC,5,45,10.0,351.0,3510.0,2024-02-04
2024020404015127,RIDI,54,5,100.0,274.1,27410.0,2024-02-04
2024020404015126,RIDI,34,34,20.0,274.5,5490.0,2024-02-04
2024020404015125,BARUN,48,14,195.0,276.0,53820.0,2024-02-04
2024020404015124,BARUN,21,14,285.0,276.0,78660.0,2024-02-04
2024020404015123,BARUN,39,14,20.0,276.1,5522.0,2024-02-04
2024020404015122,UAIL,14,28,250.0,618.9,154725.0,2024-02-04
2024020405012177,NIFRA,55,42,155.0,226.0,35030.0,2024-02-04
2024020405012176,NIFRA,55,6,45.0,226.0,10170.0,2024-02-04
2024020405012175,HRL,26,94,546.0,688.0,375648.0,2024-02-04
2024020405012174,HRL,45,94,10.0,688.0,6880.0,2024-02-04
2024020405012173,HRL,42,94,145.0,688.0,99760.0,2024-02-04
2024020405012172,HRL,69,94,299.0,688.0,205712.0,2024-02-04
2024020401035163,IHL,16,55,910.0,322.0,293020.0,2024-02-04
2024020401035162,IHL,16,55,40.0,322.1,12884.0,2024-02-04
2024020401035161,IHL,16,55,50.0,323.0,16150.0,2024-02-04
2024020405012171,HRL,88,94,1000.0,688.1,688100.0,2024-02-04
2024020404015121,RADHI,17,65,91.0,268.5,24433.5,2024-02-04
2024020404015120,SPDL,17,4,15.0,274.9,4123.5,2024-02-04
2024020401035160,MKCL,56,22,40.0,925.0,37000.0,2024-02-04
2024020401035159,MKCL,56,47,10.0,925.0,9250.0,2024-02-04
2024020401035158,MKCL,56,40,10.0,925.0,9250.0,2024-02-04
2024020401035157,MKCL,56,16,10.0,923.0,9230.0,2024-02-04
2024020401035156,MKCL,56,33,20.0,921.0,18420.0,2024-02-04
2024020401035155,MKCL,56,58,10.0,920.5,9205.0,2024-02-04
2024020401035154,MKCL,56,38,10.0,920.0,9200.0,2024-02-04
2024020401035153,MKCL,56,48,10.0,920.0,9200.0,2024-02-04
2024020401035152,MKCL,56,59,10.0,920.0,9200.0,2024-02-04
2024020401035151,MKCL,56,26,40.0,920.0,36800.0,2024-02-04
2024020401035150,MKCL,56,49,10.0,920.0,9200.0,2024-02-04
2024020401035149,MKCL,56,52,10.0,919.0,9190.0,2024-02-04
2024020401035148,MKCL,56,52,10.0,919.0,9190.0,2024-02-04
2024020404015119,UNHPL,71,45,10.0,235.0,2350.0,2024-02-04
2024020401035147,ULBSL,59,54,10.0,1120.0,11200.0,2024-02-04
2024020401035146,MEL,7,58,25.0,222.0,5550.0,2024-02-04
2024020401035145,MEL,19,58,10.0,222.0,2220.0,2024-02-04
2024020401035144,MEL,51,58,10.0,222.0,2220.0,2024-02-04
2024020404015118,TRH,45,38,10.0,780.0,7800.0,2024-02-04
2024020404015117,TRH,45,62,10.0,777.0,7770.0,2024-02-04
2024020404015116,TRH,45,76,10.0,777.0,7770.0,2024-02-04
2024020401035143,TPC,29,39,10.0,552.0,5520.0,2024-02-04
2024020401035142,MCHL,35,81,110.0,330.0,36300.0,2024-02-04
2024020401035141,MCHL,35,52,10.0,330.0,3300.0,2024-02-04
2024020401035140,MCHL,35,57,10.0,329.0,3290.0,2024-02-04
2024020401035139,MCHL,35,66,10.0,325.0,3250.0,2024-02-04
2024020401035138,MCHL,35,45,170.0,325.0,55250.0,2024-02-04
2024020401035137,BEDC,35,52,60.0,341.0,20460.0,2024-02-04
2024020401035136,BEDC,35,8,10.0,340.0,3400.0,2024-02-04
2024020401035135,BEDC,35,21,10.0,340.0,3400.0,2024-02-04
2024020401035134,BEDC,35,57,10.0,340.0,3400.0,2024-02-04
2024020401035133,BEDC,35,25,10.0,339.0,3390.0,2024-02-04
2024020401035132,BEDC,35,47,100.0,338.7,33870.0,2024-02-04
2024020401035131,BEDC,35,39,120.0,338.7,40644.0,2024-02-04
2024020401035130,BEDC,35,35,10.0,338.0,3380.0,2024-02-04
2024020401035129,BEDC,35,42,10.0,338.0,3380.0,2024-02-04
2024020401035128,BEDC,35,4,10.0,337.6,3376.0,2024-02-04
2024020401035127,BEDC,35,28,10.0,337.6,3376.0,2024-02-04
2024020401035126,BEDC,35,14,50.0,337.0,16850.0,2024-02-04
2024020401035125,BEDC,35,16,10.0,337.0,3370.0,2024-02-04
2024020401035124,BEDC,35,34,180.0,337.0,60660.0,2024-02-04
2024020404015115,RADHI,1,65,200.0,268.5,53700.0,2024-02-04
2024020404015114,JOSHI,32,29,40.0,248.5,9940.0,2024-02-04
2024020404015113,JOSHI,29,29,150.0,248.6,37290.0,2024-02-04
2024020404015112,JOSHI,52,29,10.0,248.9,2489.0,2024-02-04
2024020404015111,UAIL,57,28,40.0,618.9,24756.0,2024-02-04
2024020405012170,NIFRA,71,42,1000.0,225.8,225800.0,2024-02-04
2024020405012169,HRL,69,49,201.0,688.0,138288.0,2024-02-04
2024020405012168,HRL,49,49,19.0,688.0,13072.0,2024-02-04
2024020401035123,JBLB,55,20,107.0,1299.0,138993.0,2024-02-04
2024020401035122,JBLB,14,20,50.0,1299.0,64950.0,2024-02-04
2024020401035121,JBLB,46,20,10.0,1299.1,12991.0,2024-02-04
2024020401035120,JBLB,45,20,20.0,1299.1,25982.0,2024-02-04
2024020401035119,JBLB,50,20,20.0,1299.5,25990.0,2024-02-04
2024020401035118,JBLB,49,20,10.0,1299.6,12996.0,2024-02-04
2024020401035117,JBLB,28,20,13.0,1300.0,16900.0,2024-02-04
2024020401035116,JBLB,38,20,20.0,1300.0,26000.0,2024-02-04
2024020401035115,JBLB,7,20,10.0,1300.0,13000.0,2024-02-04
2024020401035114,JBLB,42,20,10.0,1300.0,13000.0,2024-02-04
2024020401035113,JBLB,42,20,10.0,1300.0,13000.0,2024-02-04
2024020401035112,JBLB,28,20,20.0,1302.0,26040.0,2024-02-04
2024020401035111,SPHL,19,40,10.0,460.0,4600.0,2024-02-04
2024020401035110,TAMOR,16,43,10.0,393.9,3939.0,2024-02-04
2024020401035109,NWCL,46,34,10.0,781.5,7815.0,2024-02-04
2024020401035108,SMHL,34,35,500.0,459.0,229500.0,2024-02-04
2024020401035107,SMHL,34,34,10.0,459.0,4590.0,2024-02-04
2024020401035106,SMHL,34,50,10.0,458.0,4580.0,2024-02-04
2024020401035105,SMHL,34,58,10.0,455.0,4550.0,2024-02-04
2024020401035104,SMHL,34,42,80.0,455.0,36400.0,2024-02-04
2024020401035103,SMHL,34,1,10.0,455.0,4550.0,2024-02-04
2024020401035102,SMHL,34,56,120.0,454.7,54564.0,2024-02-04
2024020401035101,SMHL,34,45,10.0,453.0,4530.0,2024-02-04
2024020401035100,SMHL,34,56,10.0,453.0,4530.0,2024-02-04
2024020401035099,SMHL,34,34,150.0,453.0,67950.0,2024-02-04
2024020401035098,NICA,58,33,50.0,468.8,23440.0,2024-02-04
2024020401035097,EBL,33,49,10.0,528.1,5281.0,2024-02-04
2024020401035096,KBL,58,57,30.0,148.5,4455.0,2024-02-04
2024020405012167,HRL,49,11,81.0,688.0,55728.0,2024-02-04
2024020401035095,GVL,11,72,200.0,440.0,88000.0,2024-02-04
2024020405012166,HRL,42,11,74.0,688.0,50912.0,2024-02-04
2024020401035094,SRLI,36,50,50.0,447.0,22350.0,2024-02-04
2024020405012165,HRL,42,21,30.0,688.0,20640.0,2024-02-04
2024020401035093,MMKJL,6,35,14.0,423.3,5926.2,2024-02-04
2024020405012164,HRL,42,6,20.0,688.0,13760.0,2024-02-04
2024020401035092,BPW,44,25,20.0,1431.0,28620.0,2024-02-04
2024020404015110,RIDI,54,42,13.0,274.1,3563.3,2024-02-04
2024020401035091,SONA,57,42,100.0,455.6,45560.0,2024-02-04
2024020401035090,GBIME,48,42,100.0,194.6,19460.0,2024-02-04
2024020404015109,AKJCL,58,65,255.0,228.9,58369.5,2024-02-04
2024020401035089,BGWT,65,49,90.0,646.0,58140.0,2024-02-04
2024020401035088,BGWT,65,35,150.0,645.6,96840.0,2024-02-04
2024020401035087,BGWT,65,55,350.0,645.0,225750.0,2024-02-04
2024020401035086,BGWT,65,50,600.0,645.0,387000.0,2024-02-04
2024020401035085,BGWT,65,42,810.0,644.0,521640.0,2024-02-04
2024020404015108,RIDI,54,38,14.0,274.1,3837.4,2024-02-04
2024020403008042,NICLBSL,41,3,10.0,589.6,5896.0,2024-02-04
2024020404015107,OHL,16,46,40.0,766.7,30668.0,2024-02-04
2024020404015106,OHL,14,46,10.0,766.7,7667.0,2024-02-04
2024020404015105,OHL,62,46,10.0,766.8,7668.0,2024-02-04
2024020404015104,OHL,47,46,30.0,767.0,23010.0,2024-02-04
2024020404015103,OHL,14,46,10.0,768.0,7680.0,2024-02-04
2024020404015102,LEC,8,87,72.0,212.4,15292.8,2024-02-04
2024020404015101,LEC,8,34,80.0,212.4,16992.0,2024-02-04
2024020401035084,PRVU,36,14,50.0,153.7,7685.0,2024-02-04
2024020401035083,PPL,62,32,158.0,330.0,52140.0,2024-02-04
2024020401035082,PPL,62,34,10.0,330.0,3300.0,2024-02-04
2024020401035081,PPL,62,58,10.0,330.0,3300.0,2024-02-04
2024020401035080,PPL,62,56,10.0,330.0,3300.0,2024-02-04
2024020401035079,PPL,62,42,10.0,330.0,3300.0,2024-02-04
2024020401035078,PPL,62,17,10.0,330.0,3300.0,2024-02-04
2024020401035077,PPL,62,39,10.0,330.0,3300.0,2024-02-04
2024020401035076,PPL,62,57,10.0,330.0,3300.0,2024-02-04
2024020401035075,PPL,62,57,10.0,330.0,3300.0,2024-02-04
2024020401035074,PPL,62,25,10.0,329.8,3298.0,2024-02-04
2024020401035073,PPL,62,38,10.0,329.0,3290.0,2024-02-04
2024020401035072,PPL,62,34,10.0,329.0,3290.0,2024-02-04
2024020401035071,PPL,62,1,10.0,329.0,3290.0,2024-02-04
2024020401035070,PPL,62,48,10.0,329.0,3290.0,2024-02-04
2024020401035069,PPL,62,59,652.0,329.0,214508.0,2024-02-04
2024020401035068,PPL,62,4,560.0,328.9,184184.0,2024-02-04
2024020405012163,CIT,52,43,10.0,2090.0,20900.0,2024-02-04
2024020405012162,CIT,52,33,50.0,2090.0,104500.0,2024-02-04
2024020404015100,HEI,43,56,524.0,577.0,302348.0,2024-02-04
2024020404015099,HEI,59,56,476.0,577.1,274699.6,2024-02-04
2024020404015098,CGH,56,57,10.0,926.0,9260.0,2024-02-04
2024020401035067,NYADI,7,52,290.0,273.0,79170.0,2024-02-04
2024020401035066,NYADI,7,38,10.0,273.0,2730.0,2024-02-04
2024020401035065,NYADI,7,21,10.0,273.0,2730.0,2024-02-04
2024020401035064,NYADI,7,53,10.0,273.0,2730.0,2024-02-04
2024020401035063,NYADI,7,58,10.0,273.0,2730.0,2024-02-04
2024020401035062,NYADI,7,29,30.0,273.0,8190.0,2024-02-04
2024020401035061,NYADI,7,42,10.0,273.0,2730.0,2024-02-04
2024020401035060,NYADI,7,38,10.0,273.0,2730.0,2024-02-04
2024020401035059,NYADI,7,29,100.0,272.0,27200.0,2024-02-04
2024020401035058,NYADI,7,6,10.0,272.0,2720.0,2024-02-04
2024020403008041,PROFL,35,48,100.0,316.1,31610.0,2024-02-04
2024020404015097,API,58,43,10.0,198.0,1980.0,2024-02-04
2024020401035057,TVCL,58,38,10.0,535.0,5350.0,2024-02-04
2024020405012161,HRL,42,43,21.0,688.0,14448.0,2024-02-04
2024020405012160,HRL,40,43,50.0,688.0,34400.0,2024-02-04
2024020405012159,HRL,41,43,30.0,688.0,20640.0,2024-02-04
2024020405012158,HRL,19,43,10.0,688.0,6880.0,2024-02-04
2024020405012157,HRL,33,43,59.0,688.0,40592.0,2024-02-04
2024020405012156,HRL,8,43,80.0,688.1,55048.0,2024-02-04
2024020403008040,DDBL,67,34,100.0,755.0,75500.0,2024-02-04
2024020401035056,CLI,1,37,20.0,452.0,9040.0,2024-02-04
2024020401035055,CLI,1,49,10.0,451.0,4510.0,2024-02-04
2024020405012155,NRIC,65,35,400.0,777.0,310800.0,2024-02-04
2024020404015096,NGPL,66,57,310.0,342.0,106020.0,2024-02-04
2024020404015095,NGPL,66,39,100.0,342.0,34200.0,2024-02-04
2024020404015094,NGPL,66,57,200.0,342.0,68400.0,2024-02-04
2024020404015093,NGPL,66,38,100.0,342.0,34200.0,2024-02-04
2024020404015092,NGPL,66,67,200.0,341.5,68300.0,2024-02-04
2024020404015091,NGPL,66,67,90.0,341.3,30717.0,2024-02-04
2024020404015090,UAIL,4,28,100.0,618.9,61890.0,2024-02-04
2024020401035054,VLUCL,57,42,50.0,501.1,25055.0,2024-02-04
2024020403008039,CFCL,52,57,500.0,336.0,168000.0,2024-02-04
2024020404015089,NGPL,19,51,500.0,341.0,170500.0,2024-02-04
2024020404015088,UMRH,51,81,100.0,387.0,38700.0,2024-02-04
2024020401035053,SONA,42,70,100.0,456.0,45600.0,2024-02-04
2024020401035052,SONA,49,70,100.0,456.0,45600.0,2024-02-04
2024020401035051,AHL,49,39,10.0,415.0,4150.0,2024-02-04
2024020401035050,CZBIL,38,42,10.0,166.5,1665.0,2024-02-04
2024020404015087,HDHPC,45,16,200.0,146.0,29200.0,2024-02-04
2024020404015086,AKPL,48,14,20.0,193.6,3872.0,2024-02-04
2024020401035049,MHCL,88,52,50.0,480.0,24000.0,2024-02-04
2024020401035048,SMJC,3,55,100.0,356.3,35630.0,2024-02-04
2024020401035047,MEL,34,21,10.0,224.4,2244.0,2024-02-04
2024020401035046,DORDI,77,57,120.0,397.0,47640.0,2024-02-04
2024020401035045,TPC,28,39,20.0,552.0,11040.0,2024-02-04
2024020401035044,MEL,32,21,10.0,224.4,2244.0,2024-02-04
2024020401035043,SHIVM,58,28,10.0,504.0,5040.0,2024-02-04
2024020401035042,HATHY,58,19,199.0,929.0,184871.0,2024-02-04
2024020401035041,HATHY,58,32,18.0,929.0,16722.0,2024-02-04
2024020401035040,HATHY,58,47,200.0,928.5,185700.0,2024-02-04
2024020401035039,HATHY,58,83,20.0,928.0,18560.0,2024-02-04
2024020401035038,HATHY,58,45,20.0,927.0,18540.0,2024-02-04
2024020401035037,HATHY,58,34,20.0,927.0,18540.0,2024-02-04
2024020401035036,HATHY,58,13,69.0,927.0,63963.0,2024-02-04
2024020401035035,HATHY,58,46,50.0,926.0,46300.0,2024-02-04
2024020401035034,HATHY,58,74,100.0,925.0,92500.0,2024-02-04
2024020401035033,HATHY,58,22,20.0,925.0,18500.0,2024-02-04
2024020401035032,HATHY,58,14,159.0,925.0,147075.0,2024-02-04
2024020401035031,HATHY,58,19,150.0,922.0,138300.0,2024-02-04
2024020401035030,HATHY,58,35,445.0,920.0,409400.0,2024-02-04
2024020401035029,HATHY,58,55,30.0,920.0,27600.0,2024-02-04
2024020401035028,MMKJL,36,35,26.0,423.3,11005.8,2024-02-04
2024020401035027,MMKJL,36,65,100.0,423.0,42300.0,2024-02-04
2024020401035026,MMKJL,36,58,10.0,423.0,4230.0,2024-02-04
2024020401035025,MMKJL,36,7,10.0,423.0,4230.0,2024-02-04
2024020401035024,MMKJL,36,42,10.0,423.0,4230.0,2024-02-04
2024020401035023,MMKJL,36,32,544.0,422.9,230057.6,2024-02-04
2024020405012154,NRN,35,43,10.0,587.0,5870.0,2024-02-04
2024020403008038,SKBBL,39,35,10.0,846.2,8462.0,2024-02-04
2024020403008037,SKBBL,59,35,84.0,846.2,71080.8,2024-02-04
2024020403008036,NABBC,13,57,100.0,398.0,39800.0,2024-02-04
2024020404015085,BPCL,57,29,285.0,312.0,88920.0,2024-02-04
2024020401035022,CLI,42,22,30.0,450.0,13500.0,2024-02-04
2024020401035021,CLI,35,22,290.0,450.0,130500.0,2024-02-04
2024020404015084,MHNL,44,81,100.0,266.0,26600.0,2024-02-04
2024020403008035,MFIL,58,44,20.0,510.0,10200.0,2024-02-04
2024020401035020,HDL,48,44,11.0,1600.0,17600.0,2024-02-04
2024020401035019,HDL,17,44,70.0,1600.0,112000.0,2024-02-04
2024020401035018,HDL,35,44,200.0,1600.0,320000.0,2024-02-04
2024020401035017,HDL,32,44,30.0,1600.0,48000.0,2024-02-04
2024020401035016,HDL,53,44,50.0,1600.0,80000.0,2024-02-04
2024020401035015,HDL,6,44,200.0,1600.0,320000.0,2024-02-04
2024020401035014,HDL,52,44,19.0,1600.0,30400.0,2024-02-04
2024020401035013,HDL,54,44,10.0,1600.4,16004.0,2024-02-04
2024020401035012,HDL,57,44,10.0,1600.4,16004.0,2024-02-04
2024020401035011,IHL,16,57,10.0,323.0,3230.0,2024-02-04
2024020401035010,IHL,16,65,200.0,323.0,64600.0,2024-02-04
2024020401035009,IHL,16,6,40.0,323.0,12920.0,2024-02-04
2024020401035008,RFPL,62,50,4700.0,316.0,1485200.0,2024-02-04
2024020401035007,RFPL,62,29,300.0,314.0,94200.0,2024-02-04
2024020403008034,FMDBL,52,28,10.0,619.9,6199.0,2024-02-04
2024020403008033,FMDBL,52,54,10.0,619.0,6190.0,2024-02-04
2024020404015083,RADHI,52,65,10.0,268.5,2685.0,2024-02-04
2024020405012153,HRL,8,56,20.0,688.1,13762.0,2024-02-04
2024020403008032,JBBL,58,48,15.0,298.0,4470.0,2024-02-04
2024020401035006,SMJC,45,25,190.0,359.9,68381.0,2024-02-04
2024020401035005,SMJC,45,35,60.0,359.8,21588.0,2024-02-04
2024020401035004,SMJC,45,57,100.0,359.0,35900.0,2024-02-04
2024020403008031,PMLI,42,58,25.0,516.1,12902.5,2024-02-04
2024020403008030,PMLI,7,58,70.0,516.1,36127.0,2024-02-04
2024020404015082,HDHPC,45,58,342.0,146.0,49932.0,2024-02-04
2024020404015081,HDHPC,45,58,100.0,146.0,14600.0,2024-02-04
2024020404015080,HDHPC,11,58,100.0,146.0,14600.0,2024-02-04
2024020404015079,HDHPC,45,58,100.0,146.0,14600.0,2024-02-04
2024020404015078,HDHPC,22,58,100.0,146.0,14600.0,2024-02-04
2024020404015077,HDHPC,58,58,60.0,146.0,8760.0,2024-02-04
2024020404015076,HDHPC,13,58,200.0,146.0,29200.0,2024-02-04
2024020404015075,HDHPC,58,58,47.0,146.0,6862.0,2024-02-04
2024020404015074,HDHPC,58,58,100.0,146.0,14600.0,2024-02-04
2024020404015073,HDHPC,25,58,500.0,146.0,73000.0,2024-02-04
2024020404015072,HDHPC,42,58,548.0,146.0,80008.0,2024-02-04
2024020404015071,HDHPC,33,58,11.0,146.0,1606.0,2024-02-04
2024020404015070,HDHPC,6,58,500.0,146.1,73050.0,2024-02-04
2024020404015069,HDHPC,25,58,100.0,146.1,14610.0,2024-02-04
2024020404015068,HDHPC,21,58,30.0,146.1,4383.0,2024-02-04
2024020404015067,HDHPC,62,58,162.0,146.1,23668.2,2024-02-04
2024020401035003,CZBIL,58,42,500.0,166.5,83250.0,2024-02-04
2024020404015066,NGPL,29,67,10.0,341.3,3413.0,2024-02-04
2024020401035002,MHCL,88,42,491.0,485.0,238135.0,2024-02-04
2024020401035001,MHCL,88,34,380.0,485.0,184300.0,2024-02-04
2024020401035000,MHCL,88,58,10.0,485.0,4850.0,2024-02-04
2024020401034999,MHCL,88,35,10.0,485.0,4850.0,2024-02-04
2024020401034998,MHCL,88,50,10.0,485.0,4850.0,2024-02-04
2024020401034997,MHCL,88,59,10.0,485.0,4850.0,2024-02-04
2024020401034996,MHCL,88,42,115.0,485.0,55775.0,2024-02-04
2024020401034995,MHCL,88,45,10.0,485.0,4850.0,2024-02-04
2024020401034994,MHCL,88,58,10.0,485.0,4850.0,2024-02-04
2024020401034993,MHCL,88,26,40.0,485.0,19400.0,2024-02-04
2024020401034992,MHCL,88,8,10.0,485.0,4850.0,2024-02-04
2024020401034991,MHCL,88,42,20.0,485.0,9700.0,2024-02-04
2024020401034990,MHCL,88,16,10.0,485.0,4850.0,2024-02-04
2024020401034989,MHCL,88,34,10.0,485.0,4850.0,2024-02-04
2024020401034988,MHCL,88,48,100.0,485.0,48500.0,2024-02-04
2024020401034987,MHCL,88,52,30.0,484.9,14547.0,2024-02-04
2024020401034986,MHCL,88,42,10.0,484.5,4845.0,2024-02-04
2024020401034985,MHCL,88,41,10.0,484.0,4840.0,2024-02-04
2024020401034984,MHCL,88,62,150.0,484.0,72600.0,2024-02-04
2024020401034983,MHCL,88,42,10.0,484.0,4840.0,2024-02-04
2024020401034982,MHCL,88,39,100.0,484.0,48400.0,2024-02-04
2024020401034981,MHCL,88,58,10.0,484.0,4840.0,2024-02-04
2024020401034980,MHCL,88,38,10.0,484.0,4840.0,2024-02-04
2024020401034979,MHCL,88,56,10.0,484.0,4840.0,2024-02-04
2024020401034978,MHCL,88,56,125.0,483.9,60487.5,2024-02-04
2024020401034977,MHCL,88,47,86.0,483.9,41615.4,2024-02-04
2024020401034976,MHCL,88,28,350.0,483.8,169330.0,2024-02-04
2024020401034975,MHCL,88,56,58.0,483.8,28060.4,2024-02-04
2024020401034974,MHCL,88,8,10.0,483.5,4835.0,2024-02-04
2024020401034973,MHCL,88,49,10.0,483.0,4830.0,2024-02-04
2024020401034972,MHCL,88,58,10.0,483.0,4830.0,2024-02-04
2024020401034971,MHCL,88,44,30.0,483.0,14490.0,2024-02-04
2024020401034970,MHCL,88,45,30.0,483.0,14490.0,2024-02-04
2024020401034969,MHCL,88,58,10.0,483.0,4830.0,2024-02-04
2024020401034968,MHCL,88,38,50.0,481.9,24095.0,2024-02-04
2024020401034967,MHCL,88,49,155.0,481.8,74679.0,2024-02-04
2024020401034966,RHGCL,42,56,55.0,280.0,15400.0,2024-02-04
2024020405012152,HRL,8,38,250.0,688.1,172025.0,2024-02-04
2024020401034965,ILI,38,46,10.0,535.5,5355.0,2024-02-04
2024020401034964,SMJC,3,19,100.0,356.3,35630.0,2024-02-04
2024020401034963,NWCL,56,46,40.0,781.1,31244.0,2024-02-04
2024020401034962,NWCL,56,46,50.0,781.3,39065.0,2024-02-04
2024020401034961,NWCL,53,46,10.0,781.4,7814.0,2024-02-04
2024020401034960,NWCL,35,46,500.0,781.5,390750.0,2024-02-04
2024020401034959,SRLI,32,8,10.0,446.2,4462.0,2024-02-04
2024020403008029,EDBL,50,8,75.0,345.1,25882.5,2024-02-04
2024020403008028,SWMF,47,14,100.0,688.0,68800.0,2024-02-04
2024020401034958,HBL,32,33,1000.0,200.5,200500.0,2024-02-04
2024020401034957,HBL,32,37,2000.0,200.5,401000.0,2024-02-04
2024020401034956,HBL,32,25,30.0,200.0,6000.0,2024-02-04
2024020401034955,HBL,32,42,60.0,200.0,12000.0,2024-02-04
2024020401034954,HBL,32,38,400.0,200.0,80000.0,2024-02-04
2024020401034953,HBL,32,33,264.0,200.0,52800.0,2024-02-04
2024020401034952,HBL,32,33,150.0,199.8,29970.0,2024-02-04
2024020404015065,GLH,45,58,10.0,248.0,2480.0,2024-02-04
2024020401034951,MBJC,49,45,50.0,322.0,16100.0,2024-02-04
2024020401034950,MBJC,80,45,30.0,322.0,9660.0,2024-02-04
2024020401034949,MBJC,58,45,261.0,322.0,84042.0,2024-02-04
2024020405012151,HRL,8,43,40.0,688.1,27524.0,2024-02-04
2024020401034948,HDL,87,59,34.0,1605.0,54570.0,2024-02-04
2024020401034947,HDL,87,51,35.0,1605.0,56175.0,2024-02-04
2024020401034946,HDL,87,1,31.0,1605.0,49755.0,2024-02-04
2024020401034945,MKHC,47,42,49.0,273.0,13377.0,2024-02-04
2024020401034944,MKHC,47,56,111.0,273.0,30303.0,2024-02-04
2024020401034943,MKHC,47,21,10.0,273.0,2730.0,2024-02-04
2024020401034942,MKHC,47,49,10.0,273.0,2730.0,2024-02-04
2024020401034941,MKHC,47,48,10.0,273.0,2730.0,2024-02-04
2024020401034940,MKHC,47,49,10.0,273.0,2730.0,2024-02-04
2024020401034939,MKHC,47,46,10.0,272.5,2725.0,2024-02-04
2024020401034938,MKHC,47,58,10.0,272.0,2720.0,2024-02-04
2024020401034937,MKHC,47,16,10.0,272.0,2720.0,2024-02-04
2024020401034936,MKHC,47,38,10.0,272.0,2720.0,2024-02-04
2024020401034935,MKHC,47,57,10.0,270.0,2700.0,2024-02-04
2024020401034934,MKHC,47,35,10.0,270.0,2700.0,2024-02-04
2024020401034933,MKHC,47,41,10.0,270.0,2700.0,2024-02-04
2024020401034932,MKHC,47,19,10.0,270.0,2700.0,2024-02-04
2024020401034931,MKHC,47,35,10.0,270.0,2700.0,2024-02-04
2024020401034930,MKHC,47,19,10.0,270.0,2700.0,2024-02-04
2024020401034929,MKHC,47,33,20.0,269.9,5398.0,2024-02-04
2024020401034928,MKHC,47,58,10.0,269.9,2699.0,2024-02-04
2024020401034927,MKHC,47,59,1000.0,269.0,269000.0,2024-02-04
2024020401034926,MKHC,47,55,60.0,268.0,16080.0,2024-02-04
2024020401034925,MKHC,47,6,110.0,268.0,29480.0,2024-02-04
2024020401034924,SANIMA,39,58,123.0,241.0,29643.0,2024-02-04
2024020401034923,SANIMA,48,58,20.0,241.0,4820.0,2024-02-04
2024020401034922,SANIMA,8,58,99.0,241.0,23859.0,2024-02-04
2024020401034921,SANIMA,42,58,20.0,241.0,4820.0,2024-02-04
2024020401034920,SANIMA,42,58,45.0,241.0,10845.0,2024-02-04
2024020401034919,SANIMA,45,58,500.0,241.0,120500.0,2024-02-04
2024020401034918,SANIMA,45,58,26.0,241.0,6266.0,2024-02-04
2024020401034917,SANIMA,36,58,10.0,242.0,2420.0,2024-02-04
2024020401034916,SANIMA,58,58,810.0,242.0,196020.0,2024-02-04
2024020401034915,MEL,51,58,70.0,222.0,15540.0,2024-02-04
2024020401034914,SPC,28,58,40.0,631.0,25240.0,2024-02-04
2024020401034913,RAWA,29,58,190.0,510.1,96919.0,2024-02-04
2024020401034912,RAWA,57,58,10.0,510.1,5101.0,2024-02-04
2024020401034911,PHCL,34,58,10.0,317.9,3179.0,2024-02-04
2024020401034910,GCIL,58,1,96.0,504.0,48384.0,2024-02-04
2024020401034909,IHL,21,6,10.0,323.0,3230.0,2024-02-04
2024020401034908,IHL,21,51,10.0,323.0,3230.0,2024-02-04
2024020401034907,IHL,21,42,30.0,322.9,9687.0,2024-02-04
2024020401034906,VLUCL,42,35,10.0,501.0,5010.0,2024-02-04
2024020403008027,NFS,64,43,55.0,341.9,18804.5,2024-02-04
2024020403008026,NFS,64,48,285.0,341.9,97441.5,2024-02-04
2024020403008025,NFS,64,11,60.0,341.9,20514.0,2024-02-04
2024020401034905,SGHC,64,45,10.0,309.5,3095.0,2024-02-04
2024020405012150,HRL,8,64,100.0,688.1,68810.0,2024-02-04
2024020401034904,MSHL,64,13,20.0,697.0,13940.0,2024-02-04
2024020401034903,MSHL,64,26,10.0,696.0,6960.0,2024-02-04
2024020401034902,ULHC,45,4,20.0,303.1,6062.0,2024-02-04
2024020404015064,UAIL,58,57,34.0,618.0,21012.0,2024-02-04
2024020405012149,HRL,39,6,60.0,688.6,41316.0,2024-02-04
2024020403008024,SLBBL,43,39,49.0,638.1,31266.9,2024-02-04
2024020404015063,PMHPL,39,41,20.0,255.0,5100.0,2024-02-04
2024020404015062,NGPL,19,88,863.0,341.0,294283.0,2024-02-04
2024020404015061,NGPL,53,88,137.0,341.0,46717.0,2024-02-04
2024020401034901,NABIL,38,54,21.0,477.0,10017.0,2024-02-04
2024020404015060,HURJA,14,22,200.0,299.0,59800.0,2024-02-04
2024020404015059,SGIC,45,3,265.0,520.1,137826.5,2024-02-04
2024020404015058,SGIC,84,3,150.0,521.0,78150.0,2024-02-04
2024020404015057,RADHI,36,65,100.0,268.5,26850.0,2024-02-04
2024020404015056,RADHI,55,65,924.0,268.5,248094.0,2024-02-04
2024020404015055,RADHI,22,65,500.0,268.6,134300.0,2024-02-04
2024020404015054,RADHI,62,65,175.0,268.6,47005.0,2024-02-04
2024020401034900,SONA,49,70,30.0,456.0,13680.0,2024-02-04
2024020404015053,HEI,59,5,174.0,577.1,100415.4,2024-02-04
2024020403008023,KSBBL,59,5,300.0,343.5,103050.0,2024-02-04
2024020401034899,HATHY,49,55,50.0,920.0,46000.0,2024-02-04
2024020401034898,HATHY,61,55,350.0,920.0,322000.0,2024-02-04
2024020401034897,HATHY,17,55,100.0,920.0,92000.0,2024-02-04
2024020401034896,MKCL,47,14,40.0,918.0,36720.0,2024-02-04
2024020404015052,UMHL,75,38,107.0,280.0,29960.0,2024-02-04
2024020404015051,UMHL,75,45,800.0,280.0,224000.0,2024-02-04
2024020404015050,UMHL,75,43,3453.0,280.0,966840.0,2024-02-04
2024020401034895,MBJC,32,39,170.0,323.0,54910.0,2024-02-04
2024020401034894,PRVU,25,32,50.0,153.6,7680.0,2024-02-04
2024020401034893,SONA,57,47,10.0,455.6,4556.0,2024-02-04
2024020405012148,HRL,8,58,10.0,688.1,6881.0,2024-02-04
2024020401034892,RNLI,58,42,44.0,451.8,19879.2,2024-02-04
2024020401034891,PCBL,58,35,825.0,200.1,165082.5,2024-02-04
2024020404015049,KPCL,50,85,144.0,427.0,61488.0,2024-02-04
2024020404015048,KPCL,33,85,100.0,428.0,42800.0,2024-02-04
2024020404015047,KPCL,34,85,56.0,428.0,23968.0,2024-02-04
2024020401034890,USHEC,34,57,10.0,353.1,3531.0,2024-02-04
2024020401034889,SMJC,3,39,10.0,356.3,3563.0,2024-02-04
2024020404015046,BPCL,52,51,47.0,310.3,14584.1,2024-02-04
2024020404015045,BPCL,45,51,153.0,310.3,47475.9,2024-02-04
2024020404015044,UPCL,51,50,19.0,235.0,4465.0,2024-02-04
2024020404015043,UPCL,51,38,991.0,235.0,232885.0,2024-02-04
2024020404015042,UPCL,51,37,280.0,235.0,65800.0,2024-02-04
2024020404015041,UPCL,51,13,45.0,234.9,10570.5,2024-02-04
2024020404015040,UPCL,51,58,165.0,234.7,38725.5,2024-02-04
2024020404015039,RIDI,39,25,593.0,274.0,162482.0,2024-02-04
2024020404015038,RIDI,45,25,200.0,274.0,54800.0,2024-02-04
2024020404015037,RIDI,26,25,40.0,274.0,10960.0,2024-02-04
2024020404015036,RIDI,45,25,50.0,274.0,13700.0,2024-02-04
2024020404015035,RIDI,41,25,50.0,274.0,13700.0,2024-02-04
2024020404015034,RIDI,38,25,67.0,274.0,18358.0,2024-02-04
2024020403008022,SJLIC,19,14,146.0,504.0,73584.0,2024-02-04
2024020403008021,SJLIC,19,13,54.0,504.0,27216.0,2024-02-04
2024020401034888,MEHL,38,19,20.0,280.3,5606.0,2024-02-04
2024020404015033,CHCL,62,8,1000.0,487.1,487100.0,2024-02-04
2024020401034887,MMKJL,62,41,10.0,415.1,4151.0,2024-02-04
2024020401034886,TPC,13,34,70.0,548.0,38360.0,2024-02-04
2024020401034885,TPC,48,34,10.0,548.1,5481.0,2024-02-04
2024020404015032,JOSHI,34,45,30.0,249.0,7470.0,2024-02-04
2024020404015031,JOSHI,34,51,50.0,249.0,12450.0,2024-02-04
2024020403008020,LBBL,45,32,100.0,392.5,39250.0,2024-02-04
2024020404015030,AKPL,11,45,20.0,193.7,3874.0,2024-02-04
2024020404015029,UNHPL,28,72,46.0,233.0,10718.0,2024-02-04
2024020404015028,UNHPL,38,72,100.0,233.0,23300.0,2024-02-04
2024020404015027,UNHPL,42,72,10.0,233.0,2330.0,2024-02-04
2024020404015026,UNHPL,71,72,1000.0,233.1,233100.0,2024-02-04
2024020404015025,UNHPL,3,72,344.0,233.2,80220.8,2024-02-04
2024020401034884,DOLTI,58,36,350.0,359.1,125685.0,2024-02-04
2024020403008019,MPFL,62,36,190.0,348.0,66120.0,2024-02-04
2024020403008018,MPFL,39,36,10.0,348.0,3480.0,2024-02-04
2024020405012147,HRL,69,42,10.0,688.2,6882.0,2024-02-04
2024020401034883,RFPL,22,50,2715.0,316.0,857940.0,2024-02-04
2024020401034882,RFPL,22,64,300.0,316.0,94800.0,2024-02-04
2024020401034881,RFPL,22,1,10.0,316.0,3160.0,2024-02-04
2024020401034880,RFPL,22,19,100.0,316.0,31600.0,2024-02-04
2024020401034879,RFPL,22,62,1000.0,315.9,315900.0,2024-02-04
2024020401034878,RFPL,22,11,10.0,315.0,3150.0,2024-02-04
2024020401034877,RFPL,22,58,10.0,315.0,3150.0,2024-02-04
2024020401034876,RFPL,22,49,100.0,314.2,31420.0,2024-02-04
2024020401034875,RFPL,22,62,1000.0,314.1,314100.0,2024-02-04
2024020401034874,RFPL,22,34,10.0,314.1,3141.0,2024-02-04
2024020401034873,RFPL,22,52,55.0,314.0,17270.0,2024-02-04
2024020401034872,RFPL,22,14,10.0,314.0,3140.0,2024-02-04
2024020401034871,RFPL,22,21,10.0,314.0,3140.0,2024-02-04
2024020401034870,RFPL,22,19,100.0,314.0,31400.0,2024-02-04
2024020401034869,RFPL,22,38,10.0,313.6,3136.0,2024-02-04
2024020401034868,RFPL,22,48,500.0,313.1,156550.0,2024-02-04
2024020401034867,RFPL,22,38,1500.0,313.0,469500.0,2024-02-04
2024020401034866,RFPL,22,48,500.0,313.0,156500.0,2024-02-04
2024020401034865,RFPL,22,7,10.0,313.0,3130.0,2024-02-04
2024020401034864,RFPL,22,38,10.0,313.0,3130.0,2024-02-04
2024020401034863,RFPL,22,59,10.0,313.0,3130.0,2024-02-04
2024020401034862,RFPL,22,58,10.0,313.0,3130.0,2024-02-04
2024020401034861,RFPL,22,44,10.0,313.0,3130.0,2024-02-04
2024020401034860,RFPL,22,16,50.0,312.9,15645.0,2024-02-04
2024020401034859,RFPL,22,22,10.0,312.8,3128.0,2024-02-04
2024020401034858,RFPL,22,38,100.0,312.8,31280.0,2024-02-04
2024020401034857,RFPL,22,14,790.0,312.7,247033.0,2024-02-04
2024020401034856,RFPL,22,13,10.0,312.0,3120.0,2024-02-04
2024020401034855,RFPL,22,7,10.0,312.0,3120.0,2024-02-04
2024020401034854,RFPL,22,22,10.0,312.0,3120.0,2024-02-04
2024020401034853,RFPL,22,74,10.0,311.5,3115.0,2024-02-04
2024020401034852,RFPL,22,62,1000.0,311.2,311200.0,2024-02-04
2024020401034851,RFPL,22,42,10.0,311.0,3110.0,2024-02-04
2024020401034850,RFPL,22,21,10.0,311.0,3110.0,2024-02-04
2024020401034849,RFPL,22,26,500.0,310.9,155450.0,2024-02-04
2024020401034848,RFPL,22,38,1000.0,310.0,310000.0,2024-02-04
2024020401034847,RFPL,22,43,10.0,310.0,3100.0,2024-02-04
2024020401034846,RFPL,22,38,1000.0,310.0,310000.0,2024-02-04
2024020401034845,RFPL,22,41,10.0,310.0,3100.0,2024-02-04
2024020401034844,RFPL,22,34,10.0,310.0,3100.0,2024-02-04
2024020401034843,RFPL,22,38,10.0,310.0,3100.0,2024-02-04
2024020401034842,RFPL,22,8,200.0,310.0,62000.0,2024-02-04
2024020401034841,RFPL,22,56,10.0,310.0,3100.0,2024-02-04
2024020401034840,RFPL,22,38,200.0,309.9,61980.0,2024-02-04
2024020401034839,RFPL,22,38,2000.0,309.6,619200.0,2024-02-04
2024020401034838,RFPL,22,38,50.0,307.0,15350.0,2024-02-04
2024020405012146,NBF2,25,64,100.0,8.2,820.0,2024-02-04
2024020404015024,UAIL,58,38,13.0,618.0,8034.0,2024-02-04
2024020401034837,MCHL,38,45,30.0,325.0,9750.0,2024-02-04
2024020401034836,MAKAR,39,42,10.0,420.0,4200.0,2024-02-04
2024020405012145,HRL,41,58,10.0,688.5,6885.0,2024-02-04
2024020401034835,MEHL,38,14,10.0,280.3,2803.0,2024-02-04
2024020403008017,USLB,33,45,10.0,935.0,9350.0,2024-02-04
2024020405012144,HRL,59,49,10.0,688.5,6885.0,2024-02-04
2024020401034834,MEHL,38,7,10.0,280.3,2803.0,2024-02-04
2024020405012143,HRL,83,49,15.0,688.5,10327.5,2024-02-04
2024020405012142,HRL,83,22,10.0,688.5,6885.0,2024-02-04
2024020401034833,NBL,45,28,25.0,230.0,5750.0,2024-02-04
2024020401034832,SPC,28,1,73.0,631.0,46063.0,2024-02-04
2024020401034831,SPC,28,1,27.0,631.0,17037.0,2024-02-04
2024020404015023,RADHI,62,13,300.0,268.6,80580.0,2024-02-04
2024020401034830,PRSF,36,58,100.0,8.82,882.0,2024-02-04
2024020401034829,PRSF,36,49,100.0,8.82,882.0,2024-02-04
2024020401034828,HDL,54,1,10.0,1605.0,16050.0,2024-02-04
2024020401034827,HDL,54,58,10.0,1604.0,16040.0,2024-02-04
2024020401034826,NICA,22,14,20.0,468.9,9378.0,2024-02-04
2024020404015022,PMHPL,25,41,200.0,255.0,51000.0,2024-02-04
2024020405012141,HRL,33,49,50.0,688.0,34400.0,2024-02-04
2024020401034825,SMHL,19,41,10.0,452.0,4520.0,2024-02-04
2024020401034824,SMHL,19,58,180.0,452.0,81360.0,2024-02-04
2024020404015021,MHNL,45,38,50.0,265.1,13255.0,2024-02-04
2024020403008016,RSDC,38,48,10.0,544.7,5447.0,2024-02-04
2024020403008015,RSDC,38,42,20.0,544.6,10892.0,2024-02-04
2024020401034823,CLI,34,42,10.0,451.0,4510.0,2024-02-04
2024020404015020,MEN,41,28,20.0,616.0,12320.0,2024-02-04
2024020404015019,SSHL,55,6,500.0,177.8,88900.0,2024-02-04
2024020404015018,UMRH,45,81,200.0,387.0,77400.0,2024-02-04
2024020404015017,UMRH,49,81,100.0,387.1,38710.0,2024-02-04
2024020404015016,UMRH,28,81,90.0,387.2,34848.0,2024-02-04
2024020403008014,SFCL,7,58,10.0,307.5,3075.0,2024-02-04
2024020405012140,HRL,33,56,10.0,688.0,6880.0,2024-02-04
2024020401034822,RNLI,34,49,50.0,450.0,22500.0,2024-02-04
2024020405012139,CIT,28,11,16.0,2086.5,33384.0,2024-02-04
2024020401034821,MMKJL,62,45,10.0,415.1,4151.0,2024-02-04
2024020403008013,MDB,45,14,177.0,413.0,73101.0,2024-02-04
2024020403008012,MDB,45,29,200.0,412.9,82580.0,2024-02-04
2024020403008011,MDB,45,33,123.0,412.8,50774.4,2024-02-04
2024020405012138,HRL,50,35,20.0,688.2,13764.0,2024-02-04
2024020401034820,TPC,29,39,20.0,552.0,11040.0,2024-02-04
2024020401034819,TPC,29,32,77.0,549.0,42273.0,2024-02-04
2024020401034818,NICA,58,57,40.0,468.8,18752.0,2024-02-04
2024020401034817,MMKJL,36,32,446.0,422.9,188613.4,2024-02-04
2024020401034816,MMKJL,36,41,200.0,422.0,84400.0,2024-02-04
2024020401034815,MMKJL,36,35,10.0,422.0,4220.0,2024-02-04
2024020401034814,MMKJL,36,34,10.0,422.0,4220.0,2024-02-04
2024020401034813,MMKJL,36,40,10.0,422.0,4220.0,2024-02-04
2024020401034812,MMKJL,36,49,10.0,422.0,4220.0,2024-02-04
2024020401034811,MMKJL,36,59,10.0,422.0,4220.0,2024-02-04
2024020401034810,MMKJL,36,13,10.0,422.0,4220.0,2024-02-04
2024020401034809,MMKJL,36,59,10.0,420.1,4201.0,2024-02-04
2024020401034808,MMKJL,36,8,10.0,420.0,4200.0,2024-02-04
2024020401034807,MMKJL,36,45,75.0,420.0,31500.0,2024-02-04
2024020401034806,MMKJL,36,58,10.0,420.0,4200.0,2024-02-04
2024020401034805,MMKJL,36,58,10.0,420.0,4200.0,2024-02-04
2024020401034804,MMKJL,36,22,10.0,420.0,4200.0,2024-02-04
2024020401034803,MMKJL,36,47,100.0,420.0,42000.0,2024-02-04
2024020401034802,MMKJL,36,58,10.0,420.0,4200.0,2024-02-04
2024020401034801,MMKJL,36,58,10.0,420.0,4200.0,2024-02-04
2024020401034800,MMKJL,36,21,10.0,420.0,4200.0,2024-02-04
2024020401034799,MMKJL,36,58,10.0,420.0,4200.0,2024-02-04
2024020401034798,MMKJL,36,45,10.0,419.0,4190.0,2024-02-04
2024020401034797,MMKJL,36,55,19.0,418.0,7942.0,2024-02-04
2024020401034796,GCIL,58,62,100.0,504.0,50400.0,2024-02-04
2024020405012137,LEMF,38,22,2500.0,9.5,23750.0,2024-02-04
2024020401034795,SHIVM,58,55,30.0,502.7,15081.0,2024-02-04
2024020404015015,SHEL,14,21,10.0,250.0,2500.0,2024-02-04
2024020404015014,SHEL,14,94,10.0,250.0,2500.0,2024-02-04
2024020401034794,CITY,75,7,90.0,641.0,57690.0,2024-02-04
2024020401034793,CITY,39,7,100.0,641.1,64110.0,2024-02-04
2024020401034792,CITY,43,7,40.0,641.1,25644.0,2024-02-04
2024020401034791,CITY,39,7,80.0,641.3,51304.0,2024-02-04
2024020404015013,AKPL,48,50,51.0,193.6,9873.6,2024-02-04
2024020401034790,CLI,45,37,10.0,452.0,4520.0,2024-02-04
2024020403008010,KRBL,21,58,40.0,353.0,14120.0,2024-02-04
2024020401034789,HHL,58,6,100.0,322.0,32200.0,2024-02-04
2024020401034788,PRVU,25,35,610.0,153.6,93696.0,2024-02-04
2024020401034787,PRVU,8,35,200.0,153.6,30720.0,2024-02-04
2024020401034786,PRVU,48,35,100.0,153.7,15370.0,2024-02-04
2024020401034785,PRVU,14,35,590.0,153.7,90683.0,2024-02-04
2024020401034784,PRVU,58,35,100.0,153.9,15390.0,2024-02-04
2024020404015012,AKJCL,58,29,100.0,228.9,22890.0,2024-02-04
2024020401034783,MANDU,36,57,100.0,673.0,67300.0,2024-02-04
2024020404015011,RIDI,36,51,388.0,274.6,106544.8,2024-02-04
2024020404015010,RIDI,36,14,12.0,274.5,3294.0,2024-02-04
2024020404015009,RIDI,38,51,50.0,274.0,13700.0,2024-02-04
2024020401034782,BGWT,65,35,200.0,645.6,129120.0,2024-02-04
2024020401034781,BGWT,65,14,100.0,645.0,64500.0,2024-02-04
2024020401034780,BGWT,65,28,200.0,645.0,129000.0,2024-02-04
2024020405012136,HRL,33,25,30.0,688.0,20640.0,2024-02-04
2024020404015008,LEC,19,38,200.0,212.0,42400.0,2024-02-04
2024020401034779,DOLTI,38,34,149.0,360.0,53640.0,2024-02-04
2024020401034778,DOLTI,38,51,51.0,359.5,18334.5,2024-02-04
2024020403008009,SJLIC,38,13,10.0,504.0,5040.0,2024-02-04
2024020401034777,VLUCL,57,42,10.0,501.2,5012.0,2024-02-04
2024020403008008,ALICL,42,38,100.0,697.9,69790.0,2024-02-04
2024020401034776,RFPL,38,48,500.0,309.0,154500.0,2024-02-04
2024020403008007,MLBL,59,48,429.0,326.0,139854.0,2024-02-04
2024020403008006,MLBL,56,48,500.0,326.0,163000.0,2024-02-04
2024020403008005,MLBL,45,48,450.0,326.0,146700.0,2024-02-04
2024020403008004,MLBL,28,48,20.0,326.0,6520.0,2024-02-04
2024020403008003,MLBL,41,48,100.0,327.0,32700.0,2024-02-04
2024020403008002,MLBL,55,48,25.0,327.0,8175.0,2024-02-04
2024020403008001,MLBL,6,48,476.0,327.0,155652.0,2024-02-04
2024020404015007,UMHL,28,43,210.0,280.0,58800.0,2024-02-04
2024020404015006,UMHL,28,16,100.0,279.9,27990.0,2024-02-04
2024020404015005,UMHL,28,25,190.0,279.9,53181.0,2024-02-04
2024020401034775,NRM,33,58,10.0,372.0,3720.0,2024-02-04
2024020401034774,MHCL,57,43,10.0,481.5,4815.0,2024-02-04
2024020401034773,MHCL,45,43,90.0,481.5,43335.0,2024-02-04
2024020403008000,GFCL,42,47,350.0,433.4,151690.0,2024-02-04
2024020403007999,PMLI,7,6,100.0,516.1,51610.0,2024-02-04
2024020401034772,MKHC,34,6,200.0,268.0,53600.0,2024-02-04
2024020401034771,MKHC,11,6,180.0,268.0,48240.0,2024-02-04
2024020401034770,MKHC,19,6,10.0,268.0,2680.0,2024-02-04
2024020404015004,CHL,35,35,410.0,281.0,115210.0,2024-02-04
2024020404015003,CHL,41,35,90.0,281.1,25299.0,2024-02-04
2024020404015002,UAIL,58,44,55.0,618.0,33990.0,2024-02-04
2024020404015001,UAIL,58,17,38.0,618.0,23484.0,2024-02-04
2024020401034769,SMJC,40,49,10.0,357.0,3570.0,2024-02-04
2024020401034768,SMJC,40,38,20.0,356.5,7130.0,2024-02-04
2024020404015000,RIDI,38,22,83.0,274.0,22742.0,2024-02-04
2024020404014999,RIDI,5,22,17.0,274.0,4658.0,2024-02-04
2024020404014998,RBCL,44,17,10.0,14364.0,143640.0,2024-02-04
2024020403007998,DDBL,16,34,23.0,755.0,17365.0,2024-02-04
2024020401034767,ILI,52,8,10.0,535.0,5350.0,2024-02-04
2024020405012135,HIDCL,49,57,12.0,186.0,2232.0,2024-02-04
2024020401034766,SPC,28,17,363.0,631.0,229053.0,2024-02-04
2024020401034765,SPC,28,17,137.0,631.0,86447.0,2024-02-04
2024020401034764,SONA,7,70,10.0,456.0,4560.0,2024-02-04
2024020404014997,RIDI,5,48,183.0,274.0,50142.0,2024-02-04
2024020404014996,RIDI,10,48,100.0,274.0,27400.0,2024-02-04
2024020404014995,RIDI,13,48,10.0,274.0,2740.0,2024-02-04
2024020404014994,RIDI,35,48,20.0,274.0,5480.0,2024-02-04
2024020404014993,RIDI,38,48,200.0,274.0,54800.0,2024-02-04
2024020404014992,RIDI,36,48,100.0,274.0,27400.0,2024-02-04
2024020404014991,RIDI,57,48,100.0,274.0,27400.0,2024-02-04
2024020404014990,RIDI,55,48,10.0,274.0,2740.0,2024-02-04
2024020404014989,RIDI,42,48,27.0,274.0,7398.0,2024-02-04
2024020404014988,RIDI,49,48,250.0,274.2,68550.0,2024-02-04
2024020401034763,RFPL,43,28,10.0,304.0,3040.0,2024-02-04
2024020404014987,SALICO,34,50,10.0,678.0,6780.0,2024-02-04
2024020404014986,AKPL,21,34,18.0,193.5,3483.0,2024-02-04
2024020404014985,AKPL,55,34,17.0,193.5,3289.5,2024-02-04
2024020401034762,SONA,57,32,50.0,455.6,22780.0,2024-02-04
2024020405012134,NIFRA,43,22,40.0,226.0,9040.0,2024-02-04
2024020405012133,HRL,33,43,10.0,688.0,6880.0,2024-02-04
2024020405012132,NRN,35,58,10.0,589.0,5890.0,2024-02-04
2024020404014984,UMHL,66,13,330.0,278.0,91740.0,2024-02-04
2024020404014983,UMHL,58,13,320.0,278.0,88960.0,2024-02-04
2024020404014982,UMHL,22,13,50.0,278.2,13910.0,2024-02-04
2024020404014981,UMHL,58,13,300.0,278.8,83640.0,2024-02-04
2024020404014980,UPCL,39,58,35.0,234.7,8214.5,2024-02-04
2024020401034761,KBL,41,57,70.0,148.5,10395.0,2024-02-04
2024020401034760,TVCL,39,38,25.0,535.0,13375.0,2024-02-04
2024020401034759,TVCL,39,42,15.0,535.0,8025.0,2024-02-04
2024020401034758,TVCL,39,19,10.0,535.0,5350.0,2024-02-04
2024020403007997,MFIL,58,58,12.0,510.0,6120.0,2024-02-04
2024020404014979,NHDL,42,40,200.0,438.0,87600.0,2024-02-04
2024020403007996,PROFL,35,22,93.0,316.1,29397.3,2024-02-04
2024020401034757,RNLI,36,49,280.0,450.0,126000.0,2024-02-04
2024020401034756,RNLI,26,49,50.0,450.0,22500.0,2024-02-04
2024020401034755,RNLI,36,49,90.0,450.0,40500.0,2024-02-04
2024020401034754,RNLI,58,49,30.0,450.0,13500.0,2024-02-04
2024020403007995,RLFL,17,35,14.0,368.9,5164.6,2024-02-04
2024020405012131,HRL,33,41,10.0,688.0,6880.0,2024-02-04
2024020401034753,USHEC,34,41,1120.0,353.1,395472.0,2024-02-04
2024020401034752,USHEC,10,41,20.0,355.0,7100.0,2024-02-04
2024020401034751,USHEC,22,41,10.0,355.0,3550.0,2024-02-04
2024020401034750,USHEC,5,41,50.0,355.1,17755.0,2024-02-04
2024020405012130,HIDCL,38,41,63.0,185.5,11686.5,2024-02-04
2024020403007994,KRBL,48,45,30.0,350.1,10503.0,2024-02-04
2024020401034749,TPC,43,32,10.0,549.0,5490.0,2024-02-04
2024020401034748,VLUCL,57,47,10.0,501.2,5012.0,2024-02-04
2024020401034747,SAHAS,58,1,680.0,557.0,378760.0,2024-02-04
2024020401034746,SAHAS,5,1,100.0,557.1,55710.0,2024-02-04
2024020401034745,SAHAS,43,1,450.0,557.1,250695.0,2024-02-04
2024020404014978,IGI,42,21,550.0,558.1,306955.0,2024-02-04
2024020404014977,IGI,21,21,100.0,558.2,55820.0,2024-02-04
2024020404014976,IGI,42,21,300.0,558.3,167490.0,2024-02-04
2024020404014975,UPCL,39,13,55.0,234.9,12919.5,2024-02-04
2024020401034744,SANIMA,58,57,39.0,242.0,9438.0,2024-02-04
2024020401034743,SANIMA,42,57,100.0,242.1,24210.0,2024-02-04
2024020401034742,HDL,57,58,10.0,1600.4,16004.0,2024-02-04
2024020401034741,SONA,57,70,190.0,456.0,86640.0,2024-02-04
2024020401034740,SONA,57,40,10.0,455.9,4559.0,2024-02-04
2024020401034739,MKHL,6,58,10.0,346.2,3462.0,2024-02-04
2024020401034738,SHIVM,36,28,255.0,504.0,128520.0,2024-02-04
2024020404014974,API,44,43,100.0,198.0,19800.0,2024-02-04
2024020404014973,RURU,25,42,12.0,708.0,8496.0,2024-02-04
2024020404014972,RURU,14,42,20.0,708.0,14160.0,2024-02-04
2024020404014971,RURU,58,42,30.0,708.0,21240.0,2024-02-04
2024020404014970,RURU,48,42,138.0,708.1,97717.8,2024-02-04
2024020401034737,SMJC,3,55,210.0,356.3,74823.0,2024-02-04
2024020401034736,SMJC,3,55,90.0,356.3,32067.0,2024-02-04
2024020401034735,MCHL,59,45,100.0,325.0,32500.0,2024-02-04
2024020403007993,SJLIC,33,56,82.0,501.6,41131.2,2024-02-04
2024020403007992,SJLIC,38,56,10.0,502.2,5022.0,2024-02-04
2024020404014969,UAIL,34,17,12.0,618.0,7416.0,2024-02-04
2024020404014968,RIDI,42,32,13.0,274.0,3562.0,2024-02-04
2024020404014967,RIDI,6,32,100.0,274.0,27400.0,2024-02-04
2024020404014966,RIDI,45,32,634.0,274.1,173779.4,2024-02-04
2024020404014965,RIDI,41,32,25.0,274.2,6855.0,2024-02-04
2024020404014964,RIDI,50,32,20.0,274.6,5492.0,2024-02-04
2024020404014963,RIDI,58,32,208.0,274.9,57179.2,2024-02-04
2024020403007991,DDBL,1,34,500.0,755.0,377500.0,2024-02-04
2024020401034734,SPC,28,1,50.0,631.0,31550.0,2024-02-04
2024020404014962,DHPL,17,35,10.0,209.0,2090.0,2024-02-04
2024020401034733,MBJC,58,35,10.0,322.0,3220.0,2024-02-04
2024020404014961,API,5,43,10.0,198.0,1980.0,2024-02-04
2024020404014960,RIDI,5,21,27.0,275.0,7425.0,2024-02-04
2024020401034732,NBL,14,62,200.0,229.2,45840.0,2024-02-04
2024020403007990,NLIC,49,32,37.0,613.0,22681.0,2024-02-04
2024020404014959,NGPL,53,48,13.0,341.0,4433.0,2024-02-04
2024020401034731,NMB,41,45,50.0,191.0,9550.0,2024-02-04
2024020405012129,NRN,56,58,360.0,589.0,212040.0,2024-02-04
2024020405012128,NRN,56,74,90.0,589.0,53010.0,2024-02-04
2024020405012127,NRN,56,58,50.0,587.0,29350.0,2024-02-04
2024020401034730,NBL,14,34,235.0,229.2,53862.0,2024-02-04
2024020401034729,NBL,57,34,65.0,229.3,14904.5,2024-02-04
2024020401034728,SMHL,33,34,500.0,451.1,225550.0,2024-02-04
2024020404014958,UMRH,47,14,200.0,388.0,77600.0,2024-02-04
2024020404014957,SPDL,81,13,70.0,273.0,19110.0,2024-02-04
2024020404014956,UAIL,29,17,150.0,618.0,92700.0,2024-02-04
2024020404014955,MEN,57,28,34.0,616.0,20944.0,2024-02-04
2024020405012126,HRL,33,57,10.0,688.0,6880.0,2024-02-04
2024020405012125,HIDCL,38,39,90.0,185.5,16695.0,2024-02-04
2024020405012124,HIDCL,20,39,500.0,185.5,92750.0,2024-02-04
2024020405012123,HIDCL,1,39,100.0,185.5,18550.0,2024-02-04
2024020405012122,HIDCL,47,39,450.0,185.5,83475.0,2024-02-04
2024020405012121,HIDCL,58,39,100.0,185.6,18560.0,2024-02-04
2024020405012120,HIDCL,55,39,50.0,185.6,9280.0,2024-02-04
2024020405012119,HIDCL,45,39,100.0,185.6,18560.0,2024-02-04
2024020405012118,HIDCL,58,39,450.0,185.6,83520.0,2024-02-04
2024020405012117,HIDCL,40,39,150.0,185.7,27855.0,2024-02-04
2024020405012116,NRN,32,58,50.0,587.0,29350.0,2024-02-04
2024020403007989,ICFC,62,57,10.0,482.0,4820.0,2024-02-04
2024020404014954,NHPC,45,19,1200.0,167.0,200400.0,2024-02-04
2024020404014953,UNHPL,3,62,156.0,233.2,36379.2,2024-02-04
2024020404014952,UNHPL,38,62,100.0,233.2,23320.0,2024-02-04
2024020404014951,UNHPL,45,62,500.0,233.3,116650.0,2024-02-04
2024020404014950,UNHPL,39,62,194.0,233.5,45299.0,2024-02-04
2024020401034727,DOLTI,58,49,20.0,359.1,7182.0,2024-02-04
2024020405012115,NIFRA,52,22,22.0,226.0,4972.0,2024-02-04
2024020405012114,NIFRA,52,57,42.0,226.0,9492.0,2024-02-04
2024020405012113,NIFRA,52,16,36.0,226.0,8136.0,2024-02-04
2024020401034726,PCBL,58,25,140.0,200.1,28014.0,2024-02-04
2024020401034725,PCBL,26,25,100.0,200.1,20010.0,2024-02-04
2024020401034724,PCBL,14,25,100.0,200.1,20010.0,2024-02-04
2024020404014949,CGH,29,38,10.0,925.0,9250.0,2024-02-04
2024020401034723,NRM,49,7,10.0,371.2,3712.0,2024-02-04
2024020404014948,NGPL,58,48,250.0,341.0,85250.0,2024-02-04
2024020404014947,NGPL,56,48,120.0,341.0,40920.0,2024-02-04
2024020404014946,NGPL,58,48,617.0,341.0,210397.0,2024-02-04
2024020401034722,HHL,58,34,70.0,322.0,22540.0,2024-02-04
2024020401034721,HHL,42,34,30.0,322.0,9660.0,2024-02-04
2024020404014945,KKHC,43,56,60.0,238.8,14328.0,2024-02-04
2024020404014944,KKHC,43,48,120.0,238.0,28560.0,2024-02-04
2024020404014943,KKHC,43,58,20.0,238.0,4760.0,2024-02-04
2024020403007988,SWMF,38,34,16.0,687.0,10992.0,2024-02-04
2024020405012112,NRN,32,45,50.0,587.0,29350.0,2024-02-04
2024020401034720,NWCL,53,61,10.0,781.4,7814.0,2024-02-04
2024020404014942,RIDI,58,35,202.0,274.9,55529.8,2024-02-04
2024020404014941,AHPC,39,7,110.0,207.0,22770.0,2024-02-04
2024020404014940,AHPC,39,25,10.0,206.9,2069.0,2024-02-04
2024020404014939,AHPC,39,25,20.0,206.8,4136.0,2024-02-04
2024020403007987,MDB,62,57,340.0,405.6,137904.0,2024-02-04
2024020403007986,MDB,45,57,200.0,405.7,81140.0,2024-02-04
2024020403007985,PROFL,35,8,80.0,316.1,25288.0,2024-02-04
2024020404014938,UAIL,68,52,100.0,617.5,61750.0,2024-02-04
2024020403007984,BFC,42,58,10.0,331.9,3319.0,2024-02-04
2024020405012111,HRL,33,55,20.0,688.0,13760.0,2024-02-04
2024020404014937,RIDI,58,37,13.0,274.9,3573.7,2024-02-04
2024020403007983,SWMF,41,45,50.0,689.0,34450.0,2024-02-04
2024020405012110,HRL,59,58,10.0,688.5,6885.0,2024-02-04
2024020405012109,HRL,33,48,10.0,688.0,6880.0,2024-02-04
2024020405012108,HRL,16,48,30.0,688.2,20646.0,2024-02-04
2024020405012107,HRL,16,74,40.0,688.2,27528.0,2024-02-04
2024020401034719,SPL,47,42,15.0,675.2,10128.0,2024-02-04
2024020401034718,SGHC,34,18,440.0,310.0,136400.0,2024-02-04
2024020401034717,SGHC,34,59,10.0,310.0,3100.0,2024-02-04
2024020401034716,SGHC,34,42,10.0,310.0,3100.0,2024-02-04
2024020401034715,SGHC,34,42,10.0,310.0,3100.0,2024-02-04
2024020401034714,SGHC,34,38,20.0,310.0,6200.0,2024-02-04
2024020401034713,SGHC,34,35,10.0,310.0,3100.0,2024-02-04
2024020401034712,MHCL,72,49,25.0,481.8,12045.0,2024-02-04
2024020405012106,HRL,16,57,10.0,688.2,6882.0,2024-02-04
2024020401034711,TAMOR,88,57,10.0,393.0,3930.0,2024-02-04
2024020405012105,HRL,16,54,10.0,688.2,6882.0,2024-02-04
2024020401034710,JALPA,51,56,15.0,1111.0,16665.0,2024-02-04
2024020404014936,RIDI,58,85,500.0,274.9,137450.0,2024-02-04
2024020404014935,RIDI,58,19,77.0,274.9,21167.3,2024-02-04
2024020405012104,HRL,16,6,10.0,688.2,6882.0,2024-02-04
2024020403007982,WNLB,17,41,62.0,844.0,52328.0,2024-02-04
2024020403007981,WNLB,17,55,15.0,843.0,12645.0,2024-02-04
2024020403007980,WNLB,17,43,13.0,843.0,10959.0,2024-02-04
2024020403007979,WNLB,17,10,10.0,843.0,8430.0,2024-02-04
2024020401034709,SONA,57,42,10.0,455.6,4556.0,2024-02-04
2024020401034708,CITY,39,42,10.0,641.3,6413.0,2024-02-04
2024020403007978,SINDU,14,42,29.0,301.0,8729.0,2024-02-04
2024020403007977,RSDC,16,42,20.0,540.3,10806.0,2024-02-04
2024020405012103,HRL,33,38,30.0,688.0,20640.0,2024-02-04
2024020401034707,HDL,52,45,11.0,1600.0,17600.0,2024-02-04
2024020401034706,HDL,35,45,42.0,1600.0,67200.0,2024-02-04
2024020401034705,HDL,59,45,47.0,1600.0,75200.0,2024-02-04
2024020401034704,MAKAR,39,43,10.0,420.0,4200.0,2024-02-04
2024020401034703,MAKAR,39,57,10.0,420.0,4200.0,2024-02-04
2024020401034702,MAKAR,39,51,10.0,420.0,4200.0,2024-02-04
2024020401034701,MAKAR,39,18,10.0,420.0,4200.0,2024-02-04
2024020403007976,HLI,19,88,10.0,401.0,4010.0,2024-02-04
2024020404014934,RIDI,3,19,100.0,274.9,27490.0,2024-02-04
2024020401034700,ILI,52,58,50.0,535.0,26750.0,2024-02-04
2024020401034699,HATHY,10,19,50.0,922.0,46100.0,2024-02-04
2024020404014933,NGPL,58,46,383.0,341.0,130603.0,2024-02-04
2024020403007975,USLB,55,58,10.0,920.5,9205.0,2024-02-04
2024020401034698,CITY,39,49,10.0,641.3,6413.0,2024-02-04
2024020403007974,ICFC,14,57,10.0,482.0,4820.0,2024-02-04
2024020401034697,ILI,52,42,50.0,535.0,26750.0,2024-02-04
2024020404014932,SSHL,3,59,40.0,177.5,7100.0,2024-02-04
2024020401034696,KBSH,55,7,10.0,840.9,8409.0,2024-02-04
2024020404014931,LEC,19,59,100.0,212.0,21200.0,2024-02-04
2024020403007973,GUFL,38,34,10.0,557.9,5579.0,2024-02-04
2024020401034695,RFPL,38,3,10.0,309.0,3090.0,2024-02-04
2024020401034694,RFPL,38,44,29.0,308.0,8932.0,2024-02-04
2024020401034693,RFPL,38,38,50.0,307.0,15350.0,2024-02-04
2024020401034692,RFPL,38,51,570.0,307.0,174990.0,2024-02-04
2024020401034691,RFPL,38,55,10.0,306.0,3060.0,2024-02-04
2024020401034690,RFPL,38,45,80.0,306.0,24480.0,2024-02-04
2024020404014930,API,20,43,148.0,198.0,29304.0,2024-02-04
2024020401034689,MBJC,47,14,20.0,324.0,6480.0,2024-02-04
2024020401034688,MBJC,47,58,20.0,323.5,6470.0,2024-02-04
2024020401034687,MBJC,47,3,30.0,323.5,9705.0,2024-02-04
2024020401034686,GVL,66,72,350.0,440.0,154000.0,2024-02-04
2024020405012102,NIFRA,71,6,636.0,225.8,143608.8,2024-02-04
2024020405012101,NIFRA,54,6,300.0,225.8,67740.0,2024-02-04
2024020405012100,NIFRA,71,6,64.0,225.8,14451.2,2024-02-04
2024020401034685,EBL,52,50,15.0,527.5,7912.5,2024-02-04
2024020401034684,EBL,19,50,22.0,527.6,11607.2,2024-02-04
2024020403007972,JBBL,34,41,50.0,298.9,14945.0,2024-02-04
2024020405012099,NRIC,65,35,2418.0,777.0,1878786.0,2024-02-04
2024020405012098,NRIC,34,35,30.0,777.0,23310.0,2024-02-04
2024020405012097,NRIC,14,35,300.0,777.0,233100.0,2024-02-04
2024020405012096,NRIC,55,35,50.0,777.0,38850.0,2024-02-04
2024020405012095,NRIC,57,35,11.0,777.0,8547.0,2024-02-04
2024020405012094,NRIC,57,35,11.0,777.0,8547.0,2024-02-04
2024020405012093,NRIC,47,35,180.0,777.0,139860.0,2024-02-04
2024020401034683,MBJC,58,57,10.0,322.0,3220.0,2024-02-04
2024020403007971,SADBL,20,7,20.0,301.0,6020.0,2024-02-04
2024020404014929,NGPL,18,46,176.0,341.0,60016.0,2024-02-04
2024020404014928,NGPL,18,94,824.0,341.0,280984.0,2024-02-04
2024020401034682,PPL,62,59,348.0,329.0,114492.0,2024-02-04
2024020401034681,PPL,62,39,500.0,328.0,164000.0,2024-02-04
2024020401034680,PPL,62,58,12.0,328.0,3936.0,2024-02-04
2024020401034679,PPL,62,38,10.0,328.0,3280.0,2024-02-04
2024020401034678,PPL,62,45,10.0,328.0,3280.0,2024-02-04
2024020401034677,PPL,62,32,100.0,328.0,32800.0,2024-02-04
2024020401034676,PPL,62,4,10.0,328.0,3280.0,2024-02-04
2024020401034675,PPL,62,56,10.0,328.0,3280.0,2024-02-04
2024020405012092,HRL,45,8,55.0,688.2,37851.0,2024-02-04
2024020401034674,BHDC,17,5,50.0,454.0,22700.0,2024-02-04
2024020401034673,PHCL,34,58,10.0,317.9,3179.0,2024-02-04
2024020401034672,USHEC,5,58,50.0,355.1,17755.0,2024-02-04
2024020404014927,RIDI,49,19,100.0,274.9,27490.0,2024-02-04
2024020404014926,MHNL,17,43,60.0,265.9,15954.0,2024-02-04
2024020403007970,MLBBL,57,14,10.0,770.0,7700.0,2024-02-04
2024020403007969,NLIC,55,32,50.0,613.0,30650.0,2024-02-04
2024020403007968,HLI,42,36,30.0,402.0,12060.0,2024-02-04
2024020404014925,NHDL,42,32,100.0,438.0,43800.0,2024-02-04
2024020401034671,MKHL,41,22,50.0,348.9,17445.0,2024-02-04
2024020405012091,SEF,48,51,100.0,8.1,810.0,2024-02-04
2024020404014924,LEC,32,34,10.0,212.4,2124.0,2024-02-04
2024020401034670,NWCL,53,6,10.0,781.4,7814.0,2024-02-04
2024020403007967,SMFBS,34,58,10.0,900.0,9000.0,2024-02-04
2024020401034669,CLI,34,21,10.0,451.0,4510.0,2024-02-04
2024020401034668,TPC,29,32,10.0,549.0,5490.0,2024-02-04
2024020401034667,HATHY,10,40,50.0,922.0,46100.0,2024-02-04
2024020404014923,SGIC,58,20,10.0,522.0,5220.0,2024-02-04
2024020403007966,BFC,53,58,10.0,331.9,3319.0,2024-02-04
2024020401034666,SPC,28,58,590.0,631.0,372290.0,2024-02-04
2024020404014922,HURJA,52,58,250.0,300.0,75000.0,2024-02-04
2024020404014921,HURJA,49,58,245.0,300.0,73500.0,2024-02-04
2024020405012090,NRIC,47,17,20.0,777.0,15540.0,2024-02-04
2024020405012089,NRIC,16,17,100.0,777.0,77700.0,2024-02-04
2024020405012088,NRIC,14,17,50.0,777.0,38850.0,2024-02-04
2024020405012087,NRIC,44,17,100.0,777.0,77700.0,2024-02-04
2024020405012086,NRIC,48,17,50.0,777.1,38855.0,2024-02-04
2024020405012085,NRIC,29,17,500.0,777.3,388650.0,2024-02-04
2024020405012084,NRIC,21,17,230.0,777.3,178779.0,2024-02-04
2024020401034665,PHCL,34,14,50.0,317.9,15895.0,2024-02-04
2024020401034664,PHCL,49,14,10.0,317.9,3179.0,2024-02-04
2024020401034663,PHCL,13,14,40.0,317.9,12716.0,2024-02-04
2024020404014920,UPPER,25,55,29.0,206.1,5976.9,2024-02-04
2024020404014919,UPPER,47,55,61.0,206.1,12572.1,2024-02-04
2024020401034662,GVL,7,66,10.0,440.0,4400.0,2024-02-04
2024020403007965,CBBL,50,11,50.0,852.0,42600.0,2024-02-04
2024020401034661,SHIVM,58,47,75.0,502.7,37702.5,2024-02-04
2024020401034660,SHIVM,58,47,155.0,502.7,77918.5,2024-02-04
2024020405012083,HRL,52,6,30.0,688.9,20667.0,2024-02-04
2024020401034659,KBL,45,57,21.0,148.8,3124.8,2024-02-04
2024020405012082,NRN,35,74,10.0,589.0,5890.0,2024-02-04
2024020401034658,BGWT,65,65,10.0,646.0,6460.0,2024-02-04
2024020401034657,BGWT,65,33,110.0,633.4,69674.0,2024-02-04
2024020401034656,BGWT,65,39,445.0,633.0,281685.0,2024-02-04
2024020403007964,SADBL,6,51,37.0,300.1,11103.7,2024-02-04
2024020404014918,CHCL,62,8,425.0,487.1,207017.5,2024-02-04
2024020404014917,CHCL,21,8,200.0,487.2,97440.0,2024-02-04
2024020404014916,CHCL,50,8,125.0,487.2,60900.0,2024-02-04
2024020404014915,CHCL,1,8,250.0,487.3,121825.0,2024-02-04
2024020405012081,HRL,52,22,20.0,688.8,13776.0,2024-02-04
2024020401034655,KBL,41,25,30.0,148.5,4455.0,2024-02-04
2024020401034654,KBL,51,25,50.0,148.6,7430.0,2024-02-04
2024020401034653,KBL,19,25,120.0,148.6,17832.0,2024-02-04
2024020403007963,SWMF,38,58,50.0,687.0,34350.0,2024-02-04
2024020401034652,ILI,52,41,10.0,535.0,5350.0,2024-02-04
2024020401034651,NWCL,43,4,15.0,789.0,11835.0,2024-02-04
2024020401034650,NWCL,43,52,10.0,785.0,7850.0,2024-02-04
2024020404014914,NHPC,45,11,84.0,167.0,14028.0,2024-02-04
2024020401034649,NRM,49,64,100.0,371.2,37120.0,2024-02-04
2024020404014913,UNHPL,39,13,106.0,233.5,24751.0,2024-02-04
2024020404014912,UNHPL,57,13,50.0,233.5,11675.0,2024-02-04
2024020404014911,UNHPL,38,13,100.0,233.5,23350.0,2024-02-04
2024020404014910,UNHPL,38,13,11.0,234.0,2574.0,2024-02-04
2024020404014909,UNHPL,57,13,33.0,234.0,7722.0,2024-02-04
2024020403007962,SLBBL,88,39,41.0,640.0,26240.0,2024-02-04
2024020404014908,AKJCL,58,38,15.0,228.9,3433.5,2024-02-04
2024020403007961,PROFL,59,57,32.0,317.0,10144.0,2024-02-04
2024020403007960,PROFL,59,42,38.0,317.0,12046.0,2024-02-04
2024020404014907,HEI,59,33,350.0,577.1,201985.0,2024-02-04
2024020401034648,NYADI,77,56,150.0,270.0,40500.0,2024-02-04
2024020401034647,NYADI,66,56,50.0,270.0,13500.0,2024-02-04
2024020401034646,LSL,32,34,190.0,166.9,31711.0,2024-02-04
2024020401034645,LSL,32,48,10.0,166.5,1665.0,2024-02-04
2024020404014906,SHL,66,36,100.0,456.9,45690.0,2024-02-04
2024020403007959,PMLI,7,45,100.0,516.1,51610.0,2024-02-04
2024020401034644,ULHC,34,34,10.0,304.0,3040.0,2024-02-04
2024020404014905,UMRH,80,14,50.0,388.0,19400.0,2024-02-04
2024020404014904,SICL,57,22,15.0,718.0,10770.0,2024-02-04
2024020404014903,SICL,57,14,18.0,718.0,12924.0,2024-02-04
2024020401034643,MCHL,57,45,10.0,325.0,3250.0,2024-02-04
2024020403007958,NABBC,13,51,220.0,398.0,87560.0,2024-02-04
2024020403007957,MFIL,58,44,822.0,510.0,419220.0,2024-02-04
2024020403007956,MFIL,52,44,58.0,510.1,29585.8,2024-02-04
2024020404014902,HDHPC,62,58,838.0,146.1,122431.8,2024-02-04
2024020401034642,BEDC,10,57,10.0,336.9,3369.0,2024-02-04
2024020405012080,NIFRA,71,52,540.0,225.8,121932.0,2024-02-04
2024020401034641,GCIL,58,17,10.0,504.0,5040.0,2024-02-04
2024020404014901,RIDI,45,81,59.0,274.1,16171.9,2024-02-04
2024020404014900,RIDI,22,81,328.0,274.2,89937.6,2024-02-04
2024020401034640,CLI,35,14,10.0,450.0,4500.0,2024-02-04
2024020401034639,GCIL,58,58,10.0,504.0,5040.0,2024-02-04
2024020401034638,SONA,57,58,10.0,455.6,4556.0,2024-02-04
2024020401034637,MEHL,38,7,10.0,280.3,2803.0,2024-02-04
2024020404014899,RIDI,22,11,722.0,274.2,197972.4,2024-02-04
2024020401034636,TPC,58,32,110.0,549.0,60390.0,2024-02-04
2024020404014898,AKPL,39,50,49.0,193.6,9486.4,2024-02-04
2024020405012079,NRIC,26,45,129.0,778.0,100362.0,2024-02-04
2024020405012078,HRL,69,22,10.0,688.8,6888.0,2024-02-04
2024020403007955,CORBL,28,35,100.0,371.0,37100.0,2024-02-04
2024020403007954,CORBL,28,35,100.0,371.0,37100.0,2024-02-04
2024020403007953,CORBL,28,35,50.0,371.0,18550.0,2024-02-04
2024020403007952,CORBL,69,35,68.0,371.0,25228.0,2024-02-04
2024020403007951,SHINE,60,52,461.0,385.0,177485.0,2024-02-04
2024020403007950,SHINE,60,38,122.0,384.5,46909.0,2024-02-04
2024020403007949,SHINE,60,7,400.0,384.0,153600.0,2024-02-04
2024020403007948,SHINE,60,57,250.0,384.0,96000.0,2024-02-04
2024020403007947,SHINE,60,17,500.0,384.0,192000.0,2024-02-04
2024020403007946,SHINE,60,45,267.0,384.0,102528.0,2024-02-04
2024020404014897,AKPL,39,57,451.0,193.6,87313.6,2024-02-04
2024020403007945,FMDBL,52,54,10.0,619.0,6190.0,2024-02-04
2024020403007944,NLIC,14,32,50.0,613.0,30650.0,2024-02-04
2024020405012077,HRL,33,58,10.0,688.0,6880.0,2024-02-04
2024020401034635,NIMB,42,14,100.0,169.4,16940.0,2024-02-04
2024020404014896,AKPL,48,57,500.0,193.6,96800.0,2024-02-04
2024020404014895,AKPL,38,57,53.0,193.6,10260.8,2024-02-04
2024020404014894,AKPL,38,51,47.0,193.6,9099.2,2024-02-04
2024020401034634,NIMB,42,59,13.0,169.4,2202.2,2024-02-04
2024020404014893,AKPL,56,51,40.0,193.6,7744.0,2024-02-04
2024020404014892,RIDI,45,47,257.0,274.1,70443.7,2024-02-04
2024020403007943,DDBL,1,34,40.0,755.0,30200.0,2024-02-04
2024020403007942,DDBL,1,38,10.0,754.0,7540.0,2024-02-04
2024020401034633,SNLI,17,21,40.0,585.5,23420.0,2024-02-04
2024020401034632,RAWA,45,21,40.0,512.0,20480.0,2024-02-04
2024020401034631,SMJC,3,34,10.0,356.3,3563.0,2024-02-04
2024020405012076,NRIC,26,18,30.0,778.0,23340.0,2024-02-04
2024020405012075,NRIC,26,16,41.0,778.0,31898.0,2024-02-04
2024020401034630,MEHL,45,26,20.0,280.5,5610.0,2024-02-04
2024020404014891,AHPC,57,26,95.0,206.5,19617.5,2024-02-04
2024020405012074,STC,39,34,10.0,5240.0,52400.0,2024-02-04
2024020404014890,UPCL,39,38,795.0,234.9,186745.5,2024-02-04
2024020404014889,API,20,58,352.0,198.0,69696.0,2024-02-04
2024020401034629,GCIL,58,57,150.0,504.0,75600.0,2024-02-04
2024020404014888,UAIL,68,57,350.0,617.5,216125.0,2024-02-04
2024020404014887,GHL,71,38,100.0,178.0,17800.0,2024-02-04
2024020404014886,HDHPC,33,52,10.0,146.0,1460.0,2024-02-04
2024020403007941,HLI,19,17,10.0,401.0,4010.0,2024-02-04
2024020401034628,SPL,57,55,75.0,675.0,50625.0,2024-02-04
2024020401034627,SPL,55,55,50.0,675.0,33750.0,2024-02-04
2024020401034626,SPL,54,55,50.0,675.1,33755.0,2024-02-04
2024020401034625,SPL,7,55,20.0,675.1,13502.0,2024-02-04
2024020401034624,SPL,19,55,30.0,675.2,20256.0,2024-02-04
2024020401034623,MANDU,36,58,10.0,673.0,6730.0,2024-02-04
2024020404014885,RIDI,45,14,70.0,274.1,19187.0,2024-02-04
2024020404014884,RIDI,14,14,430.0,274.1,117863.0,2024-02-04
2024020404014883,SHPC,6,41,100.0,348.0,34800.0,2024-02-04
2024020403007940,PMLI,21,58,10.0,516.5,5165.0,2024-02-04
2024020404014882,RADHI,62,21,25.0,268.6,6715.0,2024-02-04
2024020401034622,ILI,52,21,10.0,535.0,5350.0,2024-02-04
2024020404014881,UAIL,45,88,39.0,618.0,24102.0,2024-02-04
2024020401034621,HATHY,34,35,55.0,922.5,50737.5,2024-02-04
2024020403007939,PMLI,7,29,30.0,516.1,15483.0,2024-02-04
2024020403007938,PMLI,42,29,70.0,516.2,36134.0,2024-02-04
2024020404014880,NGPL,26,94,1176.0,341.0,401016.0,2024-02-04
2024020404014879,NGPL,26,58,250.0,341.0,85250.0,2024-02-04
2024020404014878,NGPL,26,35,74.0,341.0,25234.0,2024-02-04
2024020404014877,SHPC,16,45,80.0,351.0,28080.0,2024-02-04
2024020404014876,SHPC,16,3,20.0,350.0,7000.0,2024-02-04
2024020405012073,HRL,33,42,51.0,688.0,35088.0,2024-02-04
2024020405012072,HRL,28,42,500.0,688.0,344000.0,2024-02-04
2024020405012071,HRL,33,42,700.0,688.0,481600.0,2024-02-04
2024020405012070,HRL,39,42,100.0,688.0,68800.0,2024-02-04
2024020405012069,HRL,49,42,50.0,688.0,34400.0,2024-02-04
2024020405012068,HRL,44,42,40.0,688.0,27520.0,2024-02-04
2024020405012067,HRL,17,42,1000.0,688.0,688000.0,2024-02-04
2024020405012066,HRL,50,42,554.0,688.0,381152.0,2024-02-04
2024020401034620,RNLI,58,49,10.0,450.0,4500.0,2024-02-04
2024020403007937,GFCL,42,49,250.0,433.4,108350.0,2024-02-04
2024020403007936,SHINE,42,1,100.0,382.2,38220.0,2024-02-04
2024020401034619,USHL,38,4,10.0,505.5,5055.0,2024-02-04
2024020405012065,HRL,50,22,91.0,688.0,62608.0,2024-02-04
2024020405012064,HRL,14,22,59.0,688.1,40597.9,2024-02-04
2024020405012063,HRL,29,22,20.0,688.1,13762.0,2024-02-04
2024020404014875,UMRH,28,57,10.0,387.2,3872.0,2024-02-04
2024020401034618,DORDI,77,49,20.0,398.0,7960.0,2024-02-04
2024020401034617,DORDI,77,58,10.0,397.0,3970.0,2024-02-04
2024020404014874,LEC,19,17,100.0,212.0,21200.0,2024-02-04
2024020404014873,GHL,17,34,70.0,177.3,12411.0,2024-02-04
2024020404014872,CGH,37,57,20.0,926.0,18520.0,2024-02-04
2024020404014871,NGPL,82,35,426.0,341.0,145266.0,2024-02-04
2024020404014870,NGPL,82,50,20.0,341.0,6820.0,2024-02-04
2024020404014869,NGPL,82,72,554.0,341.0,188914.0,2024-02-04
2024020404014868,RIDI,14,58,40.0,274.1,10964.0,2024-02-04
2024020404014867,NGPL,58,72,10.0,341.0,3410.0,2024-02-04
2024020401034616,KDL,57,58,10.0,804.2,8042.0,2024-02-04
2024020401034615,BHDC,17,58,180.0,454.0,81720.0,2024-02-04
2024020403007935,PROFL,38,42,10.0,317.0,3170.0,2024-02-04
2024020401034614,CKHL,14,45,33.0,488.0,16104.0,2024-02-04
2024020401034613,MEL,51,34,10.0,222.0,2220.0,2024-02-04
2024020404014866,MEN,4,14,80.0,616.0,49280.0,2024-02-04
2024020403007934,NLIC,4,32,40.0,613.0,24520.0,2024-02-04
2024020401034612,BGWT,65,39,100.0,633.0,63300.0,2024-02-04
2024020401034611,RNLI,58,54,10.0,450.0,4500.0,2024-02-04
2024020401034610,MHL,13,25,50.0,439.0,21950.0,2024-02-04
2024020404014865,TRH,16,42,20.0,775.0,15500.0,2024-02-04
2024020404014864,TRH,41,42,10.0,775.0,7750.0,2024-02-04
2024020404014863,TRH,43,42,200.0,775.0,155000.0,2024-02-04
2024020404014862,TRH,19,42,70.0,775.0,54250.0,2024-02-04
2024020401034609,RNLI,45,42,10.0,450.0,4500.0,2024-02-04
2024020404014861,AKPL,58,51,13.0,193.6,2516.8,2024-02-04
2024020403007933,RLFL,51,38,160.0,366.3,58608.0,2024-02-04
2024020401034608,HATHY,34,72,25.0,922.5,23062.5,2024-02-04
2024020401034607,HATHY,67,72,20.0,922.6,18452.0,2024-02-04
2024020401034606,HATHY,42,72,100.0,923.0,92300.0,2024-02-04
2024020401034605,HATHY,32,72,335.0,923.0,309205.0,2024-02-04
2024020401034604,HATHY,17,72,20.0,923.1,18462.0,2024-02-04
2024020405012062,HRL,6,42,500.0,689.0,344500.0,2024-02-04
2024020405012061,HRL,6,8,20.0,689.0,13780.0,2024-02-04
2024020405012060,HRL,6,62,10.0,689.0,6890.0,2024-02-04
2024020405012059,HRL,6,8,20.0,689.0,13780.0,2024-02-04
2024020405012058,HRL,6,35,10.0,689.0,6890.0,2024-02-04
2024020405012057,HRL,6,8,10.0,689.0,6890.0,2024-02-04
2024020405012056,HRL,6,52,300.0,689.0,206700.0,2024-02-04
2024020405012055,HRL,6,32,15.0,689.0,10335.0,2024-02-04
2024020405012054,HRL,6,55,10.0,689.0,6890.0,2024-02-04
2024020405012053,HRL,6,55,20.0,689.0,13780.0,2024-02-04
2024020405012052,HRL,6,45,10.0,689.0,6890.0,2024-02-04
2024020405012051,HRL,6,51,20.0,689.0,13780.0,2024-02-04
2024020405012050,HRL,6,19,30.0,689.0,20670.0,2024-02-04
2024020405012049,HRL,6,48,10.0,689.0,6890.0,2024-02-04
2024020405012048,HRL,6,19,20.0,689.0,13780.0,2024-02-04
2024020405012047,HRL,6,58,10.0,689.0,6890.0,2024-02-04
2024020405012046,HRL,6,48,50.0,689.0,34450.0,2024-02-04
2024020405012045,HRL,6,41,10.0,689.0,6890.0,2024-02-04
2024020405012044,HRL,6,49,10.0,689.0,6890.0,2024-02-04
2024020405012043,HRL,6,35,10.0,689.0,6890.0,2024-02-04
2024020405012042,HRL,6,48,170.0,689.0,117130.0,2024-02-04
2024020405012041,HRL,6,33,200.0,688.9,137780.0,2024-02-04
2024020405012040,HRL,6,33,40.0,688.9,27556.0,2024-02-04
2024020405012039,HRL,6,41,50.0,688.5,34425.0,2024-02-04
2024020405012038,HRL,6,49,10.0,688.5,6885.0,2024-02-04
2024020405012037,HRL,6,58,20.0,688.5,13770.0,2024-02-04
2024020405012036,HRL,6,49,415.0,688.5,285727.5,2024-02-04
2024020401034603,ULHC,45,3,25.0,306.0,7650.0,2024-02-04
2024020401034602,ULHC,45,6,10.0,306.0,3060.0,2024-02-04
2024020401034601,ULHC,45,38,10.0,306.0,3060.0,2024-02-04
2024020401034600,ULHC,45,38,10.0,305.5,3055.0,2024-02-04
2024020401034599,ULHC,45,41,10.0,305.0,3050.0,2024-02-04
2024020401034598,ULHC,45,58,10.0,305.0,3050.0,2024-02-04
2024020401034597,ULHC,45,3,10.0,305.0,3050.0,2024-02-04
2024020401034596,ULHC,45,58,10.0,305.0,3050.0,2024-02-04
2024020401034595,ULHC,45,57,50.0,305.0,15250.0,2024-02-04
2024020401034594,ULHC,45,42,10.0,305.0,3050.0,2024-02-04
2024020401034593,ULHC,45,53,10.0,305.0,3050.0,2024-02-04
2024020401034592,ULHC,45,77,10.0,305.0,3050.0,2024-02-04
2024020401034591,ULHC,45,38,10.0,305.0,3050.0,2024-02-04
2024020401034590,ULHC,45,11,500.0,304.9,152450.0,2024-02-04
2024020401034589,ULHC,45,14,15.0,304.9,4573.5,2024-02-04
2024020401034588,ULHC,45,25,40.0,304.8,12192.0,2024-02-04
2024020401034587,ULHC,45,21,100.0,304.8,30480.0,2024-02-04
2024020401034586,ULHC,45,48,10.0,304.8,3048.0,2024-02-04
2024020401034585,CZBIL,42,29,306.0,166.0,50796.0,2024-02-04
2024020401034584,CZBIL,29,29,300.0,166.0,49800.0,2024-02-04
2024020401034583,CZBIL,42,29,94.0,166.2,15622.8,2024-02-04
2024020404014860,UAIL,39,88,10.0,618.0,6180.0,2024-02-04
2024020401034582,SMJC,40,38,10.0,356.5,3565.0,2024-02-04
2024020401034581,SONA,58,54,10.0,455.5,4555.0,2024-02-04
2024020405012035,HRL,29,57,10.0,688.1,6881.0,2024-02-04
2024020403007932,NLIC,17,32,13.0,613.0,7969.0,2024-02-04
2024020403007931,BFC,53,7,84.0,331.0,27804.0,2024-02-04
2024020401034580,GCIL,58,37,500.0,504.0,252000.0,2024-02-04
2024020401034579,GCIL,58,42,10.0,504.0,5040.0,2024-02-04
2024020405012034,HRL,29,42,10.0,688.1,6881.0,2024-02-04
2024020401034578,ILI,57,14,10.0,535.1,5351.0,2024-02-04
2024020403007930,GBBL,59,42,693.0,376.0,260568.0,2024-02-04
2024020403007929,GBBL,59,45,118.0,375.9,44356.2,2024-02-04
2024020403007928,GBBL,59,8,70.0,375.9,26313.0,2024-02-04
2024020403007927,GBBL,59,59,425.0,375.8,159715.0,2024-02-04
2024020403007926,GBBL,59,47,19.0,375.0,7125.0,2024-02-04
2024020403007925,GBBL,59,57,175.0,375.0,65625.0,2024-02-04
2024020404014859,UPPER,47,41,50.0,206.1,10305.0,2024-02-04
2024020404014858,GLH,45,58,10.0,248.0,2480.0,2024-02-04
2024020405012033,HRL,36,49,50.0,688.5,34425.0,2024-02-04
2024020403007924,RSDC,16,57,174.0,540.3,94012.2,2024-02-04
2024020403007923,RSDC,4,57,50.0,540.4,27020.0,2024-02-04
2024020401034577,TAMOR,88,8,10.0,393.0,3930.0,2024-02-04
2024020401034576,TSHL,77,38,10.0,525.0,5250.0,2024-02-04
2024020401034575,TSHL,77,59,20.0,525.0,10500.0,2024-02-04
2024020401034574,NICA,58,45,10.0,468.8,4688.0,2024-02-04
2024020401034573,TSHL,58,8,10.0,521.0,5210.0,2024-02-04
2024020401034572,VLUCL,38,42,10.0,501.9,5019.0,2024-02-04
2024020401034571,VLUCL,38,58,10.0,501.3,5013.0,2024-02-04
2024020401034570,VLUCL,38,22,10.0,501.3,5013.0,2024-02-04
2024020401034569,VLUCL,38,49,10.0,501.3,5013.0,2024-02-04
2024020401034568,VLUCL,38,45,10.0,501.2,5012.0,2024-02-04
2024020405012032,HRL,59,49,10.0,688.5,6885.0,2024-02-04
2024020403007922,NMBMF,33,58,10.0,534.4,5344.0,2024-02-04
2024020404014857,UPPER,47,29,61.0,207.0,12627.0,2024-02-04
2024020405012031,HRL,29,35,10.0,688.1,6881.0,2024-02-04
2024020401034567,SMJC,4,38,20.0,356.5,7130.0,2024-02-04
2024020403007921,SJLIC,34,13,30.0,504.0,15120.0,2024-02-04
2024020404014856,AKPL,56,51,200.0,193.6,38720.0,2024-02-04
2024020405012030,NRN,49,55,113.0,586.1,66229.3,2024-02-04
2024020405012029,NRN,57,55,15.0,586.2,8793.0,2024-02-04
2024020405012028,NRN,35,55,172.0,588.0,101136.0,2024-02-04
2024020404014855,RADHI,55,41,10.0,269.1,2691.0,2024-02-04
2024020404014854,LEC,19,37,100.0,212.0,21200.0,2024-02-04
2024020403007920,MLBSL,58,18,35.0,1655.0,57925.0,2024-02-04
2024020403007919,MLBSL,58,57,15.0,1655.0,24825.0,2024-02-04
2024020401034566,SNLI,17,14,354.0,585.5,207267.0,2024-02-04
2024020401034565,SNLI,57,14,200.0,585.6,117120.0,2024-02-04
2024020404014853,AKPL,56,56,300.0,193.6,58080.0,2024-02-04
2024020401034564,MBJC,25,47,10.0,322.1,3221.0,2024-02-04
2024020401034563,MBJC,42,47,30.0,323.0,9690.0,2024-02-04
2024020401034562,SGHC,64,16,20.0,309.5,6190.0,2024-02-04
2024020401034561,SGHC,64,49,10.0,309.0,3090.0,2024-02-04
2024020401034560,SGHC,64,21,10.0,308.0,3080.0,2024-02-04
2024020401034559,SGHC,64,45,10.0,308.0,3080.0,2024-02-04
2024020401034558,SGHC,64,25,10.0,307.0,3070.0,2024-02-04
2024020401034557,SGHC,64,3,10.0,307.0,3070.0,2024-02-04
2024020401034556,SGHC,64,57,10.0,307.0,3070.0,2024-02-04
2024020401034555,SGHC,64,6,10.0,305.0,3050.0,2024-02-04
2024020401034554,SGHC,64,49,10.0,303.0,3030.0,2024-02-04
2024020405012027,HRL,6,49,25.0,688.9,17222.5,2024-02-04
2024020401034553,MCHL,35,52,10.0,330.0,3300.0,2024-02-04
2024020401034552,MCHL,35,4,10.0,329.4,3294.0,2024-02-04
2024020401034551,MCHL,35,49,30.0,329.4,9882.0,2024-02-04
2024020401034550,MCHL,35,1,10.0,329.0,3290.0,2024-02-04
2024020404014852,NGPL,29,72,10.0,341.0,3410.0,2024-02-04
2024020404014851,RURU,34,61,10.0,719.0,7190.0,2024-02-04
2024020404014850,GHL,36,40,70.0,177.1,12397.0,2024-02-04
2024020404014849,GHL,55,40,30.0,177.1,5313.0,2024-02-04
2024020403007918,GBLBS,54,42,10.0,544.5,5445.0,2024-02-04
2024020404014848,UAIL,5,88,50.0,618.0,30900.0,2024-02-04
2024020404014847,RIDI,14,38,80.0,274.1,21928.0,2024-02-04
2024020405012026,HRL,8,14,491.0,688.1,337857.1,2024-02-04
2024020405012025,HRL,58,14,489.0,688.2,336529.8,2024-02-04
2024020405012024,HRL,57,14,80.0,688.5,55080.0,2024-02-04
2024020405012023,HRL,53,14,940.0,688.9,647566.0,2024-02-04
2024020405012022,HRL,53,58,30.0,688.9,20667.0,2024-02-04
2024020403007917,SIFC,51,33,22.0,350.0,7700.0,2024-02-04
2024020405012021,HRL,13,48,180.0,689.0,124020.0,2024-02-04
2024020404014846,UMHL,58,13,680.0,278.0,189040.0,2024-02-04
2024020404014845,UMHL,25,13,20.0,278.1,5562.0,2024-02-04
2024020404014844,UMHL,17,13,300.0,278.1,83430.0,2024-02-04
2024020401034549,MHCL,45,42,10.0,481.5,4815.0,2024-02-04
2024020404014843,LEC,19,45,100.0,212.0,21200.0,2024-02-04
2024020401034548,GCIL,58,35,10.0,504.0,5040.0,2024-02-04
2024020401034547,CKHL,14,4,10.0,488.0,4880.0,2024-02-04
2024020404014842,NGPL,40,72,198.0,341.0,67518.0,2024-02-04
2024020404014841,NGPL,40,58,22.0,340.8,7497.6,2024-02-04
2024020404014840,NLG,4,57,200.0,815.0,163000.0,2024-02-04
2024020405012020,NTC,62,70,10.0,870.0,8700.0,2024-02-04
2024020404014839,AKPL,56,42,2000.0,193.6,387200.0,2024-02-04
2024020404014838,GHL,55,14,12.0,177.1,2125.2,2024-02-04
2024020404014837,GHL,74,14,10.0,177.2,1772.0,2024-02-04
2024020404014836,GHL,52,14,98.0,177.2,17365.6,2024-02-04
2024020401034546,SCB,52,56,36.0,532.0,19152.0,2024-02-04
2024020401034545,SCB,25,56,64.0,532.2,34060.8,2024-02-04
2024020401034544,SCB,19,56,300.0,532.3,159690.0,2024-02-04
2024020401034543,MHCL,72,21,10.0,481.5,4815.0,2024-02-04
2024020401034542,MHCL,72,22,15.0,481.5,7222.5,2024-02-04
2024020405012019,HIDCL,32,57,117.0,186.0,21762.0,2024-02-04
2024020405012018,HIDCL,32,52,20.0,186.0,3720.0,2024-02-04
2024020405012017,HIDCL,32,41,370.0,186.0,68820.0,2024-02-04
2024020405012016,HIDCL,32,25,51.0,186.0,9486.0,2024-02-04
2024020405012015,HIDCL,32,55,395.0,186.0,73470.0,2024-02-04
2024020405012014,HIDCL,32,17,47.0,186.0,8742.0,2024-02-04
2024020403007916,MFIL,13,45,20.0,513.0,10260.0,2024-02-04
2024020403007915,MFIL,13,39,10.0,513.0,5130.0,2024-02-04
2024020401034541,CKHL,14,35,157.0,488.0,76616.0,2024-02-04
2024020401034540,SRLI,26,50,10.0,447.0,4470.0,2024-02-04
2024020401034539,NMB,36,42,81.0,190.8,15454.8,2024-02-04
2024020403007914,MFIL,52,44,442.0,510.1,225464.2,2024-02-04
2024020403007913,MFIL,37,44,40.0,510.1,20404.0,2024-02-04
2024020403007912,MFIL,59,44,100.0,510.3,51030.0,2024-02-04
2024020403007911,MFIL,62,44,20.0,510.4,10208.0,2024-02-04
2024020403007910,HLBSL,44,1,69.0,600.0,41400.0,2024-02-04
2024020403007909,HLBSL,44,49,21.0,599.7,12593.7,2024-02-04
2024020403007908,HLBSL,44,42,100.0,598.0,59800.0,2024-02-04
2024020403007907,HLBSL,44,14,100.0,597.9,59790.0,2024-02-04
2024020403007906,HLBSL,44,33,100.0,596.0,59600.0,2024-02-04
2024020403007905,HLBSL,44,50,20.0,595.0,11900.0,2024-02-04
2024020403007904,HLBSL,44,40,10.0,595.0,5950.0,2024-02-04
2024020403007903,HLBSL,44,33,47.0,594.0,27918.0,2024-02-04
2024020403007902,HLBSL,44,56,33.0,594.0,19602.0,2024-02-04
2024020404014835,SHPC,5,3,10.0,350.0,3500.0,2024-02-04
2024020403007901,NLIC,46,32,65.0,613.0,39845.0,2024-02-04
2024020401034538,MHCL,88,8,172.0,480.0,82560.0,2024-02-04
2024020401034537,SHIVM,58,52,145.0,502.7,72891.5,2024-02-04
2024020401034536,SHIVM,36,52,20.0,502.8,10056.0,2024-02-04
2024020401034535,SHIVM,57,52,10.0,503.0,5030.0,2024-02-04
2024020401034534,SHIVM,49,52,50.0,503.0,25150.0,2024-02-04
2024020401034533,SHIVM,44,52,180.0,503.0,90540.0,2024-02-04
2024020401034532,SHIVM,19,52,55.0,503.1,27670.5,2024-02-04
2024020405012013,SEF,25,51,100.0,8.1,810.0,2024-02-04
2024020405012012,HRL,53,11,30.0,688.9,20667.0,2024-02-04
2024020404014834,PMHPL,28,48,480.0,255.0,122400.0,2024-02-04
2024020401034531,CLI,22,14,60.0,450.1,27006.0,2024-02-04
2024020401034530,MMKJL,62,41,10.0,415.1,4151.0,2024-02-04
2024020401034529,CLI,22,58,10.0,450.1,4501.0,2024-02-04
2024020404014833,CHL,41,49,10.0,281.1,2811.0,2024-02-04
2024020401034528,SMHL,33,45,900.0,451.1,405990.0,2024-02-04
2024020401034527,SMHL,3,45,300.0,451.2,135360.0,2024-02-04
2024020403007900,KRBL,20,45,300.0,350.1,105030.0,2024-02-04
2024020403007899,KRBL,20,45,170.0,350.1,59517.0,2024-02-04
2024020404014832,SSHL,33,26,100.0,177.2,17720.0,2024-02-04
2024020401034526,MHCL,88,34,10.0,480.0,4800.0,2024-02-04
2024020401034525,BNHC,88,22,50.0,395.0,19750.0,2024-02-04
2024020405012011,HRL,57,57,20.0,688.5,13770.0,2024-02-04
2024020404014831,RIDI,44,3,761.0,274.0,208514.0,2024-02-04
2024020404014830,RIDI,45,3,200.0,274.0,54800.0,2024-02-04
2024020404014829,RIDI,49,3,100.0,274.0,27400.0,2024-02-04
2024020404014828,RIDI,33,3,100.0,274.0,27400.0,2024-02-04
2024020404014827,RIDI,58,3,49.0,274.0,13426.0,2024-02-04
2024020404014826,RIDI,45,3,50.0,274.8,13740.0,2024-02-04
2024020405012010,NRIC,25,16,320.0,778.0,248960.0,2024-02-04
2024020405012009,NIFRA,71,25,74.0,225.8,16709.2,2024-02-04
2024020401034524,HDL,59,53,53.0,1600.0,84800.0,2024-02-04
2024020401034523,HDL,58,53,10.0,1600.0,16000.0,2024-02-04
2024020401034522,HDL,36,53,25.0,1600.0,40000.0,2024-02-04
2024020401034521,HDL,6,53,12.0,1600.0,19200.0,2024-02-04
2024020401034520,SHIVM,58,28,10.0,504.0,5040.0,2024-02-04
2024020404014825,RIDI,58,81,110.0,274.9,30239.0,2024-02-04
2024020404014824,RIDI,58,58,1090.0,274.9,299641.0,2024-02-04
2024020404014823,RIDI,26,58,100.0,274.9,27490.0,2024-02-04
2024020404014822,UAIL,45,88,100.0,618.0,61800.0,2024-02-04
2024020404014821,UAIL,58,88,287.0,618.0,177366.0,2024-02-04
2024020404014820,UAIL,50,88,14.0,618.1,8653.4,2024-02-04
2024020404014819,RIDI,29,58,200.0,274.9,54980.0,2024-02-04
2024020401034519,MKHL,40,42,10.0,349.0,3490.0,2024-02-04
2024020401034518,MKHL,40,45,10.0,348.8,3488.0,2024-02-04
2024020401034517,BGWT,65,33,390.0,633.4,247026.0,2024-02-04
2024020401034516,BGWT,65,65,10.0,633.4,6334.0,2024-02-04
2024020401034515,BGWT,65,44,1000.0,633.0,633000.0,2024-02-04
2024020401034514,BGWT,65,1,100.0,633.0,63300.0,2024-02-04
2024020401034513,SGHC,40,34,260.0,302.0,78520.0,2024-02-04
2024020401034512,SGHC,25,34,100.0,302.0,30200.0,2024-02-04
2024020401034511,SGHC,54,34,90.0,302.0,27180.0,2024-02-04
2024020404014818,AHPC,57,14,60.0,206.5,12390.0,2024-02-04
2024020404014817,AHPC,57,33,45.0,206.3,9283.5,2024-02-04
2024020404014816,CGH,33,57,100.0,926.0,92600.0,2024-02-04
2024020401034510,DORDI,77,58,150.0,397.0,59550.0,2024-02-04
2024020401034509,SMJC,3,55,20.0,356.3,7126.0,2024-02-04
2024020401034508,SMJC,41,55,300.0,356.4,106920.0,2024-02-04
2024020401034507,SMJC,13,55,180.0,356.5,64170.0,2024-02-04
2024020401034506,GBIME,14,41,10.0,194.5,1945.0,2024-02-04
2024020401034505,GBIME,14,57,288.0,194.5,56016.0,2024-02-04
2024020401034504,GBIME,14,42,296.0,194.4,57542.4,2024-02-04
2024020401034503,USHEC,5,85,230.0,355.1,81673.0,2024-02-04
2024020401034502,USHEC,5,41,10.0,355.1,3551.0,2024-02-04
2024020404014815,UPPER,58,29,80.0,207.0,16560.0,2024-02-04
2024020404014814,UPPER,58,17,20.0,206.7,4134.0,2024-02-04
2024020401034501,RAWA,45,58,160.0,510.0,81600.0,2024-02-04
2024020401034500,RAWA,54,58,20.0,510.8,10216.0,2024-02-04
2024020401034499,RAWA,54,58,10.0,511.2,5112.0,2024-02-04
2024020401034498,RAWA,57,58,10.0,511.3,5113.0,2024-02-04
2024020401034497,RAWA,48,58,50.0,511.3,25565.0,2024-02-04
2024020401034496,RAWA,64,58,50.0,512.0,25600.0,2024-02-04
2024020404014813,RIDI,41,58,164.0,274.5,45018.0,2024-02-04
2024020404014812,RIDI,6,58,100.0,274.6,27460.0,2024-02-04
2024020404014811,RIDI,42,58,170.0,274.8,46716.0,2024-02-04
2024020405012008,HRL,57,58,10.0,688.5,6885.0,2024-02-04
2024020401034495,HBL,58,33,50.0,199.8,9990.0,2024-02-04
2024020405012007,HRL,57,49,20.0,688.5,13770.0,2024-02-04
2024020405012006,NRIC,4,39,200.0,778.0,155600.0,2024-02-04
2024020404014810,UPCL,39,17,15.0,234.7,3520.5,2024-02-04
2024020404014809,UPCL,39,55,50.0,234.6,11730.0,2024-02-04
2024020404014808,BARUN,45,54,295.0,276.1,81449.5,2024-02-04
2024020404014807,BARUN,7,54,200.0,277.0,55400.0,2024-02-04
2024020404014806,BARUN,42,54,140.0,277.0,38780.0,2024-02-04
2024020404014805,BARUN,70,54,565.0,277.5,156787.5,2024-02-04
2024020403007898,RLFL,51,36,30.0,366.3,10989.0,2024-02-04
2024020403007897,SFCL,34,49,100.0,307.0,30700.0,2024-02-04
2024020403007896,ICFC,62,34,155.0,480.0,74400.0,2024-02-04
2024020404014804,HPPL,44,40,52.0,279.0,14508.0,2024-02-04
2024020401034494,KBL,51,57,100.0,148.8,14880.0,2024-02-04
2024020404014803,RIDI,42,28,1000.0,274.8,274800.0,2024-02-04
2024020401034493,RNLI,45,58,10.0,450.0,4500.0,2024-02-04
2024020401034492,RNLI,50,58,10.0,451.0,4510.0,2024-02-04
2024020401034491,MHCL,88,58,10.0,480.0,4800.0,2024-02-04
2024020404014802,HDHPC,58,58,275.0,146.1,40177.5,2024-02-04
2024020401034490,NICA,49,33,68.0,468.8,31878.4,2024-02-04
2024020401034489,NICA,49,39,500.0,468.8,234400.0,2024-02-04
2024020401034488,NICA,49,32,88.0,468.8,41254.4,2024-02-04
2024020405012005,HRL,57,35,20.0,688.5,13770.0,2024-02-04
2024020404014801,SHPC,39,3,50.0,350.0,17500.0,2024-02-04
2024020401034487,SONA,58,35,1110.0,455.5,505605.0,2024-02-04
2024020404014800,NGPL,22,58,68.0,340.8,23174.4,2024-02-04
2024020401034486,TPC,29,39,10.0,552.0,5520.0,2024-02-04
2024020401034485,TPC,29,4,10.0,550.0,5500.0,2024-02-04
2024020401034484,CLI,22,54,10.0,450.1,4501.0,2024-02-04
2024020403007895,ILBS,34,45,10.0,707.0,7070.0,2024-02-04
2024020403007894,ILBS,34,57,10.0,706.3,7063.0,2024-02-04
2024020403007893,ILBS,34,5,80.0,700.0,56000.0,2024-02-04
2024020401034483,MKLB,57,56,10.0,693.6,6936.0,2024-02-04
2024020404014799,API,59,19,70.0,197.3,13811.0,2024-02-04
2024020404014798,API,35,19,194.0,197.3,38276.2,2024-02-04
2024020404014797,DHPL,17,35,275.0,209.0,57475.0,2024-02-04
2024020404014796,LEC,19,59,50.0,212.0,10600.0,2024-02-04
2024020404014795,BARUN,70,66,125.0,277.5,34687.5,2024-02-04
2024020404014794,MEN,42,56,176.0,615.0,108240.0,2024-02-04
2024020405012004,NRN,35,50,310.0,588.0,182280.0,2024-02-04
2024020405012003,NRN,36,50,100.0,588.1,58810.0,2024-02-04
2024020403007892,HLI,21,58,92.0,401.1,36901.2,2024-02-04
2024020403007891,HLI,57,58,13.0,401.2,5215.6,2024-02-04
2024020401034482,TPC,58,29,380.0,549.0,208620.0,2024-02-04
2024020401034481,TPC,48,29,20.0,549.1,10982.0,2024-02-04
2024020401034480,SPC,28,28,94.0,631.0,59314.0,2024-02-04
2024020401034479,MBJC,42,38,10.0,323.0,3230.0,2024-02-04
2024020404014793,HDHPC,50,58,22.0,146.1,3214.2,2024-02-04
2024020401034478,VLUCL,13,32,10.0,501.2,5012.0,2024-02-04
2024020404014792,MEN,42,58,20.0,615.0,12300.0,2024-02-04
2024020404014791,LEC,19,33,900.0,212.0,190800.0,2024-02-04
2024020404014790,LEC,35,33,100.0,212.1,21210.0,2024-02-04
2024020401034477,SNLI,42,35,10.0,586.1,5861.0,2024-02-04
2024020403007890,SWMF,40,49,200.0,690.0,138000.0,2024-02-04
2024020405012002,NIFRA,54,16,64.0,226.0,14464.0,2024-02-04
2024020405012001,NIFRA,54,58,54.0,226.0,12204.0,2024-02-04
2024020405012000,NIFRA,54,42,182.0,225.9,41113.8,2024-02-04
2024020401034476,SONA,58,44,10.0,455.5,4555.0,2024-02-04
2024020405011999,CIT,28,46,20.0,2086.3,41726.0,2024-02-04
2024020401034475,MEL,51,48,10.0,222.0,2220.0,2024-02-04
2024020404014789,SPDL,48,41,565.0,275.0,155375.0,2024-02-04
2024020404014788,SPDL,48,13,100.0,275.0,27500.0,2024-02-04
2024020404014787,SPDL,48,42,800.0,275.0,220000.0,2024-02-04
2024020404014786,SPDL,48,21,10.0,275.0,2750.0,2024-02-04
2024020404014785,SPDL,48,45,500.0,275.0,137500.0,2024-02-04
2024020404014784,SPDL,48,14,25.0,274.9,6872.5,2024-02-04
2024020404014783,RIDI,42,35,600.0,274.8,164880.0,2024-02-04
2024020404014782,RIDI,42,26,30.0,274.5,8235.0,2024-02-04
2024020404014781,IGI,14,6,10.0,559.5,5595.0,2024-02-04
2024020404014780,MEN,50,14,14.0,616.0,8624.0,2024-02-04
2024020404014779,MEN,50,29,286.0,616.0,176176.0,2024-02-04
2024020401034474,MKCL,47,32,10.0,918.0,9180.0,2024-02-04
2024020404014778,BARUN,70,14,310.0,277.5,86025.0,2024-02-04
2024020401034473,RNLI,45,88,10.0,450.0,4500.0,2024-02-04
2024020404014777,UNHPL,57,45,167.0,234.0,39078.0,2024-02-04
2024020404014776,UNHPL,53,45,2000.0,234.0,468000.0,2024-02-04
2024020404014775,UNHPL,13,45,20.0,234.0,4680.0,2024-02-04
2024020404014774,UNHPL,34,45,200.0,234.0,46800.0,2024-02-04
2024020404014773,UNHPL,49,45,200.0,234.0,46800.0,2024-02-04
2024020404014772,UNHPL,59,45,60.0,234.0,14040.0,2024-02-04
2024020404014771,UNHPL,54,45,53.0,234.0,12402.0,2024-02-04
2024020404014770,MHNL,45,43,10.0,265.9,2659.0,2024-02-04
2024020405011998,HRL,57,54,30.0,688.5,20655.0,2024-02-04
2024020401034472,PRVU,14,57,330.0,153.7,50721.0,2024-02-04
2024020401034471,PRVU,42,57,40.0,153.8,6152.0,2024-02-04
2024020401034470,PRVU,26,57,30.0,153.9,4617.0,2024-02-04
2024020404014769,CHCL,50,8,812.0,487.2,395606.4,2024-02-04
2024020404014768,CHCL,25,8,130.0,487.2,63336.0,2024-02-04
2024020404014767,CHCL,38,8,58.0,487.3,28263.4,2024-02-04
2024020401034469,BGWT,65,51,10.0,621.0,6210.0,2024-02-04
2024020403007889,KRBL,17,58,500.0,353.0,176500.0,2024-02-04
2024020404014766,UPPER,17,29,146.0,207.0,30222.0,2024-02-04
2024020401034468,HDL,6,53,88.0,1600.0,140800.0,2024-02-04
2024020401034467,HDL,49,53,25.0,1600.0,40000.0,2024-02-04
2024020401034466,HDL,58,53,10.0,1600.0,16000.0,2024-02-04
2024020401034465,HDL,38,53,12.0,1600.0,19200.0,2024-02-04
2024020401034464,HDL,67,53,20.0,1600.1,32002.0,2024-02-04
2024020401034463,HDL,47,53,15.0,1600.4,24006.0,2024-02-04
2024020401034462,HDL,38,53,30.0,1600.5,48015.0,2024-02-04
2024020405011997,HRL,57,21,10.0,688.5,6885.0,2024-02-04
2024020404014765,UPCL,39,58,195.0,234.0,45630.0,2024-02-04
2024020404014764,UPCL,5,58,10.0,234.1,2341.0,2024-02-04
2024020404014763,UPCL,39,58,100.0,234.4,23440.0,2024-02-04
2024020404014762,UPCL,39,58,200.0,234.5,46900.0,2024-02-04
2024020405011996,HRL,57,49,20.0,688.5,13770.0,2024-02-04
2024020404014761,AKPL,58,45,100.0,193.7,19370.0,2024-02-04
2024020405011995,HIDCL,58,33,500.0,185.6,92800.0,2024-02-04
2024020401034461,SMHL,33,35,10.0,451.1,4511.0,2024-02-04
2024020405011994,HRL,57,94,290.0,688.5,199665.0,2024-02-04
2024020405011993,HRL,34,94,20.0,688.5,13770.0,2024-02-04
2024020403007888,MMFDB,46,36,136.0,555.1,75493.6,2024-02-04
2024020403007887,MMFDB,10,36,100.0,555.2,55520.0,2024-02-04
2024020403007886,MMFDB,42,36,14.0,555.5,7777.0,2024-02-04
2024020403007885,MMFDB,42,36,20.0,556.0,11120.0,2024-02-04
2024020403007884,MMFDB,58,36,10.0,556.0,5560.0,2024-02-04
2024020403007883,MMFDB,42,36,20.0,556.1,11122.0,2024-02-04
2024020405011992,HRL,45,94,780.0,688.5,537030.0,2024-02-04
2024020405011991,HRL,91,94,410.0,688.6,282326.0,2024-02-04
2024020404014760,RIDI,44,35,400.0,274.8,109920.0,2024-02-04
2024020403007882,MDB,45,57,300.0,405.7,121710.0,2024-02-04
2024020403007881,MDB,21,57,180.0,405.8,73044.0,2024-02-04
2024020403007880,MDB,16,57,500.0,405.9,202950.0,2024-02-04
2024020403007879,MDB,58,57,20.0,406.0,8120.0,2024-02-04
2024020405011990,HRL,91,46,80.0,688.6,55088.0,2024-02-04
2024020403007878,SIFC,51,8,215.0,350.0,75250.0,2024-02-04
2024020404014759,AKPL,17,34,200.0,193.9,38780.0,2024-02-04
2024020401034460,MBL,7,62,11.0,182.9,2011.9,2024-02-04
2024020401034459,MBL,7,38,39.0,182.8,7129.2,2024-02-04
2024020404014758,TRH,19,42,30.0,775.0,23250.0,2024-02-04
2024020404014757,TRH,29,42,200.0,775.0,155000.0,2024-02-04
2024020404014756,TRH,34,42,50.0,775.1,38755.0,2024-02-04
2024020404014755,TRH,68,42,120.0,776.3,93156.0,2024-02-04
2024020401034458,VLUCL,6,42,10.0,501.3,5013.0,2024-02-04
2024020405011989,HRL,91,42,10.0,688.6,6886.0,2024-02-04
2024020401034457,GBIME,11,42,54.0,194.4,10497.6,2024-02-04
2024020405011988,NRIC,4,6,110.0,778.0,85580.0,2024-02-04
2024020405011987,NRIC,42,6,10.0,778.0,7780.0,2024-02-04
2024020405011986,NRIC,91,6,560.0,778.4,435904.0,2024-02-04
2024020405011985,NIFRA,71,32,54.0,225.8,12193.2,2024-02-04
2024020404014754,RIDI,58,35,100.0,274.8,27480.0,2024-02-04
2024020401034456,MHCL,88,58,40.0,480.0,19200.0,2024-02-04
2024020404014753,RIDI,58,3,890.0,274.0,243860.0,2024-02-04
2024020404014752,RIDI,32,3,500.0,274.1,137050.0,2024-02-04
2024020404014751,RIDI,41,3,20.0,274.2,5484.0,2024-02-04
2024020404014750,RIDI,49,3,200.0,274.5,54900.0,2024-02-04
