transaction,symbol,buyer,seller,quantity,rate,amount,date
2024050701014568,SBI,49,1,10.0,275.0,2750.0,2024-05-07
2024050703012425,SJLIC,74,17,30.0,401.0,12030.0,2024-05-07
2024050701014567,HDL,13,55,12.0,1332.0,15984.0,2024-05-07
2024050701014566,MBJC,34,34,90.0,288.0,25920.0,2024-05-07
2024050701014565,MBJC,34,45,10.0,287.9,2879.0,2024-05-07
2024050705003248,CHDC,7,32,10.0,699.0,6990.0,2024-05-07
2024050701014564,ILI,33,20,10.0,540.6,5406.0,2024-05-07
2024050701014563,HDL,13,58,27.0,1332.0,35964.0,2024-05-07
2024050701014562,NWCL,21,38,100.0,705.0,70500.0,2024-05-07
2024050701014561,MKCL,22,13,100.0,795.0,79500.0,2024-05-07
2024050704005023,KKHC,46,6,115.0,221.3,25449.5,2024-05-07
2024050704005022,NHPC,40,34,20.0,145.0,2900.0,2024-05-07
2024050703012424,KSBBL,44,1,60.0,370.1,22206.0,2024-05-07
2024050703012423,KSBBL,3,1,20.0,370.1,7402.0,2024-05-07
2024050705003247,NIFRA,58,45,43.0,193.5,8320.5,2024-05-07
2024050703012422,GRDBL,36,41,1000.0,425.0,425000.0,2024-05-07
2024050701014560,TSHL,77,55,10.0,500.7,5007.0,2024-05-07
2024050703012421,GUFL,57,45,168.0,680.0,114240.0,2024-05-07
2024050703012420,GUFL,13,45,332.0,680.0,225760.0,2024-05-07
2024050701014559,SIKLES,7,58,10.0,498.0,4980.0,2024-05-07
2024050701014558,TVCL,32,54,10.0,452.5,4525.0,2024-05-07
2024050704005021,AHPC,52,41,32.0,161.0,5152.0,2024-05-07
2024050704005020,AHPC,52,42,100.0,161.0,16100.0,2024-05-07
2024050704005019,AHPC,52,56,868.0,161.0,139748.0,2024-05-07
2024050701014557,RNLI,55,48,11.0,426.0,4686.0,2024-05-07
2024050703012419,MNBBL,57,34,500.0,344.0,172000.0,2024-05-07
2024050703012418,MNBBL,34,34,22.0,344.0,7568.0,2024-05-07
2024050703012417,MNBBL,34,34,26.0,344.0,8944.0,2024-05-07
2024050703012416,MNBBL,34,34,300.0,344.0,103200.0,2024-05-07
2024050703012415,MNBBL,35,34,50.0,344.1,17205.0,2024-05-07
2024050703012414,MNBBL,19,34,15.0,344.1,5161.5,2024-05-07
2024050703012413,MNBBL,51,34,50.0,344.1,17205.0,2024-05-07
2024050703012412,MNBBL,25,34,30.0,344.4,10332.0,2024-05-07
2024050701014556,NICA,14,42,24.0,348.0,8352.0,2024-05-07
2024050701014555,SBI,26,45,38.0,273.6,10396.8,2024-05-07
2024050701014554,DLBS,42,49,10.0,1149.0,11490.0,2024-05-07
2024050704005018,IGI,51,28,98.0,525.0,51450.0,2024-05-07
2024050701014553,UHEWA,28,42,220.0,378.7,83314.0,2024-05-07
2024050701014552,UHEWA,57,42,320.0,378.8,121216.0,2024-05-07
2024050701014551,BHPL,35,56,10.0,533.0,5330.0,2024-05-07
2024050705003246,NTC,45,19,30.0,814.0,24420.0,2024-05-07
2024050705003245,NTC,45,34,30.0,814.0,24420.0,2024-05-07
2024050701014550,RHGCL,68,19,10.0,335.0,3350.0,2024-05-07
2024050703012411,BFC,45,94,10.0,377.4,3774.0,2024-05-07
2024050703012410,BFC,8,94,30.0,378.0,11340.0,2024-05-07
2024050701014549,EBL,25,34,461.0,497.9,229531.9,2024-05-07
2024050703012409,SAPDBL,48,59,420.0,313.0,131460.0,2024-05-07
2024050701014548,MMKJL,44,34,10.0,408.0,4080.0,2024-05-07
2024050701014547,RNLI,55,38,117.0,426.0,49842.0,2024-05-07
2024050701014546,GCIL,38,22,189.0,480.0,90720.0,2024-05-07
2024050701014545,GCIL,38,14,100.0,480.0,48000.0,2024-05-07
2024050701014544,GCIL,38,58,11.0,480.0,5280.0,2024-05-07
2024050701014543,GCIL,38,49,11.0,480.0,5280.0,2024-05-07
2024050701014542,GCIL,38,58,11.0,480.0,5280.0,2024-05-07
2024050701014541,GCIL,38,59,11.0,480.0,5280.0,2024-05-07
2024050701014540,GCIL,38,82,134.0,480.0,64320.0,2024-05-07
2024050703012408,ALBSL,58,38,50.0,812.0,40600.0,2024-05-07
2024050704005017,NICL,7,5,213.0,818.5,174340.5,2024-05-07
2024050704005016,NGPL,7,95,115.0,302.2,34753.0,2024-05-07
2024050703012407,MFIL,26,8,100.0,504.8,50480.0,2024-05-07
2024050703012406,NADEP,58,40,109.0,752.5,82022.5,2024-05-07
2024050701014539,ILI,58,54,10.0,542.0,5420.0,2024-05-07
2024050704005015,UMHL,74,32,100.0,229.0,22900.0,2024-05-07
2024050703012405,SADBL,35,21,500.0,305.0,152500.0,2024-05-07
2024050704005014,NGPL,7,39,200.0,302.2,60440.0,2024-05-07
2024050704005013,UPPER,7,32,50.0,161.0,8050.0,2024-05-07
2024050705003244,HRL,41,29,4.0,566.0,2264.0,2024-05-07
2024050705003243,HRL,41,34,26.0,565.7,14708.2,2024-05-07
2024050705003242,HRL,41,32,20.0,565.6,11312.0,2024-05-07
2024050704005012,API,22,73,100.0,162.7,16270.0,2024-05-07
2024050703012404,JFL,14,47,80.0,490.0,39200.0,2024-05-07
2024050701014538,MEHL,45,14,10.0,301.5,3015.0,2024-05-07
2024050701014537,NICGF2,10,7,100.0,7.79,779.0,2024-05-07
2024050701014536,NABIL,36,21,30.0,422.1,12663.0,2024-05-07
2024050701014535,NABIL,57,21,10.0,422.1,4221.0,2024-05-07
2024050701014534,GVL,34,52,10.0,435.1,4351.0,2024-05-07
2024050703012403,NFS,41,38,2900.0,500.0,1450000.0,2024-05-07
2024050704005011,NHPC,58,34,15.0,145.0,2175.0,2024-05-07
2024050701014533,SONA,6,34,300.0,436.0,130800.0,2024-05-07
2024050701014532,PRVU,58,34,500.0,134.3,67150.0,2024-05-07
2024050704005010,PRIN,62,58,1.0,770.0,770.0,2024-05-07
2024050704005009,PRIN,62,48,40.0,770.0,30800.0,2024-05-07
2024050704005008,NGPL,7,13,500.0,302.2,151100.0,2024-05-07
2024050701014531,VLUCL,56,38,38.0,449.1,17065.8,2024-05-07
2024050703012402,NMBMF,38,32,100.0,641.0,64100.0,2024-05-07
2024050703012401,EDBL,32,71,200.0,366.0,73200.0,2024-05-07
2024050704005007,AHPC,8,56,30.0,161.0,4830.0,2024-05-07
2024050704005006,AHPC,35,56,70.0,161.0,11270.0,2024-05-07
2024050704005005,UPPER,62,32,43.0,161.0,6923.0,2024-05-07
2024050705003241,STC,1,32,25.0,4270.0,106750.0,2024-05-07
2024050705003240,STC,20,32,10.0,4270.0,42700.0,2024-05-07
2024050705003239,STC,42,32,10.0,4270.0,42700.0,2024-05-07
2024050703012400,GUFL,13,58,68.0,680.0,46240.0,2024-05-07
2024050704005004,AHPC,38,69,230.0,160.8,36984.0,2024-05-07
2024050704005003,AHPC,56,69,200.0,160.8,32160.0,2024-05-07
2024050703012399,SFCL,22,7,21.0,336.0,7056.0,2024-05-07
2024050703012398,SFCL,88,7,29.0,337.0,9773.0,2024-05-07
2024050703012397,MLBBL,33,66,1000.0,1145.0,1145000.0,2024-05-07
2024050703012396,MLBBL,33,21,13.0,1140.0,14820.0,2024-05-07
2024050703012395,KSBBL,38,42,196.0,370.2,72559.2,2024-05-07
2024050705003238,HRL,56,57,230.0,565.1,129973.0,2024-05-07
2024050705003237,HRL,59,57,50.0,565.1,28255.0,2024-05-07
2024050705003236,HRL,28,57,100.0,565.1,56510.0,2024-05-07
2024050705003235,HRL,32,57,100.0,565.1,56510.0,2024-05-07
2024050705003234,HRL,58,57,10.0,565.2,5652.0,2024-05-07
2024050705003233,HRL,18,57,10.0,565.2,5652.0,2024-05-07
2024050705003232,HRL,49,57,150.0,565.2,84780.0,2024-05-07
2024050705003231,HRL,56,57,50.0,565.4,28270.0,2024-05-07
2024050705003230,HRL,44,57,100.0,565.6,56560.0,2024-05-07
2024050705003229,NTC,58,34,10.0,814.0,8140.0,2024-05-07
2024050705003228,NTC,58,25,20.0,814.0,16280.0,2024-05-07
2024050703012394,NICLBSL,43,38,10.0,659.0,6590.0,2024-05-07
2024050704005002,UPPER,11,32,200.0,161.0,32200.0,2024-05-07
2024050703012393,PFL,22,69,10.0,632.0,6320.0,2024-05-07
2024050704005001,HDHPC,49,42,200.0,129.6,25920.0,2024-05-07
2024050703012392,NFS,49,38,40.0,500.0,20000.0,2024-05-07
2024050701014530,NBL,54,43,100.0,198.0,19800.0,2024-05-07
2024050701014529,SHIVM,50,1,50.0,499.0,24950.0,2024-05-07
2024050701014528,SHIVM,50,57,40.0,499.0,19960.0,2024-05-07
2024050701014527,JALPA,21,34,10.0,1288.0,12880.0,2024-05-07
2024050701014526,JALPA,21,55,11.0,1270.0,13970.0,2024-05-07
2024050703012391,GRDBL,42,48,14.0,422.0,5908.0,2024-05-07
2024050701014525,BHPL,34,56,30.0,533.0,15990.0,2024-05-07
2024050701014524,BHPL,34,22,100.0,533.0,53300.0,2024-05-07
2024050701014523,BHPL,34,13,100.0,533.0,53300.0,2024-05-07
2024050701014522,BHPL,34,38,10.0,531.4,5314.0,2024-05-07
2024050701014521,BHPL,34,19,10.0,530.0,5300.0,2024-05-07
2024050701014520,BHPL,34,20,10.0,530.0,5300.0,2024-05-07
2024050701014519,BHPL,34,45,10.0,529.9,5299.0,2024-05-07
2024050701014518,BHPL,34,14,10.0,527.0,5270.0,2024-05-07
2024050701014517,BHPL,34,22,50.0,525.0,26250.0,2024-05-07
2024050701014516,BHPL,34,58,10.0,522.6,5226.0,2024-05-07
2024050701014515,BHPL,34,59,10.0,522.0,5220.0,2024-05-07
2024050701014514,JALPA,38,41,50.0,1255.0,62750.0,2024-05-07
2024050701014513,JALPA,38,49,10.0,1254.0,12540.0,2024-05-07
2024050701014512,JALPA,38,34,11.0,1250.0,13750.0,2024-05-07
2024050701014511,SARBTM,10,36,200.0,755.4,151080.0,2024-05-07
2024050701014510,DLBS,42,49,10.0,1149.0,11490.0,2024-05-07
2024050701014509,RBCLPO,6,32,50.0,10201.0,510050.0,2024-05-07
2024050703012390,NFS,41,1,235.0,500.0,117500.0,2024-05-07
2024050701014508,SAMAJ,33,19,30.0,1863.0,55890.0,2024-05-07
2024050701014507,SAMAJ,33,19,50.0,1865.0,93250.0,2024-05-07
2024050701014506,SAMAJ,54,19,20.0,1866.0,37320.0,2024-05-07
2024050701014505,SONA,6,49,10.0,436.0,4360.0,2024-05-07
2024050701014504,SONA,6,65,148.0,436.0,64528.0,2024-05-07
2024050705003227,HRL,57,34,50.0,565.7,28285.0,2024-05-07
2024050705003226,NIFRA,56,45,50.0,193.6,9680.0,2024-05-07
2024050701014503,PCBL,39,7,322.0,190.0,61180.0,2024-05-07
2024050705003225,HRL,53,34,100.0,565.7,56570.0,2024-05-07
2024050705003224,HRL,59,34,24.0,565.7,13576.8,2024-05-07
2024050704005000,SHEL,38,50,60.0,148.2,8892.0,2024-05-07
2024050701014502,NIMB,85,45,2677.0,150.5,402888.5,2024-05-07
2024050704004999,NGPL,7,39,150.0,302.2,45330.0,2024-05-07
2024050704004998,UPPER,7,32,138.0,161.0,22218.0,2024-05-07
2024050704004997,UPPER,7,32,862.0,161.0,138782.0,2024-05-07
2024050701014501,SMHL,49,58,10.0,431.6,4316.0,2024-05-07
2024050701014500,TSHL,77,42,325.0,506.0,164450.0,2024-05-07
2024050701014499,TSHL,77,56,60.0,505.9,30354.0,2024-05-07
2024050701014498,TSHL,77,45,15.0,500.8,7512.0,2024-05-07
2024050701014497,MHL,36,17,74.0,402.0,29748.0,2024-05-07
2024050701014496,EHPL,42,7,10.0,439.0,4390.0,2024-05-07
2024050703012389,LLBS,38,78,200.0,1020.0,204000.0,2024-05-07
2024050703012388,LLBS,64,78,244.0,1020.0,248880.0,2024-05-07
2024050704004996,NICL,7,13,87.0,818.5,71209.5,2024-05-07
2024050704004995,NIL,62,38,45.0,786.3,35383.5,2024-05-07
2024050703012387,PFL,22,69,60.0,632.0,37920.0,2024-05-07
2024050703012386,SFCL,88,49,221.0,337.0,74477.0,2024-05-07
2024050703012385,GUFL,13,38,10.0,683.0,6830.0,2024-05-07
2024050701014495,GBIME,62,81,19.0,173.0,3287.0,2024-05-07
2024050701014494,GBIME,19,81,28.0,173.0,4844.0,2024-05-07
2024050701014493,GBIME,48,81,200.0,173.0,34600.0,2024-05-07
2024050701014492,GBIME,29,81,100.0,173.0,17300.0,2024-05-07
2024050701014491,GBIME,32,81,100.0,173.0,17300.0,2024-05-07
2024050701014490,GBIME,1,81,10.0,173.0,1730.0,2024-05-07
2024050701014489,GBIME,26,81,20.0,173.0,3460.0,2024-05-07
2024050701014488,GBIME,22,81,10.0,173.0,1730.0,2024-05-07
2024050701014487,GBIME,58,81,188.0,173.0,32524.0,2024-05-07
2024050701014486,GBIME,35,81,10.0,173.1,1731.0,2024-05-07
2024050701014485,GBIME,58,81,100.0,173.1,17310.0,2024-05-07
2024050701014484,GBIME,35,81,10.0,173.1,1731.0,2024-05-07
2024050701014483,GBIME,35,81,10.0,173.1,1731.0,2024-05-07
2024050701014482,GBIME,35,81,10.0,173.2,1732.0,2024-05-07
2024050701014481,GBIME,35,81,10.0,173.2,1732.0,2024-05-07
2024050701014480,GBIME,17,81,16.0,173.2,2771.2,2024-05-07
2024050701014479,GBIME,35,81,10.0,173.3,1733.0,2024-05-07
2024050701014478,GBIME,35,81,10.0,173.3,1733.0,2024-05-07
2024050701014477,GBIME,10,81,100.0,173.3,17330.0,2024-05-07
2024050701014476,GBIME,53,81,520.0,173.3,90116.0,2024-05-07
2024050703012384,NLIC,4,3,284.0,580.1,164748.4,2024-05-07
2024050701014475,MAKAR,5,57,10.0,351.9,3519.0,2024-05-07
2024050705003223,HRL,44,34,40.0,568.0,22720.0,2024-05-07
2024050705003222,HRL,44,22,10.0,567.1,5671.0,2024-05-07
2024050703012383,PFL,42,69,40.0,632.0,25280.0,2024-05-07
2024050703012382,SADBL,35,5,487.0,305.0,148535.0,2024-05-07
2024050703012381,SADBL,42,5,13.0,305.0,3965.0,2024-05-07
2024050701014474,SANIMA,62,11,100.0,231.1,23110.0,2024-05-07
2024050703012380,NMBMF,33,25,100.0,640.0,64000.0,2024-05-07
2024050701014473,NRM,53,58,20.0,345.0,6900.0,2024-05-07
2024050704004994,NGPL,44,95,385.0,302.7,116539.5,2024-05-07
2024050703012379,NFS,45,1,100.0,500.0,50000.0,2024-05-07
2024050703012378,NLICL,65,11,31.0,527.5,16352.5,2024-05-07
2024050703012377,ALICL,8,33,10.0,540.0,5400.0,2024-05-07
2024050703012376,SAPDBL,45,59,78.0,313.0,24414.0,2024-05-07
2024050701014472,HDL,13,1,50.0,1332.0,66600.0,2024-05-07
2024050703012375,HLBSL,1,17,1.0,839.6,839.6,2024-05-07
2024050703012374,GRDBL,42,57,10.0,422.0,4220.0,2024-05-07
2024050703012373,NMFBS,34,49,50.0,1252.4,62620.0,2024-05-07
2024050701014471,MEL,17,32,10.0,231.9,2319.0,2024-05-07
2024050701014470,MBJC,58,25,10.0,287.1,2871.0,2024-05-07
2024050704004993,UPPER,41,32,30.0,161.0,4830.0,2024-05-07
2024050703013459,RSDC,62,35,20.0,746.9,14938.0,2024-05-07
2024050701015794,MKHL,58,49,40.0,410.0,16400.0,2024-05-07
2024050703013458,MDB,20,63,10.0,448.0,4480.0,2024-05-07
2024050703013457,MDB,20,17,120.0,443.0,53160.0,2024-05-07
2024050703013456,SADBL,87,50,10.0,308.0,3080.0,2024-05-07
2024050701015793,UNLB,48,45,10.0,1614.0,16140.0,2024-05-07
2024050703013455,NADEP,64,49,232.0,760.0,176320.0,2024-05-07
2024050703013454,NADEP,64,41,10.0,760.0,7600.0,2024-05-07
2024050703013453,NADEP,64,34,20.0,760.0,15200.0,2024-05-07
2024050703013452,NADEP,64,47,25.0,760.0,19000.0,2024-05-07
2024050703013451,NADEP,64,34,100.0,758.9,75890.0,2024-05-07
2024050703013450,NADEP,64,49,15.0,757.8,11367.0,2024-05-07
2024050703013449,NADEP,64,26,30.0,757.0,22710.0,2024-05-07
2024050703013448,NADEP,64,26,50.0,755.0,37750.0,2024-05-07
2024050703013447,NADEP,64,55,321.0,755.0,242355.0,2024-05-07
2024050703013446,NADEP,64,19,35.0,755.0,26425.0,2024-05-07
2024050703013445,NADEP,64,28,30.0,755.0,22650.0,2024-05-07
2024050703013444,NADEP,64,41,47.0,754.9,35480.3,2024-05-07
2024050703013443,NADEP,64,54,85.0,754.5,64132.5,2024-05-07
2024050701015792,MLBS,29,37,10.0,1200.0,12000.0,2024-05-07
2024050703013442,GLBSL,62,29,52.0,1910.1,99325.2,2024-05-07
2024050703013441,GLBSL,45,29,48.0,1911.0,91728.0,2024-05-07
2024050703013440,PFL,29,71,10.0,651.0,6510.0,2024-05-07
2024050703013439,ILBS,45,58,95.0,1280.0,121600.0,2024-05-07
2024050703013438,ILBS,45,52,19.0,1280.0,24320.0,2024-05-07
2024050703013437,ILBS,45,45,50.0,1280.0,64000.0,2024-05-07
2024050703013436,ILBS,45,37,43.0,1280.0,55040.0,2024-05-07
2024050703013435,ILBS,45,26,20.0,1280.0,25600.0,2024-05-07
2024050703013434,ILBS,45,28,100.0,1280.0,128000.0,2024-05-07
2024050703013433,ILBS,45,6,24.0,1280.0,30720.0,2024-05-07
2024050703013432,ILBS,45,42,149.0,1280.0,190720.0,2024-05-07
2024050701015791,MEL,52,22,10.0,229.7,2297.0,2024-05-07
2024050703013431,PFL,22,45,30.0,650.9,19527.0,2024-05-07
2024050703013430,SLBBL,26,45,12.0,705.0,8460.0,2024-05-07
2024050703013429,ALICL,10,28,100.0,542.5,54250.0,2024-05-07
2024050703013428,PFL,41,71,10.0,651.0,6510.0,2024-05-07
2024050701015790,UHEWA,36,53,10.0,374.1,3741.0,2024-05-07
2024050704005460,HPPL,33,8,10.0,250.9,2509.0,2024-05-07
2024050701015789,CITY,68,4,10.0,576.0,5760.0,2024-05-07
2024050701015788,CITY,68,39,20.0,574.9,11498.0,2024-05-07
2024050703013427,PFL,3,71,10.0,651.0,6510.0,2024-05-07
2024050701015787,USHEC,77,58,70.0,364.9,25543.0,2024-05-07
2024050701015786,USHEC,77,38,10.0,364.0,3640.0,2024-05-07
2024050701015785,USHEC,77,48,200.0,363.8,72760.0,2024-05-07
2024050701015784,USHEC,77,66,10.0,363.8,3638.0,2024-05-07
2024050701015783,USHEC,77,52,10.0,363.0,3630.0,2024-05-07
2024050703013426,GBBL,77,16,354.0,366.0,129564.0,2024-05-07
2024050703013425,GBBL,77,57,500.0,366.0,183000.0,2024-05-07
2024050703013424,GBBL,77,38,24.0,365.0,8760.0,2024-05-07
2024050703013423,GBBL,77,53,1000.0,364.0,364000.0,2024-05-07
2024050703013422,GBBL,77,16,88.0,364.0,32032.0,2024-05-07
2024050703013421,GBBL,77,57,34.0,363.9,12372.6,2024-05-07
2024050701015782,GCIL,34,42,50.0,479.9,23995.0,2024-05-07
2024050701015781,SMJC,34,11,10.0,352.0,3520.0,2024-05-07
2024050701015780,UHEWA,35,53,30.0,386.0,11580.0,2024-05-07
2024050701015779,AVYAN,58,7,10.0,776.0,7760.0,2024-05-07
2024050701015778,SBL,50,6,10.0,219.9,2199.0,2024-05-07
2024050705003499,NIFRA,45,6,23.0,193.3,4445.9,2024-05-07
2024050705003498,NIFRA,8,6,52.0,193.3,10051.6,2024-05-07
2024050705003497,NIFRA,53,6,225.0,193.4,43515.0,2024-05-07
2024050703013420,SABSL,39,5,11.0,855.0,9405.0,2024-05-07
2024050703013419,SABSL,39,49,100.0,853.7,85370.0,2024-05-07
2024050703013418,SABSL,39,35,19.0,853.7,16220.3,2024-05-07
2024050703013417,SABSL,39,6,70.0,853.7,59759.0,2024-05-07
2024050703013416,SABSL,39,42,10.0,853.0,8530.0,2024-05-07
2024050703013415,SABSL,39,7,20.0,853.0,17060.0,2024-05-07
2024050703013414,SABSL,39,45,30.0,853.0,25590.0,2024-05-07
2024050703013413,SABSL,39,57,10.0,853.0,8530.0,2024-05-07
2024050703013412,SABSL,39,14,19.0,853.0,16207.0,2024-05-07
2024050703013411,SABSL,39,7,10.0,852.0,8520.0,2024-05-07
2024050703013410,SABSL,39,7,35.0,851.7,29809.5,2024-05-07
2024050703013409,SABSL,39,42,225.0,851.0,191475.0,2024-05-07
2024050703013408,SABSL,39,65,100.0,851.0,85100.0,2024-05-07
2024050703013407,SABSL,39,14,87.0,851.0,74037.0,2024-05-07
2024050703013406,SABSL,39,29,100.0,850.6,85060.0,2024-05-07
2024050703013405,SABSL,39,43,100.0,850.0,85000.0,2024-05-07
2024050703013404,SABSL,39,43,16.0,850.0,13600.0,2024-05-07
2024050703013403,SABSL,39,56,19.0,850.0,16150.0,2024-05-07
2024050703013402,SABSL,39,45,77.0,850.0,65450.0,2024-05-07
2024050703013401,SABSL,39,45,19.0,850.0,16150.0,2024-05-07
2024050703013400,SABSL,39,39,150.0,850.0,127500.0,2024-05-07
2024050703013399,SABSL,39,39,178.0,850.0,151300.0,2024-05-07
2024050703013398,SABSL,39,57,10.0,850.0,8500.0,2024-05-07
2024050703013397,SABSL,39,32,19.0,850.0,16150.0,2024-05-07
2024050703013396,SABSL,39,32,100.0,850.0,85000.0,2024-05-07
2024050703013395,SABSL,39,47,114.0,849.6,96854.4,2024-05-07
2024050703013394,SABSL,39,13,352.0,849.0,298848.0,2024-05-07
2024050703013393,PFL,44,71,10.0,651.0,6510.0,2024-05-07
2024050703013392,ILBS,44,42,47.0,1280.0,60160.0,2024-05-07
2024050703013391,ILBS,44,22,50.0,1279.9,63995.0,2024-05-07
2024050703013390,ILBS,44,1,85.0,1279.9,108791.5,2024-05-07
2024050703013389,ILBS,44,58,10.0,1279.8,12798.0,2024-05-07
2024050703013388,ILBS,44,14,50.0,1279.0,63950.0,2024-05-07
2024050703013387,ILBS,44,58,20.0,1279.0,25580.0,2024-05-07
2024050703013386,ILBS,44,13,38.0,1279.0,48602.0,2024-05-07
2024050703013385,ILBS,44,34,200.0,1278.0,255600.0,2024-05-07
2024050701015777,SPHL,57,58,10.0,458.0,4580.0,2024-05-07
2024050701015776,UHEWA,57,53,10.0,386.0,3860.0,2024-05-07
2024050701015775,SMH,91,56,10.0,658.0,6580.0,2024-05-07
2024050701015774,VLUCL,42,41,100.0,450.8,45080.0,2024-05-07
2024050701015773,AVYAN,13,7,10.0,776.0,7760.0,2024-05-07
2024050701015772,SBL,50,59,500.0,219.9,109950.0,2024-05-07
2024050701015771,PPL,50,34,10.0,518.8,5188.0,2024-05-07
2024050703013384,VLBS,28,42,110.0,840.0,92400.0,2024-05-07
2024050703013383,VLBS,28,38,90.0,840.0,75600.0,2024-05-07
2024050703013382,VLBS,28,57,200.0,839.0,167800.0,2024-05-07
2024050703013381,VLBS,28,48,300.0,836.9,251070.0,2024-05-07
2024050705003496,HRL,21,42,10.0,569.0,5690.0,2024-05-07
2024050705003495,HRL,21,47,10.0,568.0,5680.0,2024-05-07
2024050705003494,NTC,56,48,44.0,819.0,36036.0,2024-05-07
2024050703013380,PROFL,71,7,10.0,332.0,3320.0,2024-05-07
2024050703013379,PROFL,71,62,10.0,331.0,3310.0,2024-05-07
2024050705003493,NTC,56,4,25.0,819.0,20475.0,2024-05-07
2024050705003492,NTC,56,51,11.0,819.0,9009.0,2024-05-07
2024050705003491,NTC,56,36,20.0,818.0,16360.0,2024-05-07
2024050701015770,MEHL,43,21,10.0,304.0,3040.0,2024-05-07
2024050701015769,MEHL,43,49,10.0,303.0,3030.0,2024-05-07
2024050701015768,SMJC,71,11,10.0,352.0,3520.0,2024-05-07
2024050701015767,MKHC,5,38,10.0,312.0,3120.0,2024-05-07
2024050701015766,MKHC,5,91,25.0,312.0,7800.0,2024-05-07
2024050701015765,MKHC,5,34,10.0,310.0,3100.0,2024-05-07
2024050703013378,FOWAD,71,28,39.0,1170.0,45630.0,2024-05-07
2024050703013377,FOWAD,71,39,11.0,1168.0,12848.0,2024-05-07
2024050703013376,PFL,62,71,50.0,651.0,32550.0,2024-05-07
2024050701015764,CYCL,44,62,200.0,1503.0,300600.0,2024-05-07
2024050701015763,RHGCL,40,94,105.0,336.0,35280.0,2024-05-07
2024050701015762,UHEWA,38,53,10.0,386.0,3860.0,2024-05-07
2024050703013375,NABBC,22,72,10.0,434.0,4340.0,2024-05-07
2024050703013374,SJLIC,22,1,50.0,401.0,20050.0,2024-05-07
2024050704005459,TRH,45,45,10.0,715.0,7150.0,2024-05-07
2024050703013373,SAPDBL,4,28,300.0,316.8,95040.0,2024-05-07
2024050701015761,HDL,10,38,13.0,1335.0,17355.0,2024-05-07
2024050703013372,PFL,22,10,10.0,650.9,6509.0,2024-05-07
2024050705003490,NIFRA,53,53,275.0,193.4,53185.0,2024-05-07
2024050705003489,NIFRA,19,53,100.0,193.4,19340.0,2024-05-07
2024050705003488,NIFRA,3,53,500.0,193.4,96700.0,2024-05-07
2024050705003487,NIFRA,53,53,10.0,193.4,1934.0,2024-05-07
2024050705003486,NIFRA,1,53,110.0,193.4,21274.0,2024-05-07
2024050705003485,NIFRA,1,53,1319.0,193.4,255094.6,2024-05-07
2024050705003484,NIFRA,56,53,500.0,193.5,96750.0,2024-05-07
2024050705003483,NIFRA,49,53,10.0,193.8,1938.0,2024-05-07
2024050703013371,SLBBL,26,16,10.0,705.0,7050.0,2024-05-07
2024050703013370,SWBBL,50,16,10.0,760.0,7600.0,2024-05-07
2024050705003482,NRN,14,84,240.0,486.6,116784.0,2024-05-07
2024050705003481,NRN,69,84,10.0,488.0,4880.0,2024-05-07
2024050703013369,JBBL,34,38,10.0,288.0,2880.0,2024-05-07
2024050701015760,MKCL,34,45,10.0,799.9,7999.0,2024-05-07
2024050703013368,NFS,39,6,510.0,500.0,255000.0,2024-05-07
2024050703013367,NFS,39,10,300.0,500.0,150000.0,2024-05-07
2024050703013366,NFS,39,34,50.0,500.0,25000.0,2024-05-07
2024050703013365,NFS,39,6,40.0,500.0,20000.0,2024-05-07
2024050703013364,NFS,39,52,100.0,499.0,49900.0,2024-05-07
2024050703013363,MPFL,43,39,500.0,434.0,217000.0,2024-05-07
2024050704005458,CGH,51,36,30.0,763.3,22899.0,2024-05-07
2024050701015759,MHL,36,5,30.0,402.8,12084.0,2024-05-07
2024050703013362,CFCL,19,38,10.0,383.0,3830.0,2024-05-07
2024050704005457,HPPL,19,8,10.0,250.9,2509.0,2024-05-07
2024050704005456,API,19,17,500.0,162.5,81250.0,2024-05-07
2024050701015758,TVCL,14,42,150.0,449.0,67350.0,2024-05-07
2024050701015757,TVCL,69,42,50.0,449.0,22450.0,2024-05-07
2024050703013361,KLBSL,42,22,13.0,909.0,11817.0,2024-05-07
2024050703013360,KLBSL,42,56,10.0,908.0,9080.0,2024-05-07
2024050703013359,ICFC,60,45,20.0,515.0,10300.0,2024-05-07
2024050701015756,MHL,13,5,10.0,402.8,4028.0,2024-05-07
2024050703013358,GBBL,74,57,56.0,363.9,20378.4,2024-05-07
2024050703013357,GBBL,74,50,34.0,363.0,12342.0,2024-05-07
2024050701015755,IHL,6,39,40.0,369.0,14760.0,2024-05-07
2024050701015754,IHL,6,45,10.0,369.0,3690.0,2024-05-07
2024050701015753,IHL,6,35,10.0,368.0,3680.0,2024-05-07
2024050701015752,SHIVM,56,50,10.0,500.0,5000.0,2024-05-07
2024050703013356,SHINE,7,64,10.0,387.0,3870.0,2024-05-07
2024050703013355,ACLBSL,62,47,98.0,867.0,84966.0,2024-05-07
2024050703013354,ACLBSL,62,62,100.0,867.0,86700.0,2024-05-07
2024050703013353,ACLBSL,62,17,30.0,863.4,25902.0,2024-05-07
2024050703013352,ACLBSL,62,10,13.0,862.9,11217.7,2024-05-07
2024050703013351,ACLBSL,62,49,125.0,862.8,107850.0,2024-05-07
2024050703013350,ACLBSL,62,4,13.0,861.0,11193.0,2024-05-07
2024050703013349,ACLBSL,62,52,121.0,861.0,104181.0,2024-05-07
2024050703013348,GILB,62,86,10.0,1065.0,10650.0,2024-05-07
2024050701015751,BGWT,49,66,10.0,594.0,5940.0,2024-05-07
2024050703013347,GLBSL,62,42,65.0,1936.0,125840.0,2024-05-07
2024050703013346,GLBSL,62,21,13.0,1935.0,25155.0,2024-05-07
2024050703013345,GLBSL,62,42,26.0,1932.0,50232.0,2024-05-07
2024050703013344,GLBSL,62,35,13.0,1930.0,25090.0,2024-05-07
2024050703013343,GLBSL,62,58,118.0,1930.0,227740.0,2024-05-07
2024050703013342,GLBSL,62,5,100.0,1928.0,192800.0,2024-05-07
2024050703013341,GLBSL,62,4,25.0,1925.0,48125.0,2024-05-07
2024050703013340,GLBSL,62,41,40.0,1923.0,76920.0,2024-05-07
2024050703013339,ACLBSL,62,52,33.0,861.0,28413.0,2024-05-07
2024050703013338,ACLBSL,62,52,50.0,860.0,43000.0,2024-05-07
2024050703013337,ACLBSL,62,65,100.0,860.0,86000.0,2024-05-07
2024050703013336,ACLBSL,62,88,17.0,860.0,14620.0,2024-05-07
2024050703013335,SMFBS,75,90,20.0,1283.1,25662.0,2024-05-07
2024050703013334,SMFBS,58,90,80.0,1284.0,102720.0,2024-05-07
2024050703013333,PFL,22,71,10.0,651.0,6510.0,2024-05-07
2024050704005455,AKPL,52,38,300.0,164.5,49350.0,2024-05-07
2024050704005454,SGIC,22,51,10.0,522.8,5228.0,2024-05-07
2024050701015750,MAKAR,38,58,10.0,351.9,3519.0,2024-05-07
2024050701015749,ULHC,22,53,10.0,327.9,3279.0,2024-05-07
2024050701015748,ULHC,22,58,10.0,327.0,3270.0,2024-05-07
2024050701015747,NIMB,45,55,500.0,150.8,75400.0,2024-05-07
2024050701015746,SBI,26,45,10.0,273.6,2736.0,2024-05-07
2024050701015745,USHEC,58,10,25.0,360.0,9000.0,2024-05-07
2024050701015744,RHGCL,69,59,50.0,339.9,16995.0,2024-05-07
2024050701015743,RHGCL,69,19,80.0,339.0,27120.0,2024-05-07
2024050701015742,RHGCL,69,48,10.0,339.0,3390.0,2024-05-07
2024050701015741,RHGCL,69,6,10.0,338.0,3380.0,2024-05-07
2024050704005453,JOSHI,41,57,10.0,321.9,3219.0,2024-05-07
2024050704005452,BPCL,14,66,121.0,291.5,35271.5,2024-05-07
2024050704005451,BPCL,59,66,205.0,291.5,59757.5,2024-05-07
2024050704005450,BPCL,6,66,10.0,291.5,2915.0,2024-05-07
2024050704005449,BPCL,17,66,30.0,291.5,8745.0,2024-05-07
2024050704005448,BPCL,43,66,200.0,292.0,58400.0,2024-05-07
2024050704005447,BPCL,1,66,214.0,292.0,62488.0,2024-05-07
2024050704005446,BPCL,5,66,20.0,292.3,5846.0,2024-05-07
2024050701015740,NABIL,58,16,60.0,422.0,25320.0,2024-05-07
2024050701015739,NABIL,57,16,20.0,422.1,8442.0,2024-05-07
2024050703013332,NFS,88,52,200.0,499.0,99800.0,2024-05-07
2024050703013331,GBLBS,33,55,20.0,694.0,13880.0,2024-05-07
2024050703013330,GBLBS,33,54,30.0,693.9,20817.0,2024-05-07
2024050701015738,BHPL,35,14,50.0,522.1,26105.0,2024-05-07
2024050703013329,PFL,22,3,500.0,650.9,325450.0,2024-05-07
2024050703013328,MERO,84,49,695.0,685.0,476075.0,2024-05-07
2024050703013327,MERO,84,14,40.0,685.0,27400.0,2024-05-07
2024050703013326,MERO,84,29,20.0,684.9,13698.0,2024-05-07
2024050703013325,MERO,84,19,245.0,684.0,167580.0,2024-05-07
2024050704005445,API,25,17,189.0,162.5,30712.5,2024-05-07
2024050704005444,API,25,41,11.0,162.3,1785.3,2024-05-07
2024050703013324,SABSL,58,13,148.0,849.0,125652.0,2024-05-07
2024050703013323,SABSL,58,57,22.0,848.0,18656.0,2024-05-07
2024050703013322,SABSL,58,26,700.0,845.0,591500.0,2024-05-07
2024050703013321,SABSL,58,57,20.0,841.0,16820.0,2024-05-07
2024050703013320,SABSL,58,57,100.0,840.0,84000.0,2024-05-07
2024050703013319,SABSL,58,6,10.0,840.0,8400.0,2024-05-07
2024050703013318,SKBBL,34,42,20.0,809.8,16196.0,2024-05-07
2024050703013317,MFIL,19,8,10.0,505.1,5051.0,2024-05-07
2024050703013316,MFIL,53,8,10.0,507.9,5079.0,2024-05-07
2024050701015737,PCBL,39,5,10.0,190.8,1908.0,2024-05-07
2024050703013315,ALICL,44,28,80.0,542.5,43400.0,2024-05-07
2024050703013314,ALICL,44,34,10.0,542.4,5424.0,2024-05-07
2024050703013313,ALICL,44,34,10.0,542.3,5423.0,2024-05-07
2024050703013312,JBBL,44,38,20.0,288.0,5760.0,2024-05-07
2024050703013311,MERO,84,19,255.0,684.0,174420.0,2024-05-07
2024050703013310,RLFL,42,42,11.0,373.0,4103.0,2024-05-07
2024050703013309,RLFL,42,57,50.0,372.0,18600.0,2024-05-07
2024050703013308,RLFL,42,95,30.0,372.0,11160.0,2024-05-07
2024050703013307,RLFL,42,18,109.0,372.0,40548.0,2024-05-07
2024050703013306,EDBL,72,57,900.0,367.0,330300.0,2024-05-07
2024050701015736,KDL,47,58,60.0,781.0,46860.0,2024-05-07
2024050701015735,KDL,47,45,230.0,780.0,179400.0,2024-05-07
2024050701015734,KDL,47,4,10.0,780.0,7800.0,2024-05-07
2024050701015733,KDL,47,43,10.0,780.0,7800.0,2024-05-07
2024050701015732,KDL,47,13,10.0,779.9,7799.0,2024-05-07
2024050701015731,KDL,47,14,170.0,775.0,131750.0,2024-05-07
2024050701015730,KBSH,28,72,10.0,1023.9,10239.0,2024-05-07
2024050701015729,ULBSL,21,59,10.0,1424.0,14240.0,2024-05-07
2024050703013305,JFL,71,40,20.0,497.9,9958.0,2024-05-07
2024050701015728,NMB,56,36,385.0,170.8,65758.0,2024-05-07
2024050705003480,NRIC,59,7,51.0,682.4,34802.4,2024-05-07
2024050703013304,SABSL,62,42,90.0,840.0,75600.0,2024-05-07
2024050703013303,SABSL,62,16,300.0,839.9,251970.0,2024-05-07
2024050703013302,SABSL,62,49,20.0,839.9,16798.0,2024-05-07
2024050703013301,SABSL,62,57,10.0,839.0,8390.0,2024-05-07
2024050703013300,SABSL,62,39,200.0,839.0,167800.0,2024-05-07
2024050703013299,SABSL,62,50,100.0,838.8,83880.0,2024-05-07
2024050703013298,SABSL,62,58,42.0,838.0,35196.0,2024-05-07
2024050703013297,SABSL,62,26,200.0,838.0,167600.0,2024-05-07
2024050703013296,SABSL,62,51,36.0,837.9,30164.4,2024-05-07
2024050701015727,CYCL,62,56,50.0,1619.0,80950.0,2024-05-07
2024050701015726,CYCL,62,46,50.0,1610.0,80500.0,2024-05-07
2024050705003479,HRL,49,77,1.0,569.0,569.0,2024-05-07
2024050705003478,HRL,49,57,10.0,568.0,5680.0,2024-05-07
2024050701015725,RBCLPO,6,49,10.0,10400.0,104000.0,2024-05-07
2024050701015724,MSHL,20,44,10.0,619.0,6190.0,2024-05-07
2024050701015723,KBL,48,53,166.0,131.5,21829.0,2024-05-07
2024050701015722,KBL,48,84,854.0,130.4,111361.6,2024-05-07
2024050701015721,VLUCL,4,41,220.0,450.8,99176.0,2024-05-07
2024050701015720,VLUCL,4,57,40.0,450.7,18028.0,2024-05-07
2024050701015719,VLUCL,4,44,20.0,450.0,9000.0,2024-05-07
2024050701015718,VLUCL,4,13,10.0,450.0,4500.0,2024-05-07
2024050701015717,VLUCL,4,13,10.0,448.3,4483.0,2024-05-07
2024050704005443,RIDI,57,45,436.0,162.0,70632.0,2024-05-07
2024050704005442,RIDI,42,45,100.0,162.0,16200.0,2024-05-07
2024050704005441,RIDI,48,45,100.0,162.0,16200.0,2024-05-07
2024050704005440,RIDI,5,45,864.0,162.1,140054.4,2024-05-07
2024050704005439,API,17,41,100.0,162.3,16230.0,2024-05-07
2024050703013295,MDB,84,17,650.0,441.0,286650.0,2024-05-07
2024050703013294,MDB,58,17,300.0,441.1,132330.0,2024-05-07
2024050703013293,MDB,39,17,40.0,441.2,17648.0,2024-05-07
2024050703013292,MDB,25,17,300.0,442.0,132600.0,2024-05-07
2024050703013291,MDB,1,17,10.0,442.0,4420.0,2024-05-07
2024050703013290,MDB,46,17,100.0,442.0,44200.0,2024-05-07
2024050703013289,MDB,74,17,200.0,442.0,88400.0,2024-05-07
2024050703013288,MDB,20,17,500.0,442.1,221050.0,2024-05-07
2024050703013287,JFL,45,41,60.0,491.1,29466.0,2024-05-07
2024050703013286,JFL,21,41,10.0,497.0,4970.0,2024-05-07
2024050705003477,NRIC,59,89,500.0,682.4,341200.0,2024-05-07
2024050703013285,ALICL,33,58,33.0,537.0,17721.0,2024-05-07
2024050701015716,NBL,63,84,1370.0,197.0,269890.0,2024-05-07
2024050701015715,NBL,33,84,10.0,197.0,1970.0,2024-05-07
2024050701015714,NBL,26,84,300.0,197.0,59100.0,2024-05-07
2024050701015713,NBL,1,84,150.0,197.0,29550.0,2024-05-07
2024050701015712,NBL,25,84,50.0,197.0,9850.0,2024-05-07
2024050701015711,NBL,21,84,100.0,197.0,19700.0,2024-05-07
2024050701015710,NBL,19,84,20.0,197.0,3940.0,2024-05-07
2024050704005438,GLH,35,45,10.0,204.0,2040.0,2024-05-07
2024050703013284,MLBL,34,38,60.0,328.0,19680.0,2024-05-07
2024050703013283,MLBL,34,42,140.0,324.1,45374.0,2024-05-07
2024050701015709,ILI,34,58,10.0,540.6,5406.0,2024-05-07
2024050703013282,NICLBSL,34,38,10.0,659.0,6590.0,2024-05-07
2024050703013281,NICLBSL,34,38,20.0,658.0,13160.0,2024-05-07
2024050701015708,IHL,34,43,40.0,367.9,14716.0,2024-05-07
2024050703013280,GFCL,58,71,100.0,453.9,45390.0,2024-05-07
2024050701015707,UHEWA,32,53,20.0,386.0,7720.0,2024-05-07
2024050703013279,GUFL,32,52,180.0,678.0,122040.0,2024-05-07
2024050701015706,JBLB,58,49,18.0,1307.0,23526.0,2024-05-07
2024050701015705,JBLB,58,6,10.0,1306.9,13069.0,2024-05-07
2024050701015704,JBLB,58,41,50.0,1306.9,65345.0,2024-05-07
2024050705003476,NTC,32,34,10.0,815.0,8150.0,2024-05-07
2024050703013278,SWBBL,34,8,10.0,755.5,7555.0,2024-05-07
2024050703013277,GUFL,54,52,150.0,678.0,101700.0,2024-05-07
2024050701015703,SHIVM,8,50,20.0,500.0,10000.0,2024-05-07
2024050703013276,PROFL,34,54,105.0,329.5,34597.5,2024-05-07
2024050703013275,PROFL,61,54,200.0,329.6,65920.0,2024-05-07
2024050701015702,MKHL,42,44,10.0,412.5,4125.0,2024-05-07
2024050703013274,MSLB,42,21,200.0,1180.0,236000.0,2024-05-07
2024050701015701,DOLTI,34,5,150.0,421.0,63150.0,2024-05-07
2024050701015700,DOLTI,34,5,10.0,422.0,4220.0,2024-05-07
2024050701015699,DOLTI,42,5,100.0,423.0,42300.0,2024-05-07
2024050701015698,DOLTI,34,5,190.0,424.0,80560.0,2024-05-07
2024050701015697,DOLTI,45,5,50.0,424.0,21200.0,2024-05-07
2024050703013273,LBBL,45,48,450.0,372.0,167400.0,2024-05-07
2024050704005437,SICL,11,38,50.0,678.0,33900.0,2024-05-07
2024050704005436,SICL,49,38,10.0,678.0,6780.0,2024-05-07
2024050704005435,SICL,59,38,100.0,678.1,67810.0,2024-05-07
2024050704005434,LEC,35,68,59.0,180.0,10620.0,2024-05-07
2024050704005433,LEC,35,58,90.0,180.0,16200.0,2024-05-07
2024050704005432,LEC,35,21,180.0,180.0,32400.0,2024-05-07
2024050704005431,LEC,35,6,71.0,179.0,12709.0,2024-05-07
2024050701015696,SBI,19,35,57.0,275.0,15675.0,2024-05-07
2024050704005430,SHL,34,34,300.0,430.0,129000.0,2024-05-07
2024050701015695,UNLB,55,45,15.0,1614.0,24210.0,2024-05-07
2024050701015694,NBL,50,57,847.0,197.1,166943.7,2024-05-07
2024050704005429,NGPL,91,57,10.0,303.0,3030.0,2024-05-07
2024050703013272,JFL,13,40,20.0,497.9,9958.0,2024-05-07
2024050703013271,GBBL,62,50,73.0,363.0,26499.0,2024-05-07
2024050704005428,API,28,17,10.0,162.5,1625.0,2024-05-07
2024050701015693,MHCL,42,6,275.0,371.5,102162.5,2024-05-07
2024050703013270,ACLBSL,62,88,33.0,860.0,28380.0,2024-05-07
2024050703013269,ACLBSL,62,14,37.0,860.0,31820.0,2024-05-07
2024050703013268,ACLBSL,62,17,30.0,854.8,25644.0,2024-05-07
2024050701015692,NWCL,88,45,10.0,705.0,7050.0,2024-05-07
2024050701015691,NWCL,88,46,10.0,704.0,7040.0,2024-05-07
2024050704005427,CGH,51,49,26.0,765.0,19890.0,2024-05-07
2024050701015690,RBCLPO,6,14,10.0,10400.0,104000.0,2024-05-07
2024050703013267,SFCL,34,58,1000.0,338.0,338000.0,2024-05-07
2024050703013266,SFCL,22,58,400.0,338.0,135200.0,2024-05-07
2024050703013265,PFL,22,36,100.0,650.9,65090.0,2024-05-07
2024050701015689,SONA,16,44,100.0,436.2,43620.0,2024-05-07
2024050701015688,MKLB,42,25,40.0,1000.0,40000.0,2024-05-07
2024050701015687,MKLB,42,38,30.0,999.6,29988.0,2024-05-07
2024050701015686,MKLB,42,41,10.0,999.0,9990.0,2024-05-07
2024050701015685,MKLB,42,46,10.0,999.0,9990.0,2024-05-07
2024050701015684,MKLB,42,57,10.0,997.0,9970.0,2024-05-07
2024050703013264,GUFL,13,52,10.0,678.0,6780.0,2024-05-07
2024050703013263,MPFL,61,62,200.0,435.0,87000.0,2024-05-07
2024050703013262,GUFL,17,52,20.0,678.0,13560.0,2024-05-07
2024050703013261,GUFL,38,52,40.0,678.0,27120.0,2024-05-07
2024050703013260,GUFL,6,52,10.0,678.0,6780.0,2024-05-07
2024050703013259,GUFL,6,52,96.0,678.0,65088.0,2024-05-07
2024050704005426,DHPL,52,52,10.0,204.0,2040.0,2024-05-07
2024050701015683,RFPL,56,28,10.0,331.9,3319.0,2024-05-07
2024050701015682,UNLB,62,52,10.0,1610.0,16100.0,2024-05-07
2024050701015681,SARBTM,38,36,10.0,757.0,7570.0,2024-05-07
2024050701015680,SBI,19,38,200.0,275.0,55000.0,2024-05-07
2024050705003475,SMATA,66,14,21.0,879.0,18459.0,2024-05-07
2024050705003474,SMATA,66,14,21.0,879.0,18459.0,2024-05-07
2024050705003473,SMATA,66,50,18.0,879.0,15822.0,2024-05-07
2024050705003472,SMATA,66,43,50.0,875.0,43750.0,2024-05-07
2024050705003471,SMATA,66,57,10.0,875.0,8750.0,2024-05-07
2024050705003470,SMATA,66,58,12.0,874.2,10490.4,2024-05-07
2024050705003469,SMATA,66,38,10.0,873.9,8739.0,2024-05-07
2024050704005425,SSHL,17,17,10.0,162.0,1620.0,2024-05-07
2024050701015679,RNLI,21,17,19.0,426.3,8099.7,2024-05-07
2024050701015678,EBL,33,91,10.0,499.6,4996.0,2024-05-07
2024050704005424,MHNL,47,11,10.0,234.0,2340.0,2024-05-07
2024050701015677,RFPL,52,35,200.0,330.0,66000.0,2024-05-07
2024050703013258,GUFL,6,7,104.0,678.0,70512.0,2024-05-07
2024050703013257,GUFL,25,7,14.0,678.0,9492.0,2024-05-07
2024050705003468,NRIC,94,6,148.0,684.0,101232.0,2024-05-07
2024050705003467,NRIC,94,8,20.0,683.0,13660.0,2024-05-07
2024050705003466,NRIC,94,49,80.0,682.9,54632.0,2024-05-07
2024050705003465,NRIC,94,47,200.0,682.8,136560.0,2024-05-07
2024050705003464,NRIC,94,44,21.0,682.7,14336.7,2024-05-07
2024050705003463,NRIC,94,6,12.0,682.5,8190.0,2024-05-07
2024050705003462,NRIC,94,34,19.0,682.5,12967.5,2024-05-07
2024050703013256,RSDC,62,55,46.0,745.0,34270.0,2024-05-07
2024050703013255,RSDC,62,13,11.0,745.0,8195.0,2024-05-07
2024050703013254,RSDC,62,7,45.0,744.9,33520.5,2024-05-07
2024050703013253,RSDC,62,16,30.0,744.0,22320.0,2024-05-07
2024050703013252,RSDC,62,22,18.0,742.0,13356.0,2024-05-07
2024050701015676,CKHL,45,65,10.0,491.2,4912.0,2024-05-07
2024050703013251,DDBL,45,44,10.0,703.0,7030.0,2024-05-07
2024050704005423,JOSHI,34,45,357.0,320.0,114240.0,2024-05-07
2024050704005422,JOSHI,58,45,50.0,320.0,16000.0,2024-05-07
2024050704005421,JOSHI,14,45,50.0,320.0,16000.0,2024-05-07
2024050704005420,JOSHI,48,45,100.0,320.0,32000.0,2024-05-07
2024050704005419,JOSHI,58,45,900.0,320.0,288000.0,2024-05-07
2024050704005418,JOSHI,35,45,443.0,320.0,141760.0,2024-05-07
2024050704005417,JOSHI,52,45,1000.0,320.1,320100.0,2024-05-07
2024050704005416,JOSHI,22,45,100.0,320.1,32010.0,2024-05-07
2024050701015675,CKHL,21,26,10.0,494.0,4940.0,2024-05-07
2024050704005415,SGIC,32,51,10.0,522.8,5228.0,2024-05-07
2024050701015674,ILI,34,63,24.0,540.6,12974.4,2024-05-07
2024050701015673,ILI,52,63,76.0,540.6,41085.6,2024-05-07
2024050704005414,DHPL,42,52,10.0,204.0,2040.0,2024-05-07
2024050701015672,RAWA,42,55,25.0,471.0,11775.0,2024-05-07
2024050704005413,CHL,72,5,10.0,314.0,3140.0,2024-05-07
2024050701015671,AHL,18,49,10.0,439.0,4390.0,2024-05-07
2024050701015670,AHL,18,50,80.0,438.9,35112.0,2024-05-07
2024050701015669,HDL,40,38,19.0,1335.0,25365.0,2024-05-07
2024050701015668,AVYAN,14,7,10.0,771.0,7710.0,2024-05-07
2024050701015667,NBL,38,43,10.0,198.0,1980.0,2024-05-07
2024050703013250,VLBS,45,10,27.0,836.0,22572.0,2024-05-07
2024050703013249,VLBS,45,14,19.0,835.0,15865.0,2024-05-07
2024050703013248,VLBS,45,20,238.0,835.0,198730.0,2024-05-07
2024050703013247,VLBS,45,45,40.0,834.9,33396.0,2024-05-07
2024050703013246,VLBS,45,14,50.0,834.0,41700.0,2024-05-07
2024050701015666,HATHY,38,45,12.0,825.1,9901.2,2024-05-07
2024050701015665,KBL,45,84,120.0,130.4,15648.0,2024-05-07
2024050705003461,HRL,53,25,190.0,567.8,107882.0,2024-05-07
2024050703013245,LBBL,25,49,10.0,374.0,3740.0,2024-05-07
2024050704005412,RURU,57,64,10.0,508.0,5080.0,2024-05-07
2024050701015664,PPL,58,18,50.0,515.0,25750.0,2024-05-07
2024050703013244,NADEP,13,35,20.0,754.0,15080.0,2024-05-07
2024050705003460,HRL,8,52,20.0,567.0,11340.0,2024-05-07
2024050704005411,AKPL,52,39,200.0,164.5,32900.0,2024-05-07
2024050704005410,AKPL,52,60,66.0,164.5,10857.0,2024-05-07
2024050701015663,GBIME,52,51,23.0,174.0,4002.0,2024-05-07
2024050701015662,SBL,48,6,10.0,218.0,2180.0,2024-05-07
2024050703013243,LLBS,49,78,37.0,1024.9,37921.3,2024-05-07
2024050703013242,LLBS,49,33,23.0,1024.0,23552.0,2024-05-07
2024050703013241,LLBS,49,58,40.0,1023.9,40956.0,2024-05-07
2024050704005409,UPPER,4,32,100.0,161.0,16100.0,2024-05-07
2024050703013240,SHINE,42,41,10.0,386.0,3860.0,2024-05-07
2024050705003459,NRIC,59,35,30.0,682.4,20472.0,2024-05-07
2024050701015661,CKHL,58,65,10.0,500.0,5000.0,2024-05-07
2024050701015660,BNT,39,13,10.0,13193.7,131937.0,2024-05-07
2024050701015659,NRM,11,45,50.0,344.0,17200.0,2024-05-07
2024050701015658,MEL,38,50,949.0,229.0,217321.0,2024-05-07
2024050701015657,MEL,4,50,200.0,229.5,45900.0,2024-05-07
2024050701015656,MEL,4,50,200.0,229.5,45900.0,2024-05-07
2024050701015655,MEL,4,50,100.0,229.6,22960.0,2024-05-07
2024050701015654,HDL,1,38,30.0,1335.0,40050.0,2024-05-07
2024050701015653,HDL,1,50,10.0,1335.0,13350.0,2024-05-07
2024050701015652,CYCL,62,62,67.0,1640.0,109880.0,2024-05-07
2024050701015651,CYCL,62,3,90.0,1630.0,146700.0,2024-05-07
2024050701015650,CYCL,62,48,43.0,1620.0,69660.0,2024-05-07
2024050705003458,CHDC,44,49,150.0,696.0,104400.0,2024-05-07
2024050705003457,CHDC,37,49,50.0,696.0,34800.0,2024-05-07
2024050705003456,CHDC,49,49,100.0,696.0,69600.0,2024-05-07
2024050705003455,CHDC,57,49,25.0,696.0,17400.0,2024-05-07
2024050705003454,CHDC,5,49,100.0,696.1,69610.0,2024-05-07
2024050705003453,CHDC,7,49,10.0,697.1,6971.0,2024-05-07
2024050705003452,CHDC,32,49,10.0,699.0,6990.0,2024-05-07
2024050701015649,MLBS,29,37,10.0,1200.0,12000.0,2024-05-07
2024050705003451,HRL,38,25,10.0,567.8,5678.0,2024-05-07
2024050703013239,RSDC,64,22,42.0,742.0,31164.0,2024-05-07
2024050704005408,GHL,42,38,25.0,144.1,3602.5,2024-05-07
2024050703013238,SABSL,29,51,21.0,837.9,17595.9,2024-05-07
2024050703013237,SABSL,29,46,14.0,836.0,11704.0,2024-05-07
2024050703013236,SABSL,29,38,15.0,836.0,12540.0,2024-05-07
2024050701015648,CKHL,58,70,70.0,494.0,34580.0,2024-05-07
2024050701015647,CKHL,56,70,10.0,498.0,4980.0,2024-05-07
2024050701015646,AVYAN,14,51,12.0,771.0,9252.0,2024-05-07
2024050703013235,NLIC,51,52,50.0,579.5,28975.0,2024-05-07
2024050701015645,TSHL,77,44,105.0,510.0,53550.0,2024-05-07
2024050701015644,TSHL,77,45,100.0,510.0,51000.0,2024-05-07
2024050701015643,TSHL,77,45,20.0,510.0,10200.0,2024-05-07
2024050701015642,TSHL,77,77,100.0,509.9,50990.0,2024-05-07
2024050701015641,TSHL,77,42,175.0,506.0,88550.0,2024-05-07
2024050703013234,NMFBS,34,26,75.0,1250.0,93750.0,2024-05-07
2024050703013233,NMFBS,34,26,125.0,1250.0,156250.0,2024-05-07
2024050705003450,HRL,8,26,10.0,567.0,5670.0,2024-05-07
2024050701015640,MKLB,57,34,20.0,996.0,19920.0,2024-05-07
2024050703013232,HLBSL,57,57,50.0,856.7,42835.0,2024-05-07
2024050704005407,SGIC,51,42,40.0,520.0,20800.0,2024-05-07
2024050704005406,SGIC,6,42,120.0,520.0,62400.0,2024-05-07
2024050703013231,SHINE,42,55,100.0,386.0,38600.0,2024-05-07
2024050703013230,SHINE,42,54,280.0,385.0,107800.0,2024-05-07
2024050704005405,HPPL,42,8,10.0,250.9,2509.0,2024-05-07
2024050703013229,SJLIC,36,1,20.0,401.0,8020.0,2024-05-07
2024050703013228,SJLIC,35,1,100.0,401.0,40100.0,2024-05-07
2024050704005404,PPCL,38,28,300.0,223.0,66900.0,2024-05-07
2024050705003449,HRL,8,7,20.0,567.0,11340.0,2024-05-07
2024050701015639,SPC,49,47,10.0,489.6,4896.0,2024-05-07
2024050701015638,SPC,49,34,10.0,485.0,4850.0,2024-05-07
2024050703013227,GUFL,25,65,86.0,678.0,58308.0,2024-05-07
2024050703013226,GUFL,45,65,10.0,678.0,6780.0,2024-05-07
2024050703013225,GUFL,47,65,40.0,678.0,27120.0,2024-05-07
2024050703013224,GUFL,54,65,50.0,678.0,33900.0,2024-05-07
2024050703013223,GUFL,35,65,84.0,678.0,56952.0,2024-05-07
2024050703013222,GUFL,34,65,30.0,678.1,20343.0,2024-05-07
2024050701015637,USHEC,58,38,10.0,360.0,3600.0,2024-05-07
2024050701015636,MAKAR,25,8,10.0,351.0,3510.0,2024-05-07
2024050704005403,GHL,58,72,50.0,144.3,7215.0,2024-05-07
2024050701015635,MKHC,42,91,40.0,312.0,12480.0,2024-05-07
2024050701015634,MKHC,42,39,150.0,309.0,46350.0,2024-05-07
2024050701015633,MKHC,42,19,10.0,309.0,3090.0,2024-05-07
2024050703013221,NMBMF,19,51,135.0,640.0,86400.0,2024-05-07
2024050701015632,MEL,52,38,250.0,230.0,57500.0,2024-05-07
2024050701015631,RHGCL,40,1,50.0,336.0,16800.0,2024-05-07
2024050701015630,DOLTI,22,5,93.0,425.0,39525.0,2024-05-07
2024050704005402,MEN,29,56,106.0,522.5,55385.0,2024-05-07
2024050703013220,PFL,22,14,479.0,650.9,311781.1,2024-05-07
2024050701015629,SGHC,77,58,120.0,313.0,37560.0,2024-05-07
2024050701015628,SGHC,77,56,380.0,312.9,118902.0,2024-05-07
2024050701015627,MHCL,39,26,200.0,371.6,74320.0,2024-05-07
2024050701015626,MHCL,6,26,90.0,371.6,33444.0,2024-05-07
2024050701015625,ADBL,7,37,1000.0,237.1,237100.0,2024-05-07
2024050701015624,BHPL,35,18,157.0,537.0,84309.0,2024-05-07
2024050701015623,BHPL,35,53,90.0,536.8,48312.0,2024-05-07
2024050701015622,BHPL,35,49,10.0,535.0,5350.0,2024-05-07
2024050701015621,BHPL,35,22,50.0,535.0,26750.0,2024-05-07
2024050701015620,BHPL,35,52,30.0,535.0,16050.0,2024-05-07
2024050701015619,BHPL,35,40,50.0,534.9,26745.0,2024-05-07
2024050701015618,BHPL,35,53,60.0,534.9,32094.0,2024-05-07
2024050701015617,BHPL,35,42,10.0,533.0,5330.0,2024-05-07
2024050701015616,BHPL,35,56,33.0,533.0,17589.0,2024-05-07
2024050701015615,BHPL,35,58,10.0,530.0,5300.0,2024-05-07
2024050701015614,UHEWA,35,53,20.0,386.0,7720.0,2024-05-07
2024050701015613,CKHL,58,55,31.0,496.0,15376.0,2024-05-07
2024050701015612,RNLI,40,45,36.0,427.0,15372.0,2024-05-07
2024050703013219,SIFC,19,49,20.0,415.0,8300.0,2024-05-07
2024050703013218,ICFC,13,45,10.0,515.0,5150.0,2024-05-07
2024050704005401,SHPC,5,4,10.0,320.5,3205.0,2024-05-07
2024050703013217,ALICL,48,58,30.0,537.0,16110.0,2024-05-07
2024050703013216,ALICL,48,11,20.0,536.2,10724.0,2024-05-07
2024050703013215,FMDBL,4,65,100.0,644.0,64400.0,2024-05-07
2024050701015611,TVCL,65,58,10.0,450.0,4500.0,2024-05-07
2024050701015610,SRLI,38,39,10.0,427.0,4270.0,2024-05-07
2024050704005400,SGIC,4,51,14.0,522.8,7319.2,2024-05-07
2024050703013214,MFIL,45,19,10.0,508.0,5080.0,2024-05-07
2024050704005399,JOSHI,22,81,200.0,320.1,64020.0,2024-05-07
2024050704005398,JOSHI,57,81,200.0,320.2,64040.0,2024-05-07
2024050704005397,JOSHI,33,81,20.0,320.3,6406.0,2024-05-07
2024050704005396,JOSHI,46,81,80.0,321.0,25680.0,2024-05-07
2024050701015609,SARBTM,44,37,63.0,755.5,47596.5,2024-05-07
2024050701015608,SARBTM,1,37,50.0,755.5,37775.0,2024-05-07
2024050701015607,SARBTM,42,37,50.0,755.5,37775.0,2024-05-07
2024050701015606,SARBTM,1,37,37.0,755.6,27957.2,2024-05-07
2024050701015605,UNLB,46,25,10.0,1591.0,15910.0,2024-05-07
2024050704005395,JOSHI,54,57,100.0,321.9,32190.0,2024-05-07
2024050701015604,NABIL,8,57,42.0,422.3,17736.6,2024-05-07
2024050701015603,NABIL,8,52,104.0,422.3,43919.2,2024-05-07
2024050701015602,CITY,34,39,20.0,574.9,11498.0,2024-05-07
2024050703013213,FMDBL,39,44,132.0,646.0,85272.0,2024-05-07
2024050703013212,FMDBL,39,58,10.0,646.0,6460.0,2024-05-07
2024050703013211,FMDBL,39,47,158.0,645.9,102052.2,2024-05-07
2024050703013210,SIFC,44,49,106.0,415.0,43990.0,2024-05-07
2024050703013209,SIFC,44,22,50.0,414.9,20745.0,2024-05-07
2024050703013208,SIFC,44,36,534.0,413.9,221022.6,2024-05-07
2024050703013207,SIFC,44,49,190.0,413.8,78622.0,2024-05-07
2024050703013206,SIFC,44,16,110.0,413.7,45507.0,2024-05-07
2024050703013205,SIFC,44,51,10.0,413.0,4130.0,2024-05-07
2024050705003448,CHDC,7,58,10.0,699.9,6999.0,2024-05-07
2024050703013204,ACLBSL,62,14,13.0,860.0,11180.0,2024-05-07
2024050703013203,ACLBSL,62,13,10.0,858.8,8588.0,2024-05-07
2024050703013202,ACLBSL,62,66,77.0,858.8,66127.6,2024-05-07
2024050701015601,GVL,34,22,200.0,435.0,87000.0,2024-05-07
2024050701015600,ANLB,8,45,10.0,1961.0,19610.0,2024-05-07
2024050704005394,AKPL,14,60,100.0,164.5,16450.0,2024-05-07
2024050701015599,HDL,58,77,200.0,1334.0,266800.0,2024-05-07
2024050701015598,HDL,13,77,500.0,1334.0,667000.0,2024-05-07
2024050701015597,HDL,58,77,250.0,1334.0,333500.0,2024-05-07
2024050701015596,HDL,26,77,50.0,1334.0,66700.0,2024-05-07
2024050703013201,BFC,74,48,10.0,381.9,3819.0,2024-05-07
2024050703013200,NFS,49,39,1000.0,496.1,496100.0,2024-05-07
2024050701015595,SARBTM,44,36,110.0,757.0,83270.0,2024-05-07
2024050703013199,GILB,45,86,30.0,1065.0,31950.0,2024-05-07
2024050703013198,LBBL,45,33,74.0,372.0,27528.0,2024-05-07
2024050703013197,LBBL,45,33,746.0,372.0,277512.0,2024-05-07
2024050703013196,LBBL,62,33,180.0,372.1,66978.0,2024-05-07
2024050703013195,PFL,22,57,10.0,650.9,6509.0,2024-05-07
2024050701015594,MLBS,10,42,30.0,1177.6,35328.0,2024-05-07
2024050701015593,DOLTI,42,5,10.0,425.0,4250.0,2024-05-07
2024050703013194,GMFIL,74,49,10.0,372.4,3724.0,2024-05-07
2024050705003447,HRL,56,1,16.0,566.0,9056.0,2024-05-07
2024050705003446,HRL,7,1,20.0,566.2,11324.0,2024-05-07
2024050705003445,HRL,16,1,14.0,567.0,7938.0,2024-05-07
2024050703013193,SWMF,77,29,54.0,785.4,42411.6,2024-05-07
2024050704005393,SSHL,17,17,10.0,162.0,1620.0,2024-05-07
2024050704005392,SSHL,17,5,200.0,161.9,32380.0,2024-05-07
2024050704005391,SSHL,17,58,100.0,161.0,16100.0,2024-05-07
2024050701015592,PHCL,6,17,100.0,279.6,27960.0,2024-05-07
2024050701015591,PHCL,33,17,90.0,279.6,25164.0,2024-05-07
2024050703013192,ICFC,41,45,50.0,515.0,25750.0,2024-05-07
2024050701015590,MCHL,59,41,70.0,357.1,24997.0,2024-05-07
2024050704005390,NIL,51,25,10.0,787.0,7870.0,2024-05-07
2024050704005389,SHL,51,34,100.0,430.0,43000.0,2024-05-07
2024050703013191,JBBL,53,14,100.0,287.0,28700.0,2024-05-07
2024050704005388,UMHL,54,49,10.0,233.0,2330.0,2024-05-07
2024050701015589,CITY,17,58,20.0,570.0,11400.0,2024-05-07
2024050704005387,UNHPL,58,34,10.0,218.0,2180.0,2024-05-07
2024050703013190,GILB,62,11,100.0,1060.0,106000.0,2024-05-07
2024050704005386,NGPL,58,67,10.0,305.0,3050.0,2024-05-07
2024050704005385,NGPL,58,39,130.0,304.0,39520.0,2024-05-07
2024050703013189,PFL,22,34,500.0,650.9,325450.0,2024-05-07
2024050703013188,MDB,42,17,50.0,443.0,22150.0,2024-05-07
2024050701015588,DOLTI,42,5,30.0,425.0,12750.0,2024-05-07
2024050701015587,CITY,42,39,30.0,574.9,17247.0,2024-05-07
2024050701015586,CITY,42,38,10.0,573.0,5730.0,2024-05-07
2024050701015585,CITY,42,38,50.0,572.9,28645.0,2024-05-07
2024050701015584,CITY,42,58,10.0,571.0,5710.0,2024-05-07
2024050703013187,KMCDB,21,41,20.0,901.9,18038.0,2024-05-07
2024050705003444,NRIC,21,34,17.0,682.5,11602.5,2024-05-07
2024050701015583,MAKAR,45,39,110.0,350.2,38522.0,2024-05-07
2024050703013186,FMDBL,64,47,42.0,645.9,27127.8,2024-05-07
2024050703013185,FMDBL,64,1,50.0,645.8,32290.0,2024-05-07
2024050703013184,FMDBL,64,34,200.0,645.0,129000.0,2024-05-07
2024050703013183,FMDBL,64,58,100.0,645.0,64500.0,2024-05-07
2024050703013182,FMDBL,64,53,408.0,645.0,263160.0,2024-05-07
2024050703013181,PFL,22,49,100.0,650.9,65090.0,2024-05-07
2024050701015582,SONA,33,49,10.0,436.3,4363.0,2024-05-07
2024050703013180,FMDBL,38,53,10.0,645.0,6450.0,2024-05-07
2024050703013179,MDB,84,17,1000.0,443.0,443000.0,2024-05-07
2024050703013178,MDB,20,17,330.0,443.1,146223.0,2024-05-07
2024050705003443,HIDCL,26,45,105.0,160.0,16800.0,2024-05-07
2024050703013177,GLBSL,45,45,42.0,1911.0,80262.0,2024-05-07
2024050703013176,PFL,22,54,100.0,650.9,65090.0,2024-05-07
2024050701015581,UHEWA,57,53,10.0,386.0,3860.0,2024-05-07
2024050701015580,CKHL,58,43,11.0,495.9,5454.9,2024-05-07
2024050703013175,SHINE,42,45,50.0,383.2,19160.0,2024-05-07
2024050701015579,MLBS,43,37,10.0,1200.0,12000.0,2024-05-07
2024050701015578,EBL,13,66,180.0,496.0,89280.0,2024-05-07
2024050701015577,EBL,38,66,400.0,496.0,198400.0,2024-05-07
2024050701015576,EBL,47,66,10.0,496.0,4960.0,2024-05-07
2024050701015575,EBL,47,66,30.0,496.0,14880.0,2024-05-07
2024050701015574,EBL,26,66,200.0,496.6,99320.0,2024-05-07
2024050704005384,API,1,17,100.0,162.5,16250.0,2024-05-07
2024050704005383,API,34,17,50.0,162.6,8130.0,2024-05-07
2024050704005382,API,54,17,100.0,162.7,16270.0,2024-05-07
2024050704005381,API,22,17,50.0,162.7,8135.0,2024-05-07
2024050701015573,PPL,58,45,500.0,515.0,257500.0,2024-05-07
2024050705003442,SMATA,17,33,100.0,873.1,87310.0,2024-05-07
2024050704005380,RHPL,25,45,10.0,264.0,2640.0,2024-05-07
2024050705003441,HRL,16,25,10.0,567.0,5670.0,2024-05-07
2024050703013174,NLICL,32,11,221.0,527.3,116533.3,2024-05-07
2024050703013173,NLICL,19,11,31.0,527.5,16352.5,2024-05-07
2024050703013172,NLICL,49,11,435.0,527.6,229506.0,2024-05-07
2024050701015572,SNLI,57,42,65.0,587.0,38155.0,2024-05-07
2024050701015571,AHL,18,58,12.0,438.8,5265.6,2024-05-07
2024050701015570,SCB,41,28,33.0,514.6,16981.8,2024-05-07
2024050703013171,SINDU,39,26,10.0,379.0,3790.0,2024-05-07
2024050701015569,CYCL,62,48,150.0,1620.0,243000.0,2024-05-07
2024050703013170,ACLBSL,62,66,16.0,858.8,13740.8,2024-05-07
2024050703013169,ACLBSL,62,32,10.0,858.8,8588.0,2024-05-07
2024050703013168,ACLBSL,62,1,50.0,858.0,42900.0,2024-05-07
2024050703013167,ACLBSL,62,14,24.0,857.0,20568.0,2024-05-07
2024050703013166,SDLBSL,62,38,110.0,899.0,98890.0,2024-05-07
2024050703013165,SDLBSL,62,13,30.0,898.9,26967.0,2024-05-07
2024050703013164,SDLBSL,62,38,50.0,898.0,44900.0,2024-05-07
2024050701015568,ULHC,22,4,10.0,327.0,3270.0,2024-05-07
2024050701015567,ULHC,22,49,10.0,327.0,3270.0,2024-05-07
2024050701015566,ULHC,22,71,10.0,327.0,3270.0,2024-05-07
2024050704005379,UNHPL,39,59,360.0,217.6,78336.0,2024-05-07
2024050704005378,UNHPL,25,59,50.0,217.7,10885.0,2024-05-07
2024050704005377,UNHPL,49,59,90.0,217.7,19593.0,2024-05-07
2024050703013163,GRDBL,88,26,76.0,429.9,32672.4,2024-05-07
2024050703013162,GRDBL,88,57,20.0,429.0,8580.0,2024-05-07
2024050703013161,GRDBL,88,58,37.0,429.0,15873.0,2024-05-07
2024050703013160,GRDBL,88,25,97.0,428.9,41603.3,2024-05-07
2024050703013159,GRDBL,88,58,50.0,425.0,21250.0,2024-05-07
2024050703013158,SLBBL,45,48,10.0,709.0,7090.0,2024-05-07
2024050703013157,PFL,22,53,300.0,650.9,195270.0,2024-05-07
2024050701015565,MHL,32,25,100.0,400.0,40000.0,2024-05-07
2024050701015564,BEDC,32,45,50.0,361.0,18050.0,2024-05-07
2024050704005376,JOSHI,22,36,100.0,321.0,32100.0,2024-05-07
2024050704005375,JOSHI,26,36,50.0,321.5,16075.0,2024-05-07
2024050704005374,GHL,40,72,60.0,144.4,8664.0,2024-05-07
2024050701015563,EHPL,42,57,20.0,442.5,8850.0,2024-05-07
2024050703013156,GUFL,34,49,45.0,679.0,30555.0,2024-05-07
2024050701015562,SBL,48,28,120.0,218.0,26160.0,2024-05-07
2024050704005373,UNHPL,49,49,10.0,217.7,2177.0,2024-05-07
2024050701015561,JBLB,16,55,100.0,1307.0,130700.0,2024-05-07
2024050704005372,LEC,34,14,100.0,178.5,17850.0,2024-05-07
2024050705003440,HIDCL,26,45,29.0,160.0,4640.0,2024-05-07
2024050705003439,HIDCL,26,32,736.0,160.0,117760.0,2024-05-07
2024050703013155,SADBL,52,50,10.0,308.0,3080.0,2024-05-07
2024050701015560,VLUCL,42,74,2.0,448.0,896.0,2024-05-07
2024050703013154,MPFL,60,62,100.0,435.0,43500.0,2024-05-07
2024050703013153,MPFL,38,62,125.0,435.0,54375.0,2024-05-07
2024050701015559,RBCLPO,6,34,10.0,10395.0,103950.0,2024-05-07
2024050703013152,NMFBS,34,49,165.0,1250.0,206250.0,2024-05-07
2024050703013151,NMFBS,46,49,20.0,1250.1,25002.0,2024-05-07
2024050701015558,NABIL,8,16,100.0,422.0,42200.0,2024-05-07
2024050701015557,ULHC,58,14,10.0,326.0,3260.0,2024-05-07
2024050703013150,PFL,45,71,10.0,651.0,6510.0,2024-05-07
2024050704005371,HPPL,5,45,260.0,247.0,64220.0,2024-05-07
2024050704005370,HPPL,52,45,40.0,247.1,9884.0,2024-05-07
2024050701015556,DLBS,33,11,80.0,1175.0,94000.0,2024-05-07
2024050701015555,BEDC,26,54,100.0,360.0,36000.0,2024-05-07
2024050701015554,BNHC,36,45,10.0,434.8,4348.0,2024-05-07
2024050703013149,KSBBL,40,42,17.0,371.6,6317.2,2024-05-07
2024050703013148,KSBBL,40,13,33.0,371.5,12259.5,2024-05-07
2024050701015553,SBL,19,28,90.0,218.0,19620.0,2024-05-07
2024050701015552,RFPL,6,28,10.0,327.1,3271.0,2024-05-07
2024050703013147,ACLBSL,62,14,26.0,857.0,22282.0,2024-05-07
2024050703013146,ACLBSL,62,62,174.0,857.0,149118.0,2024-05-07
2024050701015551,PPL,34,34,50.0,518.8,25940.0,2024-05-07
2024050703013145,GUFL,6,49,10.0,679.0,6790.0,2024-05-07
2024050703013144,SKBBL,22,34,200.0,802.0,160400.0,2024-05-07
2024050704005369,SICL,6,38,10.0,679.0,6790.0,2024-05-07
2024050704005368,SICL,8,38,10.0,679.0,6790.0,2024-05-07
2024050704005367,SICL,19,38,10.0,679.0,6790.0,2024-05-07
2024050704005366,SICL,6,38,10.0,679.0,6790.0,2024-05-07
2024050704005365,PMHPL,52,46,200.0,218.0,43600.0,2024-05-07
2024050705003438,HRL,53,49,9.0,567.0,5103.0,2024-05-07
2024050701015550,NICA,56,33,500.0,348.0,174000.0,2024-05-07
2024050704005364,MEN,54,32,150.0,520.6,78090.0,2024-05-07
2024050701015549,ANLB,8,33,45.0,1961.0,88245.0,2024-05-07
2024050701015548,MEL,4,55,100.0,229.6,22960.0,2024-05-07
2024050701015547,MEL,4,55,100.0,229.6,22960.0,2024-05-07
2024050703013143,GRDBL,36,58,10.0,425.0,4250.0,2024-05-07
2024050704005363,SHPC,34,4,330.0,320.0,105600.0,2024-05-07
2024050704005362,SHPC,48,4,500.0,320.0,160000.0,2024-05-07
2024050704005361,SHPC,10,4,45.0,320.0,14400.0,2024-05-07
2024050704005360,SHPC,51,4,225.0,320.0,72000.0,2024-05-07
2024050704005359,SHPC,21,4,50.0,320.0,16000.0,2024-05-07
2024050704005358,SHPC,26,4,250.0,320.1,80025.0,2024-05-07
2024050704005357,SHPC,44,4,100.0,320.2,32020.0,2024-05-07
2024050704005356,SHPC,44,4,500.0,320.2,160100.0,2024-05-07
2024050704005355,NIL,91,25,10.0,787.0,7870.0,2024-05-07
2024050703013142,ICFC,42,11,50.0,513.1,25655.0,2024-05-07
2024050704005354,HPPL,32,52,60.0,248.1,14886.0,2024-05-07
2024050701015546,SONA,58,34,40.0,437.0,17480.0,2024-05-07
2024050701015545,SNLI,7,42,97.0,587.0,56939.0,2024-05-07
2024050703013141,MERO,84,64,50.0,684.0,34200.0,2024-05-07
2024050703013140,ACLBSL,62,62,26.0,857.0,22282.0,2024-05-07
2024050703013139,ACLBSL,62,48,13.0,856.9,11139.7,2024-05-07
2024050703013138,ACLBSL,62,66,78.0,856.9,66838.2,2024-05-07
2024050703013137,ACLBSL,62,57,40.0,856.7,34268.0,2024-05-07
2024050703013136,ACLBSL,62,13,13.0,856.0,11128.0,2024-05-07
2024050703013135,ACLBSL,62,33,10.0,856.0,8560.0,2024-05-07
2024050703013134,ACLBSL,62,66,20.0,855.9,17118.0,2024-05-07
2024050703013133,ILBS,34,34,100.0,1278.0,127800.0,2024-05-07
2024050704005353,UMHL,38,26,100.0,230.0,23000.0,2024-05-07
2024050704005352,UMHL,38,43,20.0,230.0,4600.0,2024-05-07
2024050701015544,MHCL,10,26,100.0,372.0,37200.0,2024-05-07
2024050705003437,HRL,16,6,10.0,567.0,5670.0,2024-05-07
2024050705003436,HRL,16,58,20.0,567.0,11340.0,2024-05-07
2024050705003435,HRL,16,45,146.0,567.0,82782.0,2024-05-07
2024050701015543,VLUCL,44,42,10.0,448.1,4481.0,2024-05-07
2024050701015542,MHCL,42,26,50.0,372.0,18600.0,2024-05-07
2024050703013132,NFS,49,39,900.0,496.1,446490.0,2024-05-07
2024050703013131,NFS,45,39,100.0,497.0,49700.0,2024-05-07
2024050703013130,GLBSL,74,34,10.0,1923.0,19230.0,2024-05-07
2024050703013129,GLBSL,74,48,25.0,1920.0,48000.0,2024-05-07
2024050703013128,GLBSL,74,7,13.0,1920.0,24960.0,2024-05-07
2024050703013127,GLBSL,74,58,10.0,1919.0,19190.0,2024-05-07
2024050703013126,GLBSL,74,1,20.0,1919.0,38380.0,2024-05-07
2024050703013125,GLBSL,74,6,116.0,1916.0,222256.0,2024-05-07
2024050703013124,ACLBSL,62,66,80.0,855.9,68472.0,2024-05-07
2024050703013123,ACLBSL,62,58,200.0,855.0,171000.0,2024-05-07
2024050703013122,ACLBSL,62,43,10.0,854.9,8549.0,2024-05-07
2024050703013121,ACLBSL,62,13,10.0,854.0,8540.0,2024-05-07
2024050701015541,MAKAR,45,34,10.0,350.2,3502.0,2024-05-07
2024050704005351,IGI,51,34,400.0,523.5,209400.0,2024-05-07
2024050705003434,NICBF,10,52,125.0,8.68,1085.0,2024-05-07
2024050701015540,NICA,56,41,20.0,348.0,6960.0,2024-05-07
2024050703013120,SAPDBL,35,28,10.0,316.8,3168.0,2024-05-07
2024050703013119,SAPDBL,35,56,20.0,315.0,6300.0,2024-05-07
2024050701015539,CITY,17,48,10.0,570.0,5700.0,2024-05-07
2024050704005350,UMHL,10,38,50.0,229.2,11460.0,2024-05-07
2024050703013118,FMDBL,77,53,82.0,645.0,52890.0,2024-05-07
2024050703013117,FMDBL,77,58,10.0,645.0,6450.0,2024-05-07
2024050703013116,FMDBL,77,58,40.0,645.0,25800.0,2024-05-07
2024050703013115,FMDBL,77,42,18.0,645.0,11610.0,2024-05-07
2024050704005349,GHL,14,22,500.0,144.5,72250.0,2024-05-07
2024050704005348,GHL,14,1,213.0,144.5,30778.5,2024-05-07
2024050704005347,GHL,14,50,145.0,144.4,20938.0,2024-05-07
2024050703013114,FMDBL,14,42,182.0,645.0,117390.0,2024-05-07
2024050703013113,FMDBL,14,62,500.0,645.0,322500.0,2024-05-07
2024050703013112,FMDBL,14,57,15.0,645.0,9675.0,2024-05-07
2024050703013111,FMDBL,14,14,100.0,645.0,64500.0,2024-05-07
2024050703013110,FMDBL,14,53,100.0,645.0,64500.0,2024-05-07
2024050703013109,FMDBL,14,43,800.0,644.9,515920.0,2024-05-07
2024050703013108,FMDBL,14,51,271.0,644.5,174659.5,2024-05-07
2024050703013107,FMDBL,14,33,32.0,644.4,20620.8,2024-05-07
2024050701015538,NICA,56,45,163.0,348.0,56724.0,2024-05-07
2024050703013106,NFS,45,39,100.0,497.0,49700.0,2024-05-07
2024050701015537,SHIVM,8,50,60.0,500.0,30000.0,2024-05-07
2024050701015536,SHIVM,8,20,50.0,500.0,25000.0,2024-05-07
2024050701015535,SHIVM,8,14,100.0,500.0,50000.0,2024-05-07
2024050701015534,SHIVM,8,46,22.0,500.0,11000.0,2024-05-07
2024050701015533,SHIVM,8,82,268.0,500.0,134000.0,2024-05-07
2024050705003433,CIT,11,45,200.0,2074.0,414800.0,2024-05-07
2024050704005346,RADHI,18,48,13.0,226.0,2938.0,2024-05-07
2024050701015532,SNLI,42,19,45.0,586.6,26397.0,2024-05-07
2024050701015531,SNLI,7,19,22.0,586.7,12907.4,2024-05-07
2024050701015530,NRM,52,47,10.0,344.0,3440.0,2024-05-07
2024050701015529,NRM,52,34,10.0,343.0,3430.0,2024-05-07
2024050703013105,NLIC,42,52,30.0,579.5,17385.0,2024-05-07
2024050701015528,VLUCL,44,58,75.0,448.1,33607.5,2024-05-07
2024050704005345,KKHC,94,57,500.0,221.0,110500.0,2024-05-07
2024050701015527,MKHL,58,62,60.0,412.0,24720.0,2024-05-07
2024050704005344,SHL,34,34,100.0,430.0,43000.0,2024-05-07
2024050701015526,SHIVM,56,82,10.0,500.0,5000.0,2024-05-07
2024050701015525,SHIVM,56,39,50.0,499.0,24950.0,2024-05-07
2024050703013104,ACLBSL,67,66,40.0,839.0,33560.0,2024-05-07
2024050704005343,AHPC,72,46,300.0,160.3,48090.0,2024-05-07
2024050701015524,USHEC,58,49,40.0,360.0,14400.0,2024-05-07
2024050701015523,USHEC,38,49,360.0,360.1,129636.0,2024-05-07
2024050701015522,USHEC,34,49,120.0,360.1,43212.0,2024-05-07
2024050701015521,USHEC,34,49,20.0,360.1,7202.0,2024-05-07
2024050703013103,NMBMF,37,51,55.0,640.0,35200.0,2024-05-07
2024050701015520,BGWT,65,57,10.0,594.0,5940.0,2024-05-07
2024050701015519,MBJC,47,6,10.0,288.0,2880.0,2024-05-07
2024050703013102,NLIC,58,52,36.0,579.5,20862.0,2024-05-07
2024050703013101,NLIC,49,52,15.0,579.5,8692.5,2024-05-07
2024050703013100,NLIC,57,52,39.0,579.5,22600.5,2024-05-07
2024050703013099,NUBL,42,49,21.0,660.0,13860.0,2024-05-07
2024050703013098,NUBL,42,33,30.0,660.0,19800.0,2024-05-07
2024050703013097,GBBL,62,51,27.0,363.0,9801.0,2024-05-07
2024050703013096,GBBL,56,51,73.0,363.0,26499.0,2024-05-07
2024050704005342,NGPL,38,38,20.0,302.1,6042.0,2024-05-07
2024050701015518,KBL,35,84,500.0,130.4,65200.0,2024-05-07
2024050701015517,KBL,52,84,50.0,130.4,6520.0,2024-05-07
2024050701015516,KBL,49,84,1160.0,130.4,151264.0,2024-05-07
2024050701015515,KBL,1,84,900.0,130.5,117450.0,2024-05-07
2024050701015514,KBL,26,84,41.0,130.5,5350.5,2024-05-07
2024050701015513,KBL,52,84,1000.0,130.6,130600.0,2024-05-07
2024050701015512,KBL,41,84,200.0,130.7,26140.0,2024-05-07
2024050701015511,KBL,6,84,175.0,131.0,22925.0,2024-05-07
2024050703013095,RSDC,49,26,45.0,745.0,33525.0,2024-05-07
2024050705003432,HRL,26,45,50.0,567.0,28350.0,2024-05-07
2024050703013094,LLBS,44,25,80.0,1020.0,81600.0,2024-05-07
2024050703013093,VLBS,29,32,10.0,824.0,8240.0,2024-05-07
2024050703013092,VLBS,45,32,20.0,824.0,16480.0,2024-05-07
2024050703013091,GUFL,35,43,16.0,678.0,10848.0,2024-05-07
2024050703013090,GUFL,25,43,654.0,678.0,443412.0,2024-05-07
2024050703013089,GUFL,1,43,20.0,678.1,13562.0,2024-05-07
2024050703013088,GUFL,43,43,100.0,678.1,67810.0,2024-05-07
2024050703013087,GUFL,14,43,300.0,678.1,203430.0,2024-05-07
2024050703013086,GUFL,59,43,10.0,678.4,6784.0,2024-05-07
2024050704005341,HDHPC,58,48,100.0,130.0,13000.0,2024-05-07
2024050704005340,HDHPC,58,84,100.0,129.9,12990.0,2024-05-07
2024050703013085,KSBBL,58,48,149.0,370.1,55144.9,2024-05-07
2024050705003431,HRL,38,45,500.0,567.0,283500.0,2024-05-07
2024050705003430,BBC,49,72,12.0,3709.0,44508.0,2024-05-07
2024050703013084,GRDBL,60,26,100.0,423.3,42330.0,2024-05-07
2024050704005339,NHPC,45,41,500.0,145.0,72500.0,2024-05-07
2024050703013083,GLBSL,45,45,50.0,1911.0,95550.0,2024-05-07
2024050704005338,NHPC,49,45,30.0,144.1,4323.0,2024-05-07
2024050704005337,NHPC,6,45,200.0,144.1,28820.0,2024-05-07
2024050701015510,NIMB,45,54,200.0,150.7,30140.0,2024-05-07
2024050701015509,ILI,52,35,24.0,540.6,12974.4,2024-05-07
2024050701015508,ILI,38,35,10.0,541.0,5410.0,2024-05-07
2024050701015507,ILI,45,35,86.0,541.0,46526.0,2024-05-07
2024050701015506,ILI,35,35,70.0,541.0,37870.0,2024-05-07
2024050701015505,ILI,52,35,80.0,541.1,43288.0,2024-05-07
2024050701015504,ILI,36,35,30.0,541.1,16233.0,2024-05-07
2024050701015503,ILI,72,35,200.0,541.2,108240.0,2024-05-07
2024050701015502,MKHC,55,19,230.0,309.0,71070.0,2024-05-07
2024050701015501,MKHC,55,38,10.0,308.9,3089.0,2024-05-07
2024050704005336,GHL,57,50,320.0,144.4,46208.0,2024-05-07
2024050704005335,JOSHI,57,94,100.0,322.0,32200.0,2024-05-07
2024050701015500,HDL,57,50,10.0,1335.0,13350.0,2024-05-07
2024050701015499,HDL,57,53,30.0,1335.0,40050.0,2024-05-07
2024050701015498,HDL,57,53,50.0,1335.0,66750.0,2024-05-07
2024050701015497,ULHC,58,39,50.0,326.0,16300.0,2024-05-07
2024050701015496,CZBIL,58,32,100.0,154.1,15410.0,2024-05-07
2024050703013082,PFL,22,3,500.0,650.9,325450.0,2024-05-07
2024050703013081,MLBBL,14,64,10.0,1158.9,11589.0,2024-05-07
2024050703013080,MLBBL,14,66,100.0,1155.0,115500.0,2024-05-07
2024050703013079,MLBBL,14,34,10.0,1154.0,11540.0,2024-05-07
2024050703013078,MLBBL,14,34,10.0,1154.0,11540.0,2024-05-07
2024050703013077,MLBBL,14,59,10.0,1154.0,11540.0,2024-05-07
2024050703013076,MLBBL,14,58,100.0,1153.0,115300.0,2024-05-07
2024050701015495,KDL,47,14,330.0,775.0,255750.0,2024-05-07
2024050701015494,KDL,47,45,100.0,774.8,77480.0,2024-05-07
2024050701015493,KDL,47,34,70.0,774.7,54229.0,2024-05-07
2024050701015492,MKLB,49,42,200.0,990.0,198000.0,2024-05-07
2024050701015491,PPL,58,6,10.0,515.0,5150.0,2024-05-07
2024050701015490,PPL,58,16,300.0,515.0,154500.0,2024-05-07
2024050703013075,GMFIL,60,41,244.0,368.1,89816.4,2024-05-07
2024050701015489,RFPL,65,28,10.0,331.9,3319.0,2024-05-07
2024050701015488,RFPL,65,45,10.0,330.6,3306.0,2024-05-07
2024050703013074,ICFC,57,91,100.0,513.2,51320.0,2024-05-07
2024050701015487,RAWA,18,55,10.0,471.0,4710.0,2024-05-07
2024050701015486,PRVU,44,1,285.0,133.7,38104.5,2024-05-07
2024050701015485,PRVU,52,1,75.0,133.8,10035.0,2024-05-07
2024050701015484,PRVU,58,1,144.0,134.0,19296.0,2024-05-07
2024050701015483,PRVU,57,1,356.0,134.0,47704.0,2024-05-07
2024050701015482,SGHC,58,57,196.0,310.1,60779.6,2024-05-07
2024050701015481,SGHC,59,57,100.0,310.7,31070.0,2024-05-07
2024050701015480,UHEWA,57,53,160.0,386.0,61760.0,2024-05-07
2024050701015479,UHEWA,57,61,10.0,386.0,3860.0,2024-05-07
2024050701015478,UHEWA,57,38,100.0,385.0,38500.0,2024-05-07
2024050701015477,UHEWA,57,52,620.0,384.0,238080.0,2024-05-07
2024050701015476,UHEWA,57,4,10.0,384.0,3840.0,2024-05-07
2024050701015475,UHEWA,57,57,190.0,383.5,72865.0,2024-05-07
2024050701015474,UHEWA,57,17,200.0,380.0,76000.0,2024-05-07
2024050701015473,UHEWA,57,34,10.0,380.0,3800.0,2024-05-07
2024050701015472,UHEWA,57,57,190.0,379.3,72067.0,2024-05-07
2024050701015471,UHEWA,57,58,10.0,378.8,3788.0,2024-05-07
2024050704005334,KKHC,34,57,10.0,221.0,2210.0,2024-05-07
2024050703013073,KMCDB,66,41,105.0,901.9,94699.5,2024-05-07
2024050704005333,HDHPC,58,26,150.0,129.7,19455.0,2024-05-07
2024050701015470,SMHL,26,35,10.0,431.6,4316.0,2024-05-07
2024050701015469,MKJC,26,43,10.0,434.0,4340.0,2024-05-07
2024050701015468,AHL,13,41,10.0,433.3,4333.0,2024-05-07
2024050704005332,GHL,42,41,20.0,144.1,2882.0,2024-05-07
2024050701015467,MKLB,37,34,10.0,996.0,9960.0,2024-05-07
2024050705003429,HRL,49,74,31.0,566.1,17549.1,2024-05-07
2024050705003428,NRN,69,50,410.0,488.0,200080.0,2024-05-07
2024050705003427,NRN,69,40,80.0,487.0,38960.0,2024-05-07
2024050703013072,PFL,22,21,25.0,650.7,16267.5,2024-05-07
2024050703013071,PFL,22,41,50.0,650.0,32500.0,2024-05-07
2024050703013070,PFL,22,3,200.0,650.0,130000.0,2024-05-07
2024050703013069,PFL,22,14,100.0,650.0,65000.0,2024-05-07
2024050703013068,PFL,22,55,50.0,650.0,32500.0,2024-05-07
2024050703013067,PFL,22,37,20.0,650.0,13000.0,2024-05-07
2024050703013066,PFL,22,74,100.0,650.0,65000.0,2024-05-07
2024050703013065,PFL,22,59,11.0,650.0,7150.0,2024-05-07
2024050703013064,GUFL,38,49,150.0,679.0,101850.0,2024-05-07
2024050705003426,NRIC,59,49,97.0,682.4,66192.8,2024-05-07
2024050701015466,NMB,53,36,10.0,170.8,1708.0,2024-05-07
2024050701015465,SNLI,49,42,18.0,587.0,10566.0,2024-05-07
2024050701015464,NABIL,4,52,50.0,422.3,21115.0,2024-05-07
2024050704005331,API,72,38,800.0,163.0,130400.0,2024-05-07
2024050703013063,MLBL,44,85,151.0,323.5,48848.5,2024-05-07
2024050703013062,MLBL,43,85,90.0,323.6,29124.0,2024-05-07
2024050703013061,MLBL,58,85,100.0,324.0,32400.0,2024-05-07
2024050703013060,MLBL,11,85,500.0,324.0,162000.0,2024-05-07
2024050703013059,MLBL,11,85,10.0,324.0,3240.0,2024-05-07
2024050703013058,MLBL,35,85,274.0,324.1,88803.4,2024-05-07
2024050703013057,MLBL,43,85,50.0,324.2,16210.0,2024-05-07
2024050703013056,MLBL,22,85,20.0,324.3,6486.0,2024-05-07
2024050703013055,MLBL,57,85,30.0,324.4,9732.0,2024-05-07
2024050703013054,MLBL,25,85,100.0,324.5,32450.0,2024-05-07
2024050703013053,MLBL,45,85,75.0,325.0,24375.0,2024-05-07
2024050703013052,NABBC,57,7,455.0,429.2,195286.0,2024-05-07
2024050703013051,NABBC,7,7,55.0,429.4,23617.0,2024-05-07
2024050701015463,SONA,6,34,100.0,437.0,43700.0,2024-05-07
2024050703013050,BFC,6,74,20.0,382.0,7640.0,2024-05-07
2024050703013049,GFCL,29,71,10.0,453.9,4539.0,2024-05-07
2024050703013048,ALICL,7,14,60.0,536.0,32160.0,2024-05-07
2024050703013047,ALICL,17,14,200.0,536.0,107200.0,2024-05-07
2024050703013046,ALICL,40,14,33.0,536.1,17691.3,2024-05-07
2024050703013045,ALICL,3,14,115.0,536.2,61663.0,2024-05-07
2024050703013044,NMFBS,26,45,40.0,1255.0,50200.0,2024-05-07
2024050703013043,NMFBS,26,54,10.0,1254.9,12549.0,2024-05-07
2024050703013042,VLBS,49,32,200.0,828.0,165600.0,2024-05-07
2024050701015462,EHPL,42,57,10.0,444.0,4440.0,2024-05-07
2024050704005330,KKHC,42,57,100.0,221.0,22100.0,2024-05-07
2024050704005329,KKHC,17,57,30.0,221.0,6630.0,2024-05-07
2024050701015461,SBL,48,28,30.0,218.0,6540.0,2024-05-07
2024050701015460,SBL,48,6,10.0,217.9,2179.0,2024-05-07
2024050701015459,SBL,48,6,10.0,217.9,2179.0,2024-05-07
2024050703013041,SWMF,70,48,38.0,786.0,29868.0,2024-05-07
2024050701015458,TAMOR,62,59,150.0,357.0,53550.0,2024-05-07
2024050701015457,TAMOR,62,49,10.0,357.0,3570.0,2024-05-07
2024050701015456,TAMOR,62,35,10.0,357.0,3570.0,2024-05-07
2024050701015455,TAMOR,62,38,10.0,357.0,3570.0,2024-05-07
2024050701015454,GVL,34,7,100.0,435.0,43500.0,2024-05-07
2024050701015453,GVL,34,66,174.0,435.0,75690.0,2024-05-07
2024050703013040,GUFL,59,42,40.0,678.2,27128.0,2024-05-07
2024050701015452,GBIME,38,51,10.0,174.0,1740.0,2024-05-07
2024050701015451,HATHY,57,68,280.0,825.0,231000.0,2024-05-07
2024050701015450,HATHY,42,68,45.0,825.0,37125.0,2024-05-07
2024050701015449,HATHY,47,68,75.0,825.1,61882.5,2024-05-07
2024050703013039,GUFL,8,42,100.0,678.2,67820.0,2024-05-07
2024050701015448,IHL,65,43,10.0,367.9,3679.0,2024-05-07
2024050704005328,GLH,58,61,422.0,200.0,84400.0,2024-05-07
2024050704005327,GLH,6,61,200.0,200.1,40020.0,2024-05-07
2024050703013038,NMBMF,37,60,15.0,640.0,9600.0,2024-05-07
2024050703013037,NMBMF,33,60,85.0,640.0,54400.0,2024-05-07
2024050703013036,NMBMF,21,60,200.0,640.1,128020.0,2024-05-07
2024050703013035,NMBMF,19,60,200.0,640.2,128040.0,2024-05-07
2024050703013034,GUFL,43,42,80.0,678.2,54256.0,2024-05-07
2024050703013033,NICLBSL,34,38,10.0,658.0,6580.0,2024-05-07
2024050703013032,MERO,84,34,30.0,684.0,20520.0,2024-05-07
2024050703013031,MLBL,45,14,25.0,325.0,8125.0,2024-05-07
2024050704005326,SSHL,21,57,200.0,160.9,32180.0,2024-05-07
2024050701015447,NWCL,1,32,10.0,700.0,7000.0,2024-05-07
2024050701015446,SNLI,34,42,37.0,587.0,21719.0,2024-05-07
2024050701015445,SNLI,58,42,100.0,587.0,58700.0,2024-05-07
2024050701015444,SNLI,58,42,85.0,587.0,49895.0,2024-05-07
2024050701015443,SNLI,14,42,13.0,587.0,7631.0,2024-05-07
2024050701015442,CYCL,62,22,62.0,1650.0,102300.0,2024-05-07
2024050701015441,CYCL,62,22,10.0,1649.0,16490.0,2024-05-07
2024050701015440,CYCL,62,14,149.0,1640.0,244360.0,2024-05-07
2024050701015439,CYCL,62,70,10.0,1628.0,16280.0,2024-05-07
2024050701015438,CYCL,62,35,10.0,1560.0,15600.0,2024-05-07
2024050701015437,CYCL,62,64,30.0,1560.0,46800.0,2024-05-07
2024050701015436,CYCL,62,19,90.0,1555.0,139950.0,2024-05-07
2024050701015435,CYCL,62,29,300.0,1554.0,466200.0,2024-05-07
2024050701015434,CYCL,62,13,100.0,1554.0,155400.0,2024-05-07
2024050701015433,CYCL,62,19,10.0,1552.0,15520.0,2024-05-07
2024050701015432,CYCL,62,51,20.0,1550.0,31000.0,2024-05-07
2024050701015431,CYCL,62,45,10.0,1550.0,15500.0,2024-05-07
2024050701015430,CYCL,62,85,10.0,1545.3,15453.0,2024-05-07
2024050701015429,CYCL,62,85,10.0,1545.0,15450.0,2024-05-07
2024050701015428,CYCL,62,37,62.0,1540.2,95492.4,2024-05-07
2024050701015427,CYCL,62,69,200.0,1540.2,308040.0,2024-05-07
2024050701015426,CYCL,62,29,199.0,1539.0,306261.0,2024-05-07
2024050701015425,CYCL,62,14,10.0,1538.0,15380.0,2024-05-07
2024050701015424,CYCL,62,59,30.0,1535.4,46062.0,2024-05-07
2024050701015423,CYCL,62,33,200.0,1535.0,307000.0,2024-05-07
2024050701015422,CYCL,62,57,15.0,1535.0,23025.0,2024-05-07
2024050701015421,CYCL,62,32,20.0,1533.0,30660.0,2024-05-07
2024050701015420,CYCL,62,62,200.0,1531.0,306200.0,2024-05-07
2024050701015419,CYCL,62,62,300.0,1530.0,459000.0,2024-05-07
2024050701015418,CYCL,62,41,50.0,1530.0,76500.0,2024-05-07
2024050701015417,CYCL,62,62,100.0,1530.0,153000.0,2024-05-07
2024050701015416,CYCL,62,62,50.0,1530.0,76500.0,2024-05-07
2024050701015415,CYCL,62,51,53.0,1530.0,81090.0,2024-05-07
2024050701015414,CYCL,62,32,10.0,1530.0,15300.0,2024-05-07
2024050701015413,CYCL,62,58,13.0,1530.0,19890.0,2024-05-07
2024050701015412,CYCL,62,59,26.0,1529.9,39777.4,2024-05-07
2024050701015411,CYCL,62,45,10.0,1529.0,15290.0,2024-05-07
2024050701015410,CYCL,62,34,100.0,1528.9,152890.0,2024-05-07
2024050701015409,CYCL,62,62,50.0,1528.0,76400.0,2024-05-07
2024050701015408,CYCL,62,59,60.0,1527.0,91620.0,2024-05-07
2024050701015407,CYCL,62,62,200.0,1526.9,305380.0,2024-05-07
2024050701015406,CYCL,62,62,50.0,1525.9,76295.0,2024-05-07
2024050701015405,CYCL,62,62,200.0,1525.8,305160.0,2024-05-07
2024050701015404,CYCL,62,62,100.0,1525.0,152500.0,2024-05-07
2024050701015403,CYCL,62,62,50.0,1525.0,76250.0,2024-05-07
2024050701015402,CYCL,62,41,21.0,1525.0,32025.0,2024-05-07
2024050701015401,ULHC,58,58,10.0,326.9,3269.0,2024-05-07
2024050701015400,ULHC,58,50,10.0,326.8,3268.0,2024-05-07
2024050703013030,SFCL,22,58,100.0,338.0,33800.0,2024-05-07
2024050704005325,JOSHI,29,7,10.0,323.0,3230.0,2024-05-07
2024050704005324,JOSHI,29,38,100.0,322.0,32200.0,2024-05-07
2024050705003425,CHDC,58,34,10.0,698.0,6980.0,2024-05-07
2024050703013029,HLI,10,10,19.0,384.0,7296.0,2024-05-07
2024050704005323,NHPC,32,45,20.0,144.0,2880.0,2024-05-07
2024050705003424,NIFRA,1,45,100.0,193.4,19340.0,2024-05-07
2024050704005322,SALICO,6,60,13.0,628.8,8174.4,2024-05-07
2024050701015399,GBIME,32,59,455.0,173.1,78760.5,2024-05-07
2024050701015398,GBIME,39,59,10.0,173.2,1732.0,2024-05-07
2024050701015397,GBIME,35,59,30.0,173.3,5199.0,2024-05-07
2024050701015396,GBIME,42,59,110.0,173.5,19085.0,2024-05-07
2024050701015395,GBIME,38,59,10.0,173.5,1735.0,2024-05-07
2024050703013028,MNBBL,41,41,190.0,346.0,65740.0,2024-05-07
2024050703013027,MNBBL,41,58,370.0,346.0,128020.0,2024-05-07
2024050703013026,MNBBL,41,66,199.0,346.0,68854.0,2024-05-07
2024050703013025,MNBBL,41,26,150.0,345.9,51885.0,2024-05-07
2024050703013024,MNBBL,41,39,87.0,345.0,30015.0,2024-05-07
2024050703013023,RSDC,64,45,200.0,742.0,148400.0,2024-05-07
2024050703013022,RSDC,62,45,100.0,744.9,74490.0,2024-05-07
2024050703013021,MPFL,38,45,80.0,435.0,34800.0,2024-05-07
2024050705003423,NIFRA,25,28,13.0,193.9,2520.7,2024-05-07
2024050705003422,NIFRA,25,33,900.0,193.8,174420.0,2024-05-07
2024050705003421,NIFRA,25,21,43.0,193.7,8329.1,2024-05-07
2024050705003420,NIFRA,25,7,44.0,193.6,8518.4,2024-05-07
2024050703013020,GLBSL,74,45,10.0,1915.0,19150.0,2024-05-07
2024050701015394,PPL,58,39,240.0,515.0,123600.0,2024-05-07
2024050701015393,DOLTI,42,54,10.0,424.9,4249.0,2024-05-07
2024050701015392,SONA,53,34,27.0,437.0,11799.0,2024-05-07
2024050701015391,SARBTM,19,34,50.0,757.0,37850.0,2024-05-07
2024050703013019,MFIL,53,19,10.0,508.0,5080.0,2024-05-07
2024050701015390,SCB,5,64,63.0,516.8,32558.4,2024-05-07
2024050701015389,SCB,5,38,90.0,516.8,46512.0,2024-05-07
2024050705003419,KDBY,4,57,100.0,8.73,873.0,2024-05-07
2024050704005321,NHPC,11,41,642.0,145.0,93090.0,2024-05-07
2024050704005320,NHPC,11,35,20.0,145.0,2900.0,2024-05-07
2024050704005319,NHPC,11,34,338.0,145.0,49010.0,2024-05-07
2024050701015388,NBL,50,44,700.0,197.1,137970.0,2024-05-07
2024050701015387,SHIVM,80,39,200.0,499.0,99800.0,2024-05-07
2024050701015386,PRVU,57,6,10.0,134.0,1340.0,2024-05-07
2024050701015385,PRVU,57,56,134.0,134.0,17956.0,2024-05-07
2024050705003418,NIFRA,42,7,20.0,193.6,3872.0,2024-05-07
2024050703013018,PFL,22,42,10.0,649.0,6490.0,2024-05-07
2024050703013017,GUFL,42,49,30.0,679.0,20370.0,2024-05-07
2024050703013016,GILB,57,86,60.0,1068.0,64080.0,2024-05-07
2024050705003417,HRL,38,58,10.0,567.0,5670.0,2024-05-07
2024050705003416,HRL,38,22,10.0,567.0,5670.0,2024-05-07
2024050703013015,SKBBL,16,34,100.0,802.7,80270.0,2024-05-07
2024050703013014,SKBBL,34,34,400.0,803.0,321200.0,2024-05-07
2024050703013013,SKBBL,17,34,19.0,803.0,15257.0,2024-05-07
2024050703013012,SKBBL,44,34,300.0,803.5,241050.0,2024-05-07
2024050703013011,SKBBL,50,34,191.0,803.7,153506.7,2024-05-07
2024050703013010,SKBBL,48,34,200.0,804.0,160800.0,2024-05-07
2024050703013009,SKBBL,38,34,100.0,804.2,80420.0,2024-05-07
2024050703013008,SKBBL,37,34,299.0,804.3,240485.7,2024-05-07
2024050703013007,SKBBL,26,34,20.0,805.0,16100.0,2024-05-07
2024050703013006,SKBBL,47,34,873.0,805.0,702765.0,2024-05-07
2024050704005318,AKJCL,34,32,10.0,205.0,2050.0,2024-05-07
2024050703013005,GUFL,43,26,100.0,678.2,67820.0,2024-05-07
2024050701015384,VLUCL,68,25,13.0,448.0,5824.0,2024-05-07
2024050705003415,CHDC,32,32,50.0,699.0,34950.0,2024-05-07
2024050703013004,GUFL,43,4,70.0,678.2,47474.0,2024-05-07
2024050703013003,GUFL,6,4,20.0,678.2,13564.0,2024-05-07
2024050703013002,GUFL,52,4,50.0,678.2,33910.0,2024-05-07
2024050703013001,GUFL,47,4,100.0,678.2,67820.0,2024-05-07
2024050703013000,GUFL,62,4,10.0,678.2,6782.0,2024-05-07
2024050703012999,GUFL,57,4,50.0,678.3,33915.0,2024-05-07
2024050703012998,GUFL,70,4,20.0,678.3,13566.0,2024-05-07
2024050704005317,NLG,21,29,20.0,754.7,15094.0,2024-05-07
2024050701015383,TVCL,28,58,50.0,450.0,22500.0,2024-05-07
2024050701015382,JBLB,6,53,11.0,1306.9,14375.9,2024-05-07
2024050704005316,RIDI,58,48,50.0,163.5,8175.0,2024-05-07
2024050704005315,RIDI,58,45,10.0,163.4,1634.0,2024-05-07
2024050704005314,RIDI,58,16,40.0,163.0,6520.0,2024-05-07
2024050704005313,NGPL,58,39,70.0,304.0,21280.0,2024-05-07
2024050703012997,FMDBL,17,51,54.0,644.5,34803.0,2024-05-07
2024050703012996,FMDBL,17,32,100.0,644.0,64400.0,2024-05-07
2024050703012995,FMDBL,17,56,19.0,644.0,12236.0,2024-05-07
2024050703012994,FMDBL,17,42,27.0,644.0,17388.0,2024-05-07
2024050703012993,CBBL,41,34,27.0,824.0,22248.0,2024-05-07
2024050704005312,MEN,39,56,230.0,522.5,120175.0,2024-05-07
2024050704005311,MEN,39,56,70.0,522.5,36575.0,2024-05-07
2024050704005310,PRIN,56,58,10.0,775.8,7758.0,2024-05-07
2024050701015381,RNLI,21,58,11.0,426.3,4689.3,2024-05-07
2024050701015380,LSL,52,29,142.0,145.2,20618.4,2024-05-07
2024050701015379,LSL,17,29,75.0,145.5,10912.5,2024-05-07
2024050701015378,MEL,4,38,100.0,229.6,22960.0,2024-05-07
2024050701015377,RAWA,81,41,10.0,470.0,4700.0,2024-05-07
2024050701015376,RAWA,81,36,250.0,470.0,117500.0,2024-05-07
2024050701015375,PCBL,45,45,365.0,189.5,69167.5,2024-05-07
2024050701015374,PCBL,25,45,100.0,190.0,19000.0,2024-05-07
2024050701015373,PCBL,53,45,35.0,190.0,6650.0,2024-05-07
2024050701015372,RFPL,13,35,10.0,327.0,3270.0,2024-05-07
2024050704005309,SHPC,72,4,100.0,320.5,32050.0,2024-05-07
2024050703012992,GUFL,39,49,80.0,679.0,54320.0,2024-05-07
2024050704005308,SPIL,44,33,37.0,737.0,27269.0,2024-05-07
2024050704005307,RHPL,13,6,360.0,262.6,94536.0,2024-05-07
2024050703012991,NLIC,57,92,38.0,579.5,22021.0,2024-05-07
2024050701015371,MANDU,58,22,10.0,795.0,7950.0,2024-05-07
2024050701015370,MANDU,58,34,100.0,795.0,79500.0,2024-05-07
2024050701015369,MANDU,58,11,10.0,795.0,7950.0,2024-05-07
2024050701015368,MANDU,58,58,10.0,790.0,7900.0,2024-05-07
2024050701015367,MANDU,58,3,10.0,790.0,7900.0,2024-05-07
2024050701015366,MANDU,58,52,10.0,790.0,7900.0,2024-05-07
2024050701015365,MANDU,58,49,10.0,790.0,7900.0,2024-05-07
2024050701015364,MANDU,58,4,10.0,788.0,7880.0,2024-05-07
2024050701015363,MANDU,58,45,10.0,788.0,7880.0,2024-05-07
2024050701015362,MANDU,58,28,10.0,787.0,7870.0,2024-05-07
2024050701015361,MANDU,58,45,10.0,786.0,7860.0,2024-05-07
2024050703012990,DDBL,17,44,10.0,703.0,7030.0,2024-05-07
2024050703012989,MERO,84,51,200.0,684.0,136800.0,2024-05-07
2024050703012988,MPFL,4,41,50.0,435.1,21755.0,2024-05-07
2024050703012987,GLBSL,45,41,148.0,1911.0,282828.0,2024-05-07
2024050703012986,GLBSL,25,41,30.0,1912.0,57360.0,2024-05-07
2024050703012985,GLBSL,45,41,24.0,1913.0,45912.0,2024-05-07
2024050703012984,PFL,45,59,10.0,650.0,6500.0,2024-05-07
2024050701015360,MAKAR,5,55,700.0,350.1,245070.0,2024-05-07
2024050703012983,NFS,36,66,126.0,496.0,62496.0,2024-05-07
2024050703012982,MPFL,4,29,50.0,435.1,21755.0,2024-05-07
2024050701015359,VLUCL,68,52,10.0,448.0,4480.0,2024-05-07
2024050703012981,CBBL,49,13,10.0,820.0,8200.0,2024-05-07
2024050703012980,RLFL,57,18,100.0,372.0,37200.0,2024-05-07
2024050704005306,JOSHI,26,58,50.0,321.5,16075.0,2024-05-07
2024050704005305,HPPL,32,58,20.0,248.1,4962.0,2024-05-07
2024050701015358,GBIME,36,51,29.0,174.0,5046.0,2024-05-07
2024050701015357,ULHC,58,48,43.0,326.0,14018.0,2024-05-07
2024050704005304,HPPL,70,8,264.0,250.9,66237.6,2024-05-07
2024050704005303,HPPL,70,13,60.0,250.0,15000.0,2024-05-07
2024050701015356,NICA,56,38,500.0,348.0,174000.0,2024-05-07
2024050703012979,PFL,22,14,100.0,649.0,64900.0,2024-05-07
2024050701015355,MHCL,42,33,50.0,371.7,18585.0,2024-05-07
2024050701015354,DORDI,17,49,10.0,403.0,4030.0,2024-05-07
2024050701015353,NABIL,8,80,504.0,422.0,212688.0,2024-05-07
2024050701015352,BHPL,35,56,337.0,533.0,179621.0,2024-05-07
2024050701015351,BHPL,35,13,100.0,531.6,53160.0,2024-05-07
2024050701015350,BHPL,35,14,363.0,531.5,192934.5,2024-05-07
2024050703012978,SDLBSL,21,38,20.0,899.0,17980.0,2024-05-07
2024050703012977,SWBBL,50,48,139.0,770.0,107030.0,2024-05-07
2024050701015349,ILI,57,72,30.0,542.5,16275.0,2024-05-07
2024050701015348,ILI,57,54,10.0,542.0,5420.0,2024-05-07
2024050701015347,ILI,57,48,10.0,542.0,5420.0,2024-05-07
2024050703012976,SWBBL,50,48,154.0,770.0,118580.0,2024-05-07
2024050701015346,PPL,58,48,10.0,515.0,5150.0,2024-05-07
2024050703012975,MSLB,33,38,27.0,1177.3,31787.1,2024-05-07
2024050701015345,TVCL,28,58,200.0,450.0,90000.0,2024-05-07
2024050701015344,TVCL,45,58,20.0,450.0,9000.0,2024-05-07
2024050701015343,TVCL,42,58,10.0,450.0,4500.0,2024-05-07
2024050701015342,TVCL,41,58,20.0,450.0,9000.0,2024-05-07
2024050701015341,TVCL,13,58,20.0,450.7,9014.0,2024-05-07
2024050701015340,TVCL,67,58,100.0,450.7,45070.0,2024-05-07
2024050704005302,NGPL,53,34,215.0,302.0,64930.0,2024-05-07
2024050704005301,NGPL,45,34,50.0,302.0,15100.0,2024-05-07
2024050704005300,NGPL,58,34,1735.0,302.0,523970.0,2024-05-07
2024050703012974,ALICL,3,45,100.0,536.2,53620.0,2024-05-07
2024050701015339,AVYAN,14,21,10.0,771.0,7710.0,2024-05-07
2024050705003414,NRN,39,40,50.0,487.0,24350.0,2024-05-07
2024050703012973,JBBL,19,38,34.0,288.0,9792.0,2024-05-07
2024050703012972,JBBL,19,42,466.0,288.0,134208.0,2024-05-07
2024050701015338,SIKLES,7,21,310.0,503.8,156178.0,2024-05-07
2024050701015337,SIKLES,7,39,10.0,503.7,5037.0,2024-05-07
2024050703012971,MNBBL,48,58,10.0,345.0,3450.0,2024-05-07
2024050701015336,RNLI,21,42,11.0,426.3,4689.3,2024-05-07
2024050704005299,RADHI,38,48,87.0,226.0,19662.0,2024-05-07
2024050704005298,RADHI,38,55,69.0,226.0,15594.0,2024-05-07
2024050704005297,RADHI,38,13,100.0,226.0,22600.0,2024-05-07
2024050704005296,RADHI,38,38,52.0,226.0,11752.0,2024-05-07
2024050704005295,RADHI,38,47,277.0,226.0,62602.0,2024-05-07
2024050703012970,RLFL,38,88,224.0,370.0,82880.0,2024-05-07
2024050705003413,NRIC,25,35,10.0,680.1,6801.0,2024-05-07
2024050701015335,MHL,36,5,60.0,402.8,24168.0,2024-05-07
2024050701015334,IHL,49,52,10.0,366.4,3664.0,2024-05-07
2024050704005294,SJCL,57,21,28.0,263.0,7364.0,2024-05-07
2024050701015333,CYCL,45,62,50.0,1500.0,75000.0,2024-05-07
2024050701015332,CYCL,22,62,50.0,1501.0,75050.0,2024-05-07
2024050703012969,ACLBSL,67,62,100.0,850.0,85000.0,2024-05-07
2024050703012968,RSDC,22,26,25.0,745.0,18625.0,2024-05-07
2024050703012967,ALICL,3,46,285.0,536.2,152817.0,2024-05-07
2024050704005293,UPCL,49,34,90.0,189.0,17010.0,2024-05-07
2024050704005292,UPCL,56,34,100.0,189.0,18900.0,2024-05-07
2024050704005291,UPCL,17,34,200.0,189.5,37900.0,2024-05-07
2024050704005290,UPCL,32,34,602.0,189.5,114079.0,2024-05-07
2024050703012966,NFS,33,34,100.0,495.0,49500.0,2024-05-07
2024050703012965,NFS,82,34,200.0,495.0,99000.0,2024-05-07
2024050703012964,NFS,33,34,50.0,495.2,24760.0,2024-05-07
2024050703012963,NFS,50,34,50.0,495.2,24760.0,2024-05-07
2024050701015331,RFPL,13,14,70.0,327.0,22890.0,2024-05-07
2024050701015330,RFPL,14,14,50.0,327.0,16350.0,2024-05-07
2024050701015329,RFPL,14,14,50.0,327.0,16350.0,2024-05-07
2024050701015328,RFPL,56,14,30.0,327.1,9813.0,2024-05-07
2024050701015327,RFPL,45,14,50.0,327.8,16390.0,2024-05-07
2024050704005289,UPPER,14,32,200.0,161.0,32200.0,2024-05-07
2024050701015326,SONA,53,13,10.0,437.0,4370.0,2024-05-07
2024050701015325,SONA,53,42,163.0,437.0,71231.0,2024-05-07
2024050704005288,NLG,44,37,200.0,747.5,149500.0,2024-05-07
2024050704005287,NLG,44,37,100.0,747.5,74750.0,2024-05-07
2024050705003412,NRN,14,49,25.0,486.6,12165.0,2024-05-07
2024050701015324,HHL,5,54,10.0,341.9,3419.0,2024-05-07
2024050701015323,BHPL,35,36,100.0,531.0,53100.0,2024-05-07
2024050701015322,BHPL,35,58,20.0,531.0,10620.0,2024-05-07
2024050701015321,BHPL,35,45,20.0,530.0,10600.0,2024-05-07
2024050701015320,BHPL,35,35,450.0,530.0,238500.0,2024-05-07
2024050701015319,BHPL,35,57,210.0,529.9,111279.0,2024-05-07
2024050703012962,JBBL,50,28,94.0,286.5,26931.0,2024-05-07
2024050703012961,JBBL,13,28,45.0,286.6,12897.0,2024-05-07
2024050703012960,JBBL,16,28,500.0,286.7,143350.0,2024-05-07
2024050703012959,JBBL,21,28,1000.0,287.0,287000.0,2024-05-07
2024050703012958,JBBL,42,28,19.0,287.0,5453.0,2024-05-07
2024050703012957,ILBS,57,13,25.0,1279.0,31975.0,2024-05-07
2024050701015318,KBL,57,53,35.0,131.5,4602.5,2024-05-07
2024050701015317,MKHL,42,69,100.0,412.0,41200.0,2024-05-07
2024050701015316,MKHL,42,58,10.0,412.0,4120.0,2024-05-07
2024050701015315,MKHL,42,26,10.0,412.0,4120.0,2024-05-07
2024050701015314,MKHL,42,34,75.0,412.0,30900.0,2024-05-07
2024050701015313,MKHL,42,22,104.0,412.0,42848.0,2024-05-07
2024050701015312,SRLI,33,22,72.0,425.2,30614.4,2024-05-07
2024050701015311,SRLI,25,22,10.0,425.3,4253.0,2024-05-07
2024050704005286,SHL,16,84,300.0,429.2,128760.0,2024-05-07
2024050701015310,TVCL,67,45,20.0,450.7,9014.0,2024-05-07
2024050703012956,GLBSL,45,35,26.0,1913.0,49738.0,2024-05-07
2024050703012955,GLBSL,76,35,24.0,1913.0,45912.0,2024-05-07
2024050701015309,SNLI,14,36,284.0,587.0,166708.0,2024-05-07
2024050701015308,SNLI,58,36,70.0,587.0,41090.0,2024-05-07
2024050701015307,SNLI,5,36,100.0,587.0,58700.0,2024-05-07
2024050701015306,SNLI,7,36,20.0,587.0,11740.0,2024-05-07
2024050701015305,SNLI,35,36,26.0,587.1,15264.6,2024-05-07
2024050701015304,MANDU,72,14,10.0,785.0,7850.0,2024-05-07
2024050705003411,NTC,40,51,12.0,819.0,9828.0,2024-05-07
2024050705003410,NTC,40,38,25.0,818.0,20450.0,2024-05-07
2024050705003409,NTC,40,44,13.0,816.9,10619.7,2024-05-07
2024050703012954,GUFL,57,49,10.0,679.0,6790.0,2024-05-07
2024050701015303,MKJC,38,48,35.0,431.2,15092.0,2024-05-07
2024050701015302,MKJC,58,48,10.0,431.2,4312.0,2024-05-07
2024050701015301,MKJC,19,48,30.0,431.4,12942.0,2024-05-07
2024050701015300,MKJC,52,48,10.0,433.3,4333.0,2024-05-07
2024050705003408,CIT,54,62,188.0,2070.0,389160.0,2024-05-07
2024050705003407,CIT,28,62,10.0,2070.0,20700.0,2024-05-07
2024050705003406,CIT,32,62,25.0,2070.0,51750.0,2024-05-07
2024050705003405,CIT,34,62,15.0,2070.0,31050.0,2024-05-07
2024050705003404,CIT,34,62,10.0,2070.0,20700.0,2024-05-07
2024050705003403,CIT,26,62,50.0,2070.0,103500.0,2024-05-07
2024050705003402,CIT,33,62,20.0,2070.0,41400.0,2024-05-07
2024050705003401,CIT,17,62,10.0,2070.0,20700.0,2024-05-07
2024050705003400,CIT,18,62,50.0,2070.0,103500.0,2024-05-07
2024050705003399,CIT,49,62,100.0,2070.0,207000.0,2024-05-07
2024050705003398,CIT,8,62,60.0,2070.0,124200.0,2024-05-07
2024050705003397,CIT,13,62,40.0,2070.0,82800.0,2024-05-07
2024050705003396,CIT,47,62,100.0,2070.0,207000.0,2024-05-07
2024050705003395,CIT,41,62,25.0,2070.0,51750.0,2024-05-07
2024050705003394,CIT,21,62,25.0,2070.0,51750.0,2024-05-07
2024050705003393,CIT,51,62,20.0,2070.0,41400.0,2024-05-07
2024050705003392,CIT,42,62,10.0,2070.0,20700.0,2024-05-07
2024050705003391,CIT,52,62,44.0,2070.0,91080.0,2024-05-07
2024050705003390,CIT,58,62,10.0,2070.0,20700.0,2024-05-07
2024050705003389,CIT,41,62,20.0,2070.0,41400.0,2024-05-07
2024050705003388,CIT,11,62,20.0,2070.0,41400.0,2024-05-07
2024050705003387,CIT,29,62,10.0,2070.0,20700.0,2024-05-07
2024050705003386,CIT,29,62,27.0,2070.0,55890.0,2024-05-07
2024050705003385,CIT,41,62,50.0,2070.1,103505.0,2024-05-07
2024050705003384,CIT,7,62,11.0,2070.2,22772.2,2024-05-07
2024050705003383,CIT,29,62,20.0,2071.0,41420.0,2024-05-07
2024050705003382,CIT,4,62,10.0,2071.0,20710.0,2024-05-07
2024050701015299,SBL,48,6,10.0,217.7,2177.0,2024-05-07
2024050703012953,SADBL,57,88,500.0,306.0,153000.0,2024-05-07
2024050704005285,UPPER,17,32,100.0,161.0,16100.0,2024-05-07
2024050701015298,NICA,56,34,190.0,348.0,66120.0,2024-05-07
2024050703012952,MLBSL,5,26,10.0,1720.0,17200.0,2024-05-07
2024050703012951,RLFL,72,88,276.0,370.0,102120.0,2024-05-07
2024050703012950,RLFL,72,45,224.0,370.0,82880.0,2024-05-07
2024050704005284,UPCL,71,34,500.0,190.0,95000.0,2024-05-07
2024050701015297,TVCL,67,28,200.0,450.7,90140.0,2024-05-07
2024050703012949,ALBSL,45,22,20.0,813.0,16260.0,2024-05-07
2024050701015296,PHCL,52,17,18.0,280.0,5040.0,2024-05-07
2024050701015295,HATHY,42,81,55.0,825.0,45375.0,2024-05-07
2024050701015294,HATHY,33,81,67.0,825.0,55275.0,2024-05-07
2024050701015293,HATHY,41,81,100.0,825.1,82510.0,2024-05-07
2024050701015292,HATHY,66,81,278.0,825.5,229489.0,2024-05-07
2024050701015291,PHCL,52,49,10.0,280.0,2800.0,2024-05-07
2024050701015290,NABIL,57,43,500.0,421.9,210950.0,2024-05-07
2024050704005283,KKHC,46,57,69.0,221.3,15269.7,2024-05-07
2024050701015289,HATHY,66,48,22.0,825.5,18161.0,2024-05-07
2024050703012948,PFL,22,56,100.0,647.8,64780.0,2024-05-07
2024050703012947,PFL,22,17,500.0,647.7,323850.0,2024-05-07
2024050703012946,PFL,22,17,500.0,647.7,323850.0,2024-05-07
2024050703012945,PFL,22,11,50.0,647.7,32385.0,2024-05-07
2024050703012944,PFL,22,32,10.0,647.7,6477.0,2024-05-07
2024050703012943,PFL,22,32,100.0,647.5,64750.0,2024-05-07
2024050703012942,PFL,22,38,100.0,646.1,64610.0,2024-05-07
2024050703012941,PFL,22,51,33.0,646.0,21318.0,2024-05-07
2024050703012940,PFL,22,26,10.0,646.0,6460.0,2024-05-07
2024050703012939,PFL,22,58,56.0,645.0,36120.0,2024-05-07
2024050703012938,PFL,22,52,50.0,645.0,32250.0,2024-05-07
2024050703012937,PFL,22,49,500.0,645.0,322500.0,2024-05-07
2024050703012936,PFL,22,58,300.0,645.0,193500.0,2024-05-07
2024050703012935,PFL,22,17,500.0,644.6,322300.0,2024-05-07
2024050703012934,PFL,22,17,500.0,644.6,322300.0,2024-05-07
2024050703012933,PFL,22,32,300.0,644.6,193380.0,2024-05-07
2024050703012932,PFL,22,7,50.0,644.6,32230.0,2024-05-07
2024050703012931,PFL,22,49,200.0,644.5,128900.0,2024-05-07
2024050703012930,PFL,22,5,17.0,644.2,10951.4,2024-05-07
2024050703012929,PFL,22,57,10.0,644.0,6440.0,2024-05-07
2024050703012928,PFL,22,46,345.0,644.0,222180.0,2024-05-07
2024050703012927,MERO,84,51,215.0,684.0,147060.0,2024-05-07
2024050703012926,SHINE,26,38,25.0,382.5,9562.5,2024-05-07
2024050703012925,SHINE,26,7,15.0,382.0,5730.0,2024-05-07
2024050701015288,PHCL,52,49,10.0,280.0,2800.0,2024-05-07
2024050704005282,UAIL,36,13,30.0,535.0,16050.0,2024-05-07
2024050701015287,PHCL,52,47,552.0,280.0,154560.0,2024-05-07
2024050704005281,RIDI,5,6,136.0,162.1,22045.6,2024-05-07
2024050704005280,RIDI,48,6,100.0,162.2,16220.0,2024-05-07
2024050704005279,RIDI,56,6,250.0,162.5,40625.0,2024-05-07
2024050704005278,RIDI,17,6,10.0,162.7,1627.0,2024-05-07
2024050704005277,RIDI,41,6,500.0,163.0,81500.0,2024-05-07
2024050704005276,RIDI,45,6,54.0,163.0,8802.0,2024-05-07
2024050701015286,EBL,34,91,13.0,499.6,6494.8,2024-05-07
2024050701015285,EBL,34,11,22.0,499.5,10989.0,2024-05-07
2024050701015284,EBL,34,37,125.0,498.0,62250.0,2024-05-07
2024050703012924,FOWAD,45,28,29.0,1170.0,33930.0,2024-05-07
2024050703012923,FOWAD,45,21,145.0,1170.0,169650.0,2024-05-07
2024050703012922,FOWAD,45,1,56.0,1170.0,65520.0,2024-05-07
2024050703012921,FOWAD,45,45,50.0,1169.9,58495.0,2024-05-07
2024050703012920,FOWAD,45,10,20.0,1169.0,23380.0,2024-05-07
2024050701015283,RNLI,21,52,11.0,426.3,4689.3,2024-05-07
2024050703012919,MERO,84,52,20.0,684.0,13680.0,2024-05-07
2024050701015282,SAHAS,42,25,50.0,486.6,24330.0,2024-05-07
2024050705003381,HRL,56,56,10.0,565.8,5658.0,2024-05-07
2024050703012918,GUFL,65,49,34.0,679.0,23086.0,2024-05-07
2024050703012917,GUFL,65,34,16.0,678.4,10854.4,2024-05-07
2024050704005275,IGI,51,54,100.0,523.5,52350.0,2024-05-07
2024050703012916,SHINE,54,7,25.0,382.0,9550.0,2024-05-07
2024050703012915,PMLI,35,42,50.0,495.0,24750.0,2024-05-07
2024050703012914,GMFIL,34,25,100.0,368.1,36810.0,2024-05-07
2024050704005274,UMHL,54,43,10.0,230.0,2300.0,2024-05-07
2024050701015281,BHPL,35,35,344.0,530.0,182320.0,2024-05-07
2024050701015280,BHPL,35,38,156.0,530.0,82680.0,2024-05-07
2024050703012913,PFL,45,46,10.0,644.0,6440.0,2024-05-07
2024050701015279,GCIL,43,42,50.0,479.9,23995.0,2024-05-07
2024050703012912,SLBBL,7,21,69.0,709.0,48921.0,2024-05-07
2024050703012911,SLBBL,7,48,30.0,709.0,21270.0,2024-05-07
2024050703012910,PFL,22,46,206.0,644.0,132664.0,2024-05-07
2024050703012909,PFL,22,32,24.0,644.0,15456.0,2024-05-07
2024050701015278,HHL,58,38,85.0,340.1,28908.5,2024-05-07
2024050701015277,HHL,26,38,100.0,340.2,34020.0,2024-05-07
2024050701015276,HHL,43,38,315.0,340.2,107163.0,2024-05-07
2024050703012908,USLB,34,42,10.0,2019.0,20190.0,2024-05-07
2024050704005273,AHPC,40,34,200.0,160.4,32080.0,2024-05-07
2024050704005272,AHPC,16,34,188.0,160.4,30155.2,2024-05-07
2024050704005271,NGPL,34,21,50.0,302.5,15125.0,2024-05-07
2024050701015275,SPHL,65,34,90.0,457.0,41130.0,2024-05-07
2024050701015274,SONA,85,42,287.0,437.0,125419.0,2024-05-07
2024050701015273,SONA,85,6,10.0,437.0,4370.0,2024-05-07
2024050701015272,SONA,85,34,50.0,437.0,21850.0,2024-05-07
2024050701015271,SONA,85,52,10.0,437.0,4370.0,2024-05-07
2024050701015270,SONA,85,7,10.0,437.0,4370.0,2024-05-07
2024050701015269,SONA,85,25,13.0,437.0,5681.0,2024-05-07
2024050701015268,SONA,85,34,50.0,437.0,21850.0,2024-05-07
2024050701015267,SONA,85,49,10.0,436.9,4369.0,2024-05-07
2024050701015266,SONA,85,22,10.0,436.9,4369.0,2024-05-07
2024050701015265,SONA,85,42,50.0,436.5,21825.0,2024-05-07
2024050703012907,SABSL,29,44,20.0,835.0,16700.0,2024-05-07
2024050701015264,MKHC,57,19,50.0,309.0,15450.0,2024-05-07
2024050703012906,KMCDB,66,19,16.0,901.0,14416.0,2024-05-07
2024050701015263,HDL,10,17,15.0,1334.0,20010.0,2024-05-07
2024050701015262,HDL,10,42,17.0,1334.0,22678.0,2024-05-07
2024050701015261,NIMB,51,45,20.0,150.7,3014.0,2024-05-07
2024050701015260,NIMB,51,45,340.0,150.7,51238.0,2024-05-07
2024050701015259,SCB,49,63,40.0,516.7,20668.0,2024-05-07
2024050701015258,SCB,49,63,60.0,516.6,30996.0,2024-05-07
2024050703012905,NFS,17,36,100.0,495.3,49530.0,2024-05-07
2024050703012904,NFS,39,36,100.0,495.7,49570.0,2024-05-07
2024050705003380,HRL,56,58,10.0,565.8,5658.0,2024-05-07
2024050701015257,VLUCL,68,52,10.0,448.0,4480.0,2024-05-07
2024050704005270,AKJCL,16,1,800.0,204.0,163200.0,2024-05-07
2024050701015256,GCIL,6,42,11.0,478.5,5263.5,2024-05-07
2024050703012903,SJLIC,38,1,10.0,401.0,4010.0,2024-05-07
2024050701015255,CITY,17,35,70.0,570.0,39900.0,2024-05-07
2024050701015254,CITY,34,35,10.0,571.0,5710.0,2024-05-07
2024050701015253,BHPL,35,38,200.0,530.0,106000.0,2024-05-07
2024050703012902,RLFL,49,45,645.0,370.0,238650.0,2024-05-07
2024050701015252,NMB,56,43,500.0,170.0,85000.0,2024-05-07
2024050703012901,KMCDB,66,13,50.0,901.0,45050.0,2024-05-07
2024050703012900,KMCDB,66,58,11.0,901.0,9911.0,2024-05-07
2024050703012899,KMCDB,66,5,50.0,901.0,45050.0,2024-05-07
2024050703012898,KMCDB,66,34,10.0,900.7,9007.0,2024-05-07
2024050703012897,KMCDB,66,61,100.0,900.5,90050.0,2024-05-07
2024050703012896,KMCDB,66,5,58.0,900.5,52229.0,2024-05-07
2024050705003379,CHDC,14,32,50.0,699.0,34950.0,2024-05-07
2024050701015251,MBL,8,14,100.0,160.9,16090.0,2024-05-07
2024050703012895,ILBS,40,13,29.0,1279.0,37091.0,2024-05-07
2024050701015250,SHIVM,6,66,500.0,498.0,249000.0,2024-05-07
2024050703012894,KMCDB,39,56,14.0,899.6,12594.4,2024-05-07
2024050701015249,SHIVM,8,82,400.0,500.0,200000.0,2024-05-07
2024050701015248,SHIVM,8,54,100.0,499.9,49990.0,2024-05-07
2024050703012893,KRBL,34,74,300.0,423.4,127020.0,2024-05-07
2024050703012892,SWBBL,50,49,40.0,770.0,30800.0,2024-05-07
2024050703012891,SWBBL,50,13,140.0,768.9,107646.0,2024-05-07
2024050703012890,SWBBL,50,33,406.0,768.0,311808.0,2024-05-07
2024050703012889,SWBBL,50,45,260.0,760.0,197600.0,2024-05-07
2024050701015247,CYCL,62,62,100.0,1500.1,150010.0,2024-05-07
2024050701015246,SHIVM,6,57,117.0,498.0,58266.0,2024-05-07
2024050701015245,SHIVM,16,57,183.0,498.1,91152.3,2024-05-07
2024050701015244,SHIVM,44,57,500.0,498.3,249150.0,2024-05-07
2024050704005269,SJCL,42,21,90.0,263.0,23670.0,2024-05-07
2024050704005268,SJCL,42,32,20.0,263.0,5260.0,2024-05-07
2024050704005267,SJCL,42,32,20.0,263.0,5260.0,2024-05-07
2024050703012888,NFS,56,66,50.0,496.0,24800.0,2024-05-07
2024050705003378,HIDCL,40,32,400.0,160.0,64000.0,2024-05-07
2024050705003377,HIDCL,17,32,10.0,160.0,1600.0,2024-05-07
2024050705003376,HIDCL,42,32,50.0,160.0,8000.0,2024-05-07
2024050705003375,HIDCL,47,32,50.0,160.0,8000.0,2024-05-07
2024050705003374,HIDCL,1,32,50.0,160.0,8000.0,2024-05-07
2024050705003373,HIDCL,57,32,44.0,160.0,7040.0,2024-05-07
2024050705003372,HIDCL,14,32,10.0,160.0,1600.0,2024-05-07
2024050701015243,SONA,6,52,100.0,436.0,43600.0,2024-05-07
2024050701015242,SNLI,44,19,100.0,588.0,58800.0,2024-05-07
2024050703012887,RLFL,57,18,300.0,372.0,111600.0,2024-05-07
2024050703012886,FMDBL,17,42,23.0,644.0,14812.0,2024-05-07
2024050703012885,FMDBL,17,33,100.0,644.0,64400.0,2024-05-07
2024050703012884,FMDBL,17,49,50.0,644.0,32200.0,2024-05-07
2024050703012883,FMDBL,17,16,127.0,644.0,81788.0,2024-05-07
2024050704005266,BPCL,46,45,100.0,292.5,29250.0,2024-05-07
2024050703012882,RSDC,37,26,25.0,745.0,18625.0,2024-05-07
2024050703012881,RSDC,37,33,475.0,745.0,353875.0,2024-05-07
2024050701015241,MEL,58,47,200.0,229.6,45920.0,2024-05-07
2024050701015240,MEL,45,47,10.0,229.6,2296.0,2024-05-07
2024050704005265,RURU,52,57,200.0,505.9,101180.0,2024-05-07
2024050701015239,SNLI,7,13,30.0,587.0,17610.0,2024-05-07
2024050701015238,SNLI,41,13,100.0,587.0,58700.0,2024-05-07
2024050701015237,SNLI,50,13,50.0,587.0,29350.0,2024-05-07
2024050701015236,SNLI,32,13,30.0,587.0,17610.0,2024-05-07
2024050701015235,SNLI,42,19,50.0,588.0,29400.0,2024-05-07
2024050703012880,SJLIC,17,47,25.0,400.5,10012.5,2024-05-07
2024050703012879,JBBL,42,34,481.0,287.0,138047.0,2024-05-07
2024050701015234,RAWA,34,56,10.0,469.5,4695.0,2024-05-07
2024050703012878,MPFL,58,29,200.0,435.1,87020.0,2024-05-07
2024050703012877,NLIC,57,45,50.0,579.5,28975.0,2024-05-07
2024050701015233,SPC,45,47,90.0,480.0,43200.0,2024-05-07
2024050701015232,SPC,45,47,10.0,480.1,4801.0,2024-05-07
2024050701015231,BEDC,32,44,50.0,360.0,18000.0,2024-05-07
2024050701015230,DOLTI,42,57,10.0,424.0,4240.0,2024-05-07
2024050703012876,PFL,41,42,500.0,643.9,321950.0,2024-05-07
2024050703012875,NFS,34,66,50.0,496.0,24800.0,2024-05-07
2024050703012874,NFS,17,66,767.0,496.1,380508.7,2024-05-07
2024050703012873,NFS,39,66,100.0,496.3,49630.0,2024-05-07
2024050703012872,NFS,63,66,377.0,497.0,187369.0,2024-05-07
2024050703012871,NFS,50,66,30.0,497.1,14913.0,2024-05-07
2024050705003371,HRL,7,6,20.0,567.0,11340.0,2024-05-07
2024050705003370,HRL,7,32,10.0,567.0,5670.0,2024-05-07
2024050703012870,KLBSL,50,44,40.0,899.6,35984.0,2024-05-07
2024050703012869,KLBSL,50,10,10.0,896.0,8960.0,2024-05-07
2024050701015229,EHPL,42,66,10.0,445.0,4450.0,2024-05-07
2024050701015228,EHPL,42,58,10.0,443.0,4430.0,2024-05-07
2024050701015227,SANIMA,41,11,20.0,231.8,4636.0,2024-05-07
2024050704005264,GHL,49,50,35.0,144.4,5054.0,2024-05-07
2024050703012868,RLFL,49,7,355.0,370.0,131350.0,2024-05-07
2024050703012867,RLFL,42,7,100.0,370.0,37000.0,2024-05-07
2024050703012866,RLFL,29,7,119.0,370.0,44030.0,2024-05-07
2024050703012865,WNLB,22,45,10.0,1341.0,13410.0,2024-05-07
2024050703012864,ALICL,55,58,50.0,537.0,26850.0,2024-05-07
2024050701015226,KBL,34,53,10.0,131.5,1315.0,2024-05-07
2024050703012863,PFL,56,33,500.0,644.0,322000.0,2024-05-07
2024050703012862,ILBS,22,13,40.0,1279.0,51160.0,2024-05-07
2024050703012861,GUFL,62,26,90.0,678.2,61038.0,2024-05-07
2024050703012860,GUFL,41,26,120.0,678.2,81384.0,2024-05-07
2024050703012859,GUFL,56,26,50.0,678.3,33915.0,2024-05-07
2024050703012858,GUFL,13,26,40.0,678.4,27136.0,2024-05-07
2024050703012857,MLBSL,25,26,30.0,1720.0,51600.0,2024-05-07
2024050701015225,SHIVM,8,82,388.0,500.0,194000.0,2024-05-07
2024050701015224,SHIVM,8,66,10.0,500.0,5000.0,2024-05-07
2024050701015223,SHIVM,8,6,11.0,500.0,5500.0,2024-05-07
2024050701015222,SHIVM,8,32,571.0,499.9,285442.9,2024-05-07
