transaction,symbol,buyer,seller,quantity,rate,amount,date
2024020601033040,MBJC,52,8,250.0,323.0,80750.0,2024-02-06
2024020601033039,MBJC,4,8,100.0,323.0,32300.0,2024-02-06
2024020601033038,MBJC,32,8,820.0,323.0,264860.0,2024-02-06
2024020605017060,HRL,39,41,60.0,704.9,42294.0,2024-02-06
2024020605017059,HRL,39,21,40.0,704.5,28180.0,2024-02-06
2024020605017058,HRL,39,17,100.0,704.2,70420.0,2024-02-06
2024020605017057,NRIC,25,39,100.0,818.0,81800.0,2024-02-06
2024020603006414,GBBL,60,48,50.0,380.0,19000.0,2024-02-06
2024020603006413,GBBL,60,19,150.0,380.0,57000.0,2024-02-06
2024020603006412,GBBL,60,58,211.0,380.0,80180.0,2024-02-06
2024020603006411,GBBL,60,44,70.0,379.5,26565.0,2024-02-06
2024020604010045,SHPC,5,29,10.0,354.0,3540.0,2024-02-06
2024020601033037,GVL,74,17,10.0,450.0,4500.0,2024-02-06
2024020601033036,HHL,35,45,200.0,323.0,64600.0,2024-02-06
2024020601033035,SPL,45,21,10.0,700.0,7000.0,2024-02-06
2024020601033034,BHL,38,34,10.0,300.9,3009.0,2024-02-06
2024020601033033,RAWA,34,13,470.0,524.0,246280.0,2024-02-06
2024020601033032,RAWA,34,48,25.0,523.9,13097.5,2024-02-06
2024020601033031,RAWA,34,49,60.0,523.9,31434.0,2024-02-06
2024020601033030,RAWA,34,57,145.0,523.8,75951.0,2024-02-06
2024020601033029,RAWA,34,49,10.0,523.0,5230.0,2024-02-06
2024020601033028,RAWA,34,57,10.0,523.0,5230.0,2024-02-06
2024020601033027,RAWA,34,17,10.0,523.0,5230.0,2024-02-06
2024020601033026,RAWA,34,11,10.0,522.0,5220.0,2024-02-06
2024020601033025,RAWA,34,49,10.0,522.0,5220.0,2024-02-06
2024020601033024,RAWA,34,29,100.0,520.5,52050.0,2024-02-06
2024020601033023,RAWA,34,64,100.0,520.0,52000.0,2024-02-06
2024020601033022,RAWA,34,49,40.0,520.0,20800.0,2024-02-06
2024020601033021,RAWA,34,34,10.0,520.0,5200.0,2024-02-06
2024020601033020,UNLB,16,42,10.0,1228.0,12280.0,2024-02-06
2024020603006410,JSLBB,34,39,10.0,865.5,8655.0,2024-02-06
2024020603006409,JSLBB,34,57,20.0,850.1,17002.0,2024-02-06
2024020603006408,JSLBB,34,26,30.0,850.0,25500.0,2024-02-06
2024020603006407,KMCDB,62,49,10.0,654.9,6549.0,2024-02-06
2024020601033019,EHPL,34,58,10.0,428.0,4280.0,2024-02-06
2024020601033018,EHPL,34,33,80.0,428.0,34240.0,2024-02-06
2024020601033017,PPL,5,19,10.0,359.8,3598.0,2024-02-06
2024020601033016,MHCL,88,19,20.0,517.0,10340.0,2024-02-06
2024020604010044,KPCL,49,43,50.0,438.0,21900.0,2024-02-06
2024020603006406,CORBL,17,7,10.0,403.2,4032.0,2024-02-06
2024020601033015,NRM,35,56,10.0,390.0,3900.0,2024-02-06
2024020605017056,NRN,35,44,10.0,592.0,5920.0,2024-02-06
2024020601033014,KDL,47,54,10.0,820.0,8200.0,2024-02-06
2024020601033013,SHIVM,6,28,200.0,506.0,101200.0,2024-02-06
2024020601033012,MKHL,6,22,106.0,358.0,37948.0,2024-02-06
2024020601033011,MKHL,6,88,100.0,358.0,35800.0,2024-02-06
2024020601033010,MKHL,6,58,10.0,356.0,3560.0,2024-02-06
2024020601033009,MKHL,6,25,10.0,356.0,3560.0,2024-02-06
2024020601033008,MKHL,6,35,10.0,356.0,3560.0,2024-02-06
2024020601033007,MKHL,6,58,10.0,355.0,3550.0,2024-02-06
2024020601033006,MKHL,6,14,54.0,355.0,19170.0,2024-02-06
2024020601033005,RFPL,6,57,200.0,305.3,61060.0,2024-02-06
2024020601033004,RFPL,45,57,300.0,305.4,91620.0,2024-02-06
2024020604010043,RIDI,38,55,10.0,220.2,2202.0,2024-02-06
2024020603006405,CORBL,29,45,100.0,404.0,40400.0,2024-02-06
2024020603006404,NICLBSL,42,58,10.0,595.0,5950.0,2024-02-06
2024020601033003,MCHL,42,34,20.0,328.8,6576.0,2024-02-06
2024020601033002,MCHL,42,21,180.0,328.0,59040.0,2024-02-06
2024020603006403,GFCL,59,56,36.0,443.5,15966.0,2024-02-06
2024020603006402,GMFIL,59,18,10.0,357.9,3579.0,2024-02-06
2024020601033001,MEL,63,58,10.0,223.0,2230.0,2024-02-06
2024020604010042,RADHI,54,34,10.0,271.0,2710.0,2024-02-06
2024020601033000,SMHL,33,47,30.0,456.0,13680.0,2024-02-06
2024020601032999,SMHL,33,64,10.0,456.0,4560.0,2024-02-06
2024020601032998,SMHL,33,45,10.0,456.0,4560.0,2024-02-06
2024020601032997,SMHL,33,38,10.0,456.0,4560.0,2024-02-06
2024020601032996,SMHL,33,53,10.0,456.0,4560.0,2024-02-06
2024020601032995,SMHL,33,19,10.0,456.0,4560.0,2024-02-06
2024020601032994,SMHL,33,21,10.0,456.0,4560.0,2024-02-06
2024020601032993,SMHL,33,52,10.0,456.0,4560.0,2024-02-06
2024020601032992,HATHY,58,39,20.0,989.0,19780.0,2024-02-06
2024020604010041,SPDL,28,19,10.0,277.3,2773.0,2024-02-06
2024020601032991,ILI,28,35,10.0,542.0,5420.0,2024-02-06
2024020604010040,NGPL,58,5,10.0,340.0,3400.0,2024-02-06
2024020601032990,KBL,48,48,10.0,150.4,1504.0,2024-02-06
2024020605017055,HRL,50,53,50.0,704.0,35200.0,2024-02-06
2024020604010039,API,43,1,300.0,202.0,60600.0,2024-02-06
2024020603006401,SFCL,1,38,10.0,307.1,3071.0,2024-02-06
2024020604010038,AKPL,50,47,199.0,196.7,39143.3,2024-02-06
2024020604010037,AKPL,50,57,410.0,196.6,80606.0,2024-02-06
2024020603006400,NFS,50,52,20.0,338.1,6762.0,2024-02-06
2024020604010036,UPCL,39,32,940.0,235.0,220900.0,2024-02-06
2024020604010035,UPCL,39,58,10.0,234.9,2349.0,2024-02-06
2024020604010034,UPCL,39,25,50.0,234.9,11745.0,2024-02-06
2024020605017054,BBC,66,3,20.0,3686.1,73722.0,2024-02-06
2024020605017053,BBC,45,3,10.0,3686.1,36861.0,2024-02-06
2024020601032989,SONA,1,45,10.0,472.3,4723.0,2024-02-06
2024020601032988,BHL,58,45,10.0,301.1,3011.0,2024-02-06
2024020601032987,BEDC,16,17,20.0,341.9,6838.0,2024-02-06
2024020603006399,PROFL,49,45,100.0,319.0,31900.0,2024-02-06
2024020605017052,NTC,49,5,10.0,903.0,9030.0,2024-02-06
2024020601032986,AHL,49,50,10.0,424.3,4243.0,2024-02-06
2024020601032985,AHL,49,4,10.0,424.3,4243.0,2024-02-06
2024020604010033,RADHI,89,34,100.0,271.0,27100.0,2024-02-06
2024020601032984,NABIL,34,7,63.0,475.0,29925.0,2024-02-06
2024020605017051,NTC,35,5,20.0,903.0,18060.0,2024-02-06
2024020601032983,MHCL,35,19,10.0,517.0,5170.0,2024-02-06
2024020601032982,MHCL,35,28,10.0,517.0,5170.0,2024-02-06
2024020601032981,MHCL,35,57,10.0,517.0,5170.0,2024-02-06
2024020601032980,MHCL,35,51,10.0,517.0,5170.0,2024-02-06
2024020601032979,MHCL,35,35,60.0,517.0,31020.0,2024-02-06
2024020601032978,MHCL,35,35,20.0,517.0,10340.0,2024-02-06
2024020603006398,USLB,55,58,10.0,954.0,9540.0,2024-02-06
2024020603006397,USLB,55,16,115.0,954.0,109710.0,2024-02-06
2024020603006396,USLB,55,57,10.0,945.0,9450.0,2024-02-06
2024020603006395,GBBL,36,44,130.0,379.5,49335.0,2024-02-06
2024020604010032,SGIC,44,84,55.0,523.7,28803.5,2024-02-06
2024020604010031,SGIC,44,3,55.0,523.7,28803.5,2024-02-06
2024020604010030,SGIC,44,44,20.0,523.5,10470.0,2024-02-06
2024020604010029,SGIC,44,36,10.0,523.5,5235.0,2024-02-06
2024020604010028,SGIC,44,34,10.0,523.5,5235.0,2024-02-06
2024020604010027,SGIC,44,44,20.0,523.4,10468.0,2024-02-06
2024020604010026,SGIC,44,38,30.0,522.0,15660.0,2024-02-06
2024020601032977,BHPL,6,56,30.0,479.0,14370.0,2024-02-06
2024020605017050,NTC,57,45,10.0,903.0,9030.0,2024-02-06
2024020601032976,PRVU,38,55,20.0,154.0,3080.0,2024-02-06
2024020601032975,RFPL,38,22,100.0,309.6,30960.0,2024-02-06
2024020601032974,MKHL,38,14,10.0,355.0,3550.0,2024-02-06
2024020601032973,NWCL,32,57,10.0,780.0,7800.0,2024-02-06
2024020601032972,ILI,59,48,10.0,542.0,5420.0,2024-02-06
2024020601032971,ILI,59,45,10.0,542.0,5420.0,2024-02-06
2024020601032970,ILI,59,49,10.0,542.0,5420.0,2024-02-06
2024020601032969,ILI,59,35,10.0,542.0,5420.0,2024-02-06
2024020601032968,ILI,59,28,10.0,542.0,5420.0,2024-02-06
2024020601032967,ILI,59,35,10.0,542.0,5420.0,2024-02-06
2024020601032966,ILI,59,34,10.0,542.0,5420.0,2024-02-06
2024020601032965,ILI,59,42,10.0,542.0,5420.0,2024-02-06
2024020601032964,ILI,59,52,10.0,542.0,5420.0,2024-02-06
2024020601032963,ILI,59,54,10.0,542.0,5420.0,2024-02-06
2024020603006394,PMLI,43,56,10.0,525.0,5250.0,2024-02-06
2024020603006393,PMLI,43,38,10.0,525.0,5250.0,2024-02-06
2024020603006392,PMLI,43,45,150.0,525.0,78750.0,2024-02-06
2024020603006391,PMLI,43,54,100.0,524.5,52450.0,2024-02-06
2024020601032962,MMKJL,43,90,10.0,426.9,4269.0,2024-02-06
2024020601032961,PPL,46,34,10.0,364.0,3640.0,2024-02-06
2024020603006390,NLBBL,42,48,151.0,566.3,85511.3,2024-02-06
2024020603006389,NLBBL,58,48,30.0,566.4,16992.0,2024-02-06
2024020603006388,NLBBL,6,48,19.0,566.4,10761.6,2024-02-06
2024020601032960,TVCL,58,37,10.0,558.0,5580.0,2024-02-06
2024020601032959,TVCL,58,22,30.0,555.0,16650.0,2024-02-06
2024020601032958,TVCL,58,53,20.0,555.0,11100.0,2024-02-06
2024020601032957,TVCL,58,57,20.0,555.0,11100.0,2024-02-06
2024020601032956,TVCL,58,42,20.0,554.9,11098.0,2024-02-06
2024020604010025,HDHPC,26,20,10.0,148.5,1485.0,2024-02-06
2024020601032955,MEL,58,58,10.0,223.0,2230.0,2024-02-06
2024020604010024,UAIL,58,52,30.0,595.0,17850.0,2024-02-06
2024020604010023,UAIL,58,57,70.0,587.6,41132.0,2024-02-06
2024020601032954,NWCL,1,41,10.0,780.0,7800.0,2024-02-06
2024020601032953,NWCL,1,1,10.0,779.0,7790.0,2024-02-06
2024020601032952,NWCL,1,52,10.0,775.0,7750.0,2024-02-06
2024020601032951,NWCL,1,18,10.0,775.0,7750.0,2024-02-06
2024020601032950,NWCL,1,21,10.0,775.0,7750.0,2024-02-06
2024020601032949,NWCL,1,42,10.0,775.0,7750.0,2024-02-06
2024020601032948,NWCL,1,57,10.0,775.0,7750.0,2024-02-06
2024020601032947,NWCL,1,51,10.0,773.0,7730.0,2024-02-06
2024020601032946,NWCL,1,46,10.0,773.0,7730.0,2024-02-06
2024020601032945,NWCL,1,48,10.0,773.0,7730.0,2024-02-06
2024020604010022,BPCL,34,74,20.0,314.1,6282.0,2024-02-06
2024020601032944,MHCL,88,35,220.0,517.0,113740.0,2024-02-06
2024020601032943,MHCL,88,57,10.0,516.2,5162.0,2024-02-06
2024020601032942,MHCL,88,39,10.0,516.0,5160.0,2024-02-06
2024020601032941,MHCL,88,58,10.0,515.1,5151.0,2024-02-06
2024020601032940,MHCL,88,56,500.0,515.1,257550.0,2024-02-06
2024020601032939,MHCL,88,14,40.0,515.0,20600.0,2024-02-06
2024020601032938,MHCL,88,40,400.0,515.0,206000.0,2024-02-06
2024020601032937,MHCL,88,35,10.0,515.0,5150.0,2024-02-06
2024020601032936,MHCL,88,52,1200.0,515.0,618000.0,2024-02-06
2024020601032935,MHCL,88,58,10.0,515.0,5150.0,2024-02-06
2024020601032934,MHCL,88,52,10.0,515.0,5150.0,2024-02-06
2024020601032933,MHCL,88,58,500.0,515.0,257500.0,2024-02-06
2024020601032932,MHCL,88,21,10.0,515.0,5150.0,2024-02-06
2024020601032931,MHCL,88,25,10.0,515.0,5150.0,2024-02-06
2024020601032930,MHCL,88,58,10.0,515.0,5150.0,2024-02-06
2024020601032929,MHCL,88,16,1030.0,515.0,530450.0,2024-02-06
2024020601032928,MHCL,88,59,10.0,514.9,5149.0,2024-02-06
2024020601032927,MHCL,88,58,10.0,514.9,5149.0,2024-02-06
2024020601032926,MHCL,88,44,50.0,514.9,25745.0,2024-02-06
2024020601032925,MHCL,88,45,10.0,514.9,5149.0,2024-02-06
2024020601032924,MHCL,88,52,940.0,514.9,484006.0,2024-02-06
2024020601032923,MHCL,88,53,200.0,514.8,102960.0,2024-02-06
2024020601032922,MHCL,88,34,380.0,514.7,195586.0,2024-02-06
2024020601032921,MHCL,88,86,10.0,514.1,5141.0,2024-02-06
2024020601032920,MHCL,88,58,200.0,514.0,102800.0,2024-02-06
2024020601032919,MHCL,88,45,10.0,514.0,5140.0,2024-02-06
2024020601032918,MHCL,88,6,200.0,513.9,102780.0,2024-02-06
2024020601032917,NRM,34,34,10.0,391.0,3910.0,2024-02-06
2024020601032916,NRM,34,58,10.0,390.1,3901.0,2024-02-06
2024020603006387,ALICL,44,62,20.0,690.0,13800.0,2024-02-06
2024020601032915,VLUCL,57,50,13.0,524.0,6812.0,2024-02-06
2024020604010021,UPPER,57,58,10.0,209.0,2090.0,2024-02-06
2024020601032914,ILI,38,58,10.0,542.0,5420.0,2024-02-06
2024020601032913,ILI,38,62,10.0,542.0,5420.0,2024-02-06
2024020601032912,ILI,38,28,10.0,540.0,5400.0,2024-02-06
2024020601032911,ILI,38,39,10.0,540.0,5400.0,2024-02-06
2024020601032910,ILI,38,1,10.0,540.0,5400.0,2024-02-06
2024020601032909,ILI,38,75,10.0,540.0,5400.0,2024-02-06
2024020601032908,ILI,38,11,10.0,540.0,5400.0,2024-02-06
2024020601032907,ILI,38,51,10.0,540.0,5400.0,2024-02-06
2024020601032906,ILI,38,56,10.0,540.0,5400.0,2024-02-06
2024020601032905,ILI,38,49,10.0,540.0,5400.0,2024-02-06
2024020604010020,NICL,69,44,10.0,897.0,8970.0,2024-02-06
2024020604010019,JOSHI,71,34,170.0,269.0,45730.0,2024-02-06
2024020604010018,JOSHI,71,21,250.0,269.0,67250.0,2024-02-06
2024020604010017,JOSHI,71,58,130.0,268.9,34957.0,2024-02-06
2024020604010016,JOSHI,71,45,100.0,268.0,26800.0,2024-02-06
2024020604010015,NGPL,71,5,20.0,340.0,6800.0,2024-02-06
2024020601032904,CKHL,43,36,20.0,509.9,10198.0,2024-02-06
2024020604010014,NICL,34,25,14.0,895.0,12530.0,2024-02-06
2024020604010013,NGPL,42,19,500.0,339.2,169600.0,2024-02-06
2024020604010012,NGPL,64,19,500.0,339.3,169650.0,2024-02-06
2024020603006386,ICFC,58,46,56.0,484.0,27104.0,2024-02-06
2024020603006385,ICFC,34,46,49.0,484.0,23716.0,2024-02-06
2024020604010011,API,53,42,50.0,203.0,10150.0,2024-02-06
2024020601032903,CZBIL,52,39,500.0,167.5,83750.0,2024-02-06
2024020601032902,SHIVM,45,34,30.0,505.0,15150.0,2024-02-06
2024020601032901,BNHC,88,70,200.0,396.0,79200.0,2024-02-06
2024020601032900,VLUCL,44,49,10.0,523.5,5235.0,2024-02-06
2024020601032899,NESDO,36,11,10.0,1699.0,16990.0,2024-02-06
2024020605017049,HRL,50,21,10.0,704.0,7040.0,2024-02-06
2024020601032898,SRLI,21,3,100.0,459.9,45990.0,2024-02-06
2024020605017048,HRL,44,21,10.0,704.1,7041.0,2024-02-06
2024020601032897,MLBS,6,35,10.0,710.0,7100.0,2024-02-06
2024020601032896,PCBL,44,10,100.0,204.0,20400.0,2024-02-06
2024020601032895,PCBL,44,18,100.0,204.0,20400.0,2024-02-06
2024020601032894,PCBL,44,42,10.0,204.0,2040.0,2024-02-06
2024020601032893,PCBL,44,32,125.0,203.9,25487.5,2024-02-06
2024020601032892,PCBL,44,29,120.0,203.8,24456.0,2024-02-06
2024020601032891,PCBL,44,18,30.0,203.7,6111.0,2024-02-06
2024020601032890,PCBL,44,29,30.0,203.5,6105.0,2024-02-06
2024020601032889,PCBL,44,11,30.0,203.5,6105.0,2024-02-06
2024020605017047,HIDCL,3,38,344.0,185.0,63640.0,2024-02-06
2024020605017046,HIDCL,34,38,41.0,185.0,7585.0,2024-02-06
2024020605017045,HIDCL,34,38,185.0,185.0,34225.0,2024-02-06
2024020605017044,HIDCL,19,38,500.0,185.1,92550.0,2024-02-06
2024020605017043,HIDCL,41,38,10.0,185.1,1851.0,2024-02-06
2024020605017042,HIDCL,40,38,150.0,185.2,27780.0,2024-02-06
2024020605017041,HIDCL,25,38,30.0,185.2,5556.0,2024-02-06
2024020605017040,HIDCL,25,38,50.0,185.2,9260.0,2024-02-06
2024020605017039,HIDCL,48,38,235.0,185.2,43522.0,2024-02-06
2024020605017038,HIDCL,26,38,1580.0,185.5,293090.0,2024-02-06
2024020605017037,HIDCL,58,38,50.0,185.5,9275.0,2024-02-06
2024020605017036,HIDCL,43,38,1000.0,185.5,185500.0,2024-02-06
2024020601032888,SONA,38,13,10.0,473.0,4730.0,2024-02-06
2024020605017035,HIDCL,33,38,200.0,185.5,37100.0,2024-02-06
2024020605017034,HIDCL,58,38,100.0,185.6,18560.0,2024-02-06
2024020605017033,HIDCL,58,38,100.0,185.6,18560.0,2024-02-06
2024020605017032,HIDCL,45,38,100.0,185.6,18560.0,2024-02-06
2024020605017031,HIDCL,38,38,10.0,185.7,1857.0,2024-02-06
2024020605017030,HIDCL,55,38,20.0,185.9,3718.0,2024-02-06
2024020605017029,HIDCL,16,38,281.0,186.0,52266.0,2024-02-06
2024020605017028,HIDCL,57,38,14.0,186.4,2609.6,2024-02-06
2024020601032887,USHL,42,88,10.0,514.9,5149.0,2024-02-06
2024020604010010,IGI,42,42,851.0,562.0,478262.0,2024-02-06
2024020604010009,IGI,77,42,100.0,563.0,56300.0,2024-02-06
2024020604010008,IGI,77,42,1000.0,563.0,563000.0,2024-02-06
2024020604010007,IGI,41,42,49.0,563.1,27591.9,2024-02-06
2024020604010006,AHPC,43,46,167.0,207.2,34602.4,2024-02-06
2024020604010005,AHPC,43,46,133.0,207.3,27570.9,2024-02-06
2024020605017027,HRL,44,22,30.0,704.1,21123.0,2024-02-06
2024020604010004,SGIC,26,38,20.0,522.0,10440.0,2024-02-06
2024020604010003,AHPC,43,58,50.0,207.3,10365.0,2024-02-06
2024020601032886,MAKAR,61,58,10.0,432.3,4323.0,2024-02-06
2024020603006384,SINDU,58,11,10.0,309.5,3095.0,2024-02-06
2024020603006383,SINDU,58,11,190.0,309.5,58805.0,2024-02-06
2024020604010002,MEN,50,44,50.0,643.0,32150.0,2024-02-06
2024020605017026,HRL,44,45,10.0,704.1,7041.0,2024-02-06
2024020601032885,MKCL,62,48,60.0,940.0,56400.0,2024-02-06
2024020604010001,PRIN,81,94,82.0,811.0,66502.0,2024-02-06
2024020604010000,PRIN,29,94,300.0,811.1,243330.0,2024-02-06
2024020604009999,PRIN,51,94,700.0,813.1,569170.0,2024-02-06
2024020604009998,CGH,49,38,20.0,906.0,18120.0,2024-02-06
2024020601032884,BEDC,35,17,50.0,341.9,17095.0,2024-02-06
2024020601032883,BEDC,35,42,10.0,341.0,3410.0,2024-02-06
2024020601032882,BEDC,35,34,40.0,340.9,13636.0,2024-02-06
2024020603006382,GRDBL,69,45,10.0,350.0,3500.0,2024-02-06
2024020603006381,GRDBL,69,10,50.0,349.0,17450.0,2024-02-06
2024020603006380,SAPDBL,7,42,309.0,255.4,78918.6,2024-02-06
2024020604009997,PRIN,71,52,10.0,815.0,8150.0,2024-02-06
2024020604009996,DHPL,11,43,200.0,211.0,42200.0,2024-02-06
2024020604009995,DHPL,22,43,10.0,211.0,2110.0,2024-02-06
2024020604009994,DHPL,34,43,100.0,211.0,21100.0,2024-02-06
2024020604009993,HPPL,28,71,90.0,282.0,25380.0,2024-02-06
2024020604009992,HPPL,28,42,10.0,282.0,2820.0,2024-02-06
2024020603006379,NUBL,65,44,10.0,654.8,6548.0,2024-02-06
2024020605017025,NRIC,25,1,18.0,818.0,14724.0,2024-02-06
2024020605017024,NRIC,8,1,82.0,819.9,67231.8,2024-02-06
2024020603006378,PFL,58,61,50.0,369.0,18450.0,2024-02-06
2024020601032881,DORDI,77,34,408.0,415.0,169320.0,2024-02-06
2024020601032880,DORDI,77,45,100.0,414.9,41490.0,2024-02-06
2024020601032879,HBL,52,37,50.0,201.0,10050.0,2024-02-06
2024020605017023,NIFRA,58,21,37.0,224.6,8310.2,2024-02-06
2024020603006377,LICN,54,7,33.0,1390.0,45870.0,2024-02-06
2024020603006376,LICN,45,7,50.0,1390.0,69500.0,2024-02-06
2024020603006375,LICN,71,7,50.0,1390.0,69500.0,2024-02-06
2024020603006374,LICN,86,7,44.0,1390.0,61160.0,2024-02-06
2024020601032878,TPC,7,45,10.0,553.0,5530.0,2024-02-06
2024020603006373,NMBMF,55,43,10.0,529.0,5290.0,2024-02-06
2024020601032877,KDL,34,25,10.0,820.0,8200.0,2024-02-06
2024020601032876,KDL,34,57,10.0,820.0,8200.0,2024-02-06
2024020601032875,KDL,34,58,30.0,820.0,24600.0,2024-02-06
2024020601032874,KDL,34,43,10.0,820.0,8200.0,2024-02-06
2024020601032873,NRM,58,42,40.0,390.0,15600.0,2024-02-06
2024020601032872,NRM,36,42,50.0,390.0,19500.0,2024-02-06
2024020601032871,NRM,49,42,100.0,390.0,39000.0,2024-02-06
2024020601032870,NRM,45,42,100.0,390.0,39000.0,2024-02-06
2024020601032869,BGWT,65,49,210.0,649.0,136290.0,2024-02-06
2024020601032868,BGWT,65,4,10.0,645.0,6450.0,2024-02-06
2024020601032867,BGWT,65,58,200.0,645.0,129000.0,2024-02-06
2024020601032866,BGWT,65,39,80.0,644.0,51520.0,2024-02-06
2024020604009991,GHL,58,34,55.0,184.5,10147.5,2024-02-06
2024020603006372,SAPDBL,58,57,10.0,256.0,2560.0,2024-02-06
2024020601032865,PHCL,52,46,20.0,323.8,6476.0,2024-02-06
2024020603006371,NFS,6,52,200.0,338.2,67640.0,2024-02-06
2024020603006370,SKBBL,62,25,10.0,845.0,8450.0,2024-02-06
2024020603006369,FMDBL,62,44,10.0,621.0,6210.0,2024-02-06
2024020604009990,CGH,21,45,20.0,905.0,18100.0,2024-02-06
2024020604009989,CGH,26,45,50.0,905.0,45250.0,2024-02-06
2024020604009988,CGH,57,45,10.0,905.0,9050.0,2024-02-06
2024020604009987,CGH,41,45,20.0,905.0,18100.0,2024-02-06
2024020604009986,RIDI,81,3,68.0,220.0,14960.0,2024-02-06
2024020604009985,RIDI,42,3,10.0,220.0,2200.0,2024-02-06
2024020604009984,RIDI,58,3,22.0,220.0,4840.0,2024-02-06
2024020601032864,SNLI,17,21,100.0,586.1,58610.0,2024-02-06
2024020601032863,HATHY,8,7,468.0,986.0,461448.0,2024-02-06
2024020601032862,HATHY,52,7,32.0,986.1,31555.2,2024-02-06
2024020601032861,SIKLES,66,39,19.0,504.0,9576.0,2024-02-06
2024020601032860,SNLI,17,34,10.0,586.1,5861.0,2024-02-06
2024020601032859,SPL,57,47,10.0,700.0,7000.0,2024-02-06
2024020603006368,GMFIL,38,18,10.0,357.9,3579.0,2024-02-06
2024020603006367,NLIC,14,43,15.0,618.1,9271.5,2024-02-06
2024020603006366,NLIC,42,43,10.0,618.1,6181.0,2024-02-06
2024020603006365,NLIC,47,43,10.0,618.2,6182.0,2024-02-06
2024020603006364,NLIC,7,43,200.0,618.2,123640.0,2024-02-06
2024020603006363,NLIC,41,43,13.0,618.2,8036.6,2024-02-06
2024020603006362,NLIC,44,43,19.0,618.2,11745.8,2024-02-06
2024020603006361,NLIC,32,43,83.0,618.3,51318.9,2024-02-06
2024020603006360,NLIC,29,43,50.0,618.5,30925.0,2024-02-06
2024020603006359,NLIC,55,43,100.0,618.5,61850.0,2024-02-06
2024020601032858,CLI,56,19,10.0,448.6,4486.0,2024-02-06
2024020601032857,CKHL,41,38,10.0,508.0,5080.0,2024-02-06
2024020601032856,SBI,39,17,100.0,290.0,29000.0,2024-02-06
2024020603006358,DDBL,14,19,30.0,777.0,23310.0,2024-02-06
2024020604009983,SHEL,25,43,10.0,250.0,2500.0,2024-02-06
2024020604009982,HPPL,57,39,497.0,280.4,139358.8,2024-02-06
2024020604009981,HPPL,59,39,20.0,280.5,5610.0,2024-02-06
2024020604009980,HPPL,45,39,283.0,280.5,79381.5,2024-02-06
2024020603006357,SKBBL,50,25,50.0,845.0,42250.0,2024-02-06
2024020603006356,FOWAD,50,42,10.0,1104.0,11040.0,2024-02-06
2024020603006355,SLBBL,62,42,10.0,648.0,6480.0,2024-02-06
2024020604009979,UNHPL,58,57,500.0,248.0,124000.0,2024-02-06
2024020604009978,UNHPL,58,49,1130.0,248.0,280240.0,2024-02-06
2024020604009977,UNHPL,58,16,1000.0,247.8,247800.0,2024-02-06
2024020604009976,UNHPL,58,58,58.0,247.8,14372.4,2024-02-06
2024020604009975,UNHPL,58,58,1000.0,247.8,247800.0,2024-02-06
2024020604009974,UNHPL,58,17,10.0,247.8,2478.0,2024-02-06
2024020604009973,UNHPL,58,47,10.0,247.8,2478.0,2024-02-06
2024020604009972,UNHPL,58,13,225.0,247.8,55755.0,2024-02-06
2024020604009971,UNHPL,58,26,20.0,247.8,4956.0,2024-02-06
2024020604009970,UNHPL,58,47,10.0,247.8,2478.0,2024-02-06
2024020604009969,UNHPL,58,22,2000.0,247.0,494000.0,2024-02-06
2024020604009968,UNHPL,58,64,100.0,247.0,24700.0,2024-02-06
2024020604009967,UNHPL,58,26,100.0,247.0,24700.0,2024-02-06
2024020604009966,UNHPL,58,57,100.0,246.8,24680.0,2024-02-06
2024020604009965,UNHPL,58,17,55.0,246.0,13530.0,2024-02-06
2024020604009964,UNHPL,58,36,500.0,246.0,123000.0,2024-02-06
2024020604009963,UNHPL,58,45,20.0,246.0,4920.0,2024-02-06
2024020604009962,UNHPL,58,59,603.0,246.0,148338.0,2024-02-06
2024020604009961,UNHPL,58,88,200.0,245.9,49180.0,2024-02-06
2024020604009960,API,77,42,10.0,203.0,2030.0,2024-02-06
2024020605017022,SMATA,77,62,10.0,620.0,6200.0,2024-02-06
2024020604009959,SGIC,51,38,10.0,521.0,5210.0,2024-02-06
2024020604009958,GHL,22,45,250.0,184.0,46000.0,2024-02-06
2024020604009957,AHPC,58,44,99.0,207.5,20542.5,2024-02-06
2024020603006354,EDBL,34,33,10.0,358.9,3589.0,2024-02-06
2024020601032855,SMHL,34,42,10.0,455.5,4555.0,2024-02-06
2024020601032854,SMHL,34,38,100.0,455.0,45500.0,2024-02-06
2024020601032853,SMHL,34,42,100.0,455.0,45500.0,2024-02-06
2024020601032852,SMHL,34,42,10.0,455.0,4550.0,2024-02-06
2024020601032851,SMHL,34,7,280.0,455.0,127400.0,2024-02-06
2024020604009956,NGPL,4,5,300.0,340.0,102000.0,2024-02-06
2024020601032850,SNLI,17,34,10.0,586.1,5861.0,2024-02-06
2024020603006353,ACLBSL,62,41,30.0,620.0,18600.0,2024-02-06
2024020601032849,HDL,58,13,50.0,1614.5,80725.0,2024-02-06
2024020601032848,SONA,44,13,200.0,473.0,94600.0,2024-02-06
2024020601032847,SONA,19,13,40.0,473.0,18920.0,2024-02-06
2024020605017021,NRIC,8,57,100.0,819.9,81990.0,2024-02-06
2024020605017020,NRIC,8,35,27.0,819.9,22137.3,2024-02-06
2024020605017019,NRIC,8,26,100.0,819.0,81900.0,2024-02-06
2024020605017018,NRIC,8,54,51.0,819.0,41769.0,2024-02-06
2024020605017017,NRIC,8,16,100.0,819.0,81900.0,2024-02-06
2024020605017016,NRIC,8,14,40.0,818.7,32748.0,2024-02-06
2024020604009955,GLH,50,54,29.0,250.0,7250.0,2024-02-06
2024020604009954,NGPL,26,5,10.0,340.0,3400.0,2024-02-06
2024020601032846,EHPL,65,33,20.0,428.0,8560.0,2024-02-06
2024020601032845,EHPL,65,22,10.0,427.0,4270.0,2024-02-06
2024020601032844,EHPL,65,39,10.0,425.0,4250.0,2024-02-06
2024020601032843,EHPL,65,39,10.0,425.0,4250.0,2024-02-06
2024020601032842,EHPL,65,42,50.0,420.0,21000.0,2024-02-06
2024020604009953,PPCL,33,4,10.0,259.9,2599.0,2024-02-06
2024020603006352,CBBL,58,19,30.0,859.0,25770.0,2024-02-06
2024020605017015,HRL,44,45,10.0,704.1,7041.0,2024-02-06
2024020603006351,KSBBL,52,45,100.0,351.0,35100.0,2024-02-06
2024020601032841,PCBL,25,21,74.0,202.0,14948.0,2024-02-06
2024020601032840,PCBL,38,21,862.0,202.0,174124.0,2024-02-06
2024020603006350,LLBS,49,56,10.0,780.0,7800.0,2024-02-06
2024020604009952,AKPL,35,57,140.0,196.6,27524.0,2024-02-06
2024020601032839,TVCL,34,57,20.0,550.0,11000.0,2024-02-06
2024020605017014,HIDCL,57,22,1286.0,186.4,239710.4,2024-02-06
2024020604009951,UPPER,16,38,50.0,208.2,10410.0,2024-02-06
2024020603006349,NFS,38,86,10.0,339.0,3390.0,2024-02-06
2024020604009950,API,43,38,408.0,202.0,82416.0,2024-02-06
2024020604009949,API,28,38,896.0,202.0,180992.0,2024-02-06
2024020604009948,API,40,38,1000.0,202.1,202100.0,2024-02-06
2024020604009947,API,58,38,600.0,202.2,121320.0,2024-02-06
2024020604009946,API,57,38,504.0,202.2,101908.8,2024-02-06
2024020604009945,API,26,38,62.0,202.4,12548.8,2024-02-06
2024020604009944,API,17,38,30.0,202.5,6075.0,2024-02-06
2024020601032838,NABIL,34,33,10.0,476.0,4760.0,2024-02-06
2024020601032837,TVCL,34,22,20.0,550.0,11000.0,2024-02-06
2024020601032836,TVCL,34,8,30.0,550.0,16500.0,2024-02-06
2024020601032835,TVCL,34,49,30.0,550.0,16500.0,2024-02-06
2024020601032834,TVCL,34,39,95.0,550.0,52250.0,2024-02-06
2024020604009943,SHPC,42,29,20.0,354.0,7080.0,2024-02-06
2024020604009942,SHPC,42,50,500.0,353.9,176950.0,2024-02-06
2024020604009941,SHPC,42,57,100.0,353.0,35300.0,2024-02-06
2024020604009940,SHPC,42,52,200.0,353.0,70600.0,2024-02-06
2024020604009939,SHPC,42,13,370.0,353.0,130610.0,2024-02-06
2024020604009938,SHPC,42,38,165.0,353.0,58245.0,2024-02-06
2024020604009937,SHPC,42,42,100.0,352.0,35200.0,2024-02-06
2024020604009936,SHPC,42,49,65.0,352.0,22880.0,2024-02-06
2024020604009935,SHPC,42,41,20.0,352.0,7040.0,2024-02-06
2024020604009934,SHPC,42,1,1290.0,352.0,454080.0,2024-02-06
2024020604009933,SHPC,42,14,170.0,352.0,59840.0,2024-02-06
2024020605017013,HRL,44,34,20.0,704.1,14082.0,2024-02-06
2024020604009932,RADHI,13,46,35.0,269.0,9415.0,2024-02-06
2024020604009931,RADHI,53,46,10.0,269.0,2690.0,2024-02-06
2024020604009930,RADHI,50,46,55.0,269.0,14795.0,2024-02-06
2024020603006348,KRBL,17,4,85.0,373.0,31705.0,2024-02-06
2024020603006347,KRBL,17,16,15.0,372.0,5580.0,2024-02-06
2024020601032833,PRVU,41,49,70.0,154.0,10780.0,2024-02-06
2024020601032832,PPL,22,16,460.0,365.0,167900.0,2024-02-06
2024020601032831,PPL,22,34,500.0,365.0,182500.0,2024-02-06
2024020601032830,PPL,22,74,100.0,365.0,36500.0,2024-02-06
2024020601032829,PPL,22,71,50.0,364.2,18210.0,2024-02-06
2024020601032828,PPL,22,13,10.0,364.2,3642.0,2024-02-06
2024020601032827,PPL,22,13,100.0,364.2,36420.0,2024-02-06
2024020601032826,PPL,22,36,100.0,364.2,36420.0,2024-02-06
2024020601032825,PPL,22,58,200.0,364.1,72820.0,2024-02-06
2024020601032824,PPL,22,57,20.0,364.1,7282.0,2024-02-06
2024020601032823,PPL,22,17,500.0,364.1,182050.0,2024-02-06
2024020601032822,PPL,22,48,150.0,364.1,54615.0,2024-02-06
2024020601032821,PPL,22,1,100.0,364.1,36410.0,2024-02-06
2024020601032820,PPL,22,62,70.0,364.1,25487.0,2024-02-06
2024020601032819,PPL,22,25,10.0,364.1,3641.0,2024-02-06
2024020601032818,PPL,22,32,500.0,364.1,182050.0,2024-02-06
2024020601032817,PPL,22,38,100.0,364.1,36410.0,2024-02-06
2024020601032816,PPL,22,58,10.0,364.0,3640.0,2024-02-06
2024020601032815,PPL,22,58,70.0,364.0,25480.0,2024-02-06
2024020601032814,PPL,22,64,130.0,364.0,47320.0,2024-02-06
2024020601032813,PPL,22,29,10.0,364.0,3640.0,2024-02-06
2024020601032812,PPL,22,35,10.0,364.0,3640.0,2024-02-06
2024020601032811,PPL,22,38,150.0,364.0,54600.0,2024-02-06
2024020601032810,PPL,22,71,75.0,364.0,27300.0,2024-02-06
2024020601032809,PPL,22,45,200.0,364.0,72800.0,2024-02-06
2024020601032808,PPL,22,58,180.0,363.2,65376.0,2024-02-06
2024020601032807,PPL,22,57,10.0,363.2,3632.0,2024-02-06
2024020601032806,PPL,22,49,10.0,363.2,3632.0,2024-02-06
2024020601032805,PPL,22,59,10.0,363.2,3632.0,2024-02-06
2024020601032804,PPL,22,29,500.0,363.2,181600.0,2024-02-06
2024020601032803,PPL,22,49,50.0,363.1,18155.0,2024-02-06
2024020601032802,PPL,22,17,10.0,363.1,3631.0,2024-02-06
2024020601032801,PPL,22,6,10.0,363.1,3631.0,2024-02-06
2024020601032800,PPL,22,35,10.0,363.1,3631.0,2024-02-06
2024020601032799,PPL,22,44,100.0,363.1,36310.0,2024-02-06
2024020601032798,PPL,22,53,250.0,363.0,90750.0,2024-02-06
2024020601032797,PPL,22,56,100.0,363.0,36300.0,2024-02-06
2024020601032796,PPL,22,26,100.0,363.0,36300.0,2024-02-06
2024020601032795,PPL,22,32,750.0,363.0,272250.0,2024-02-06
2024020601032794,PPL,22,67,50.0,363.0,18150.0,2024-02-06
2024020601032793,PPL,22,3,50.0,363.0,18150.0,2024-02-06
2024020601032792,PPL,22,21,300.0,363.0,108900.0,2024-02-06
2024020601032791,PPL,22,45,600.0,363.0,217800.0,2024-02-06
2024020601032790,PPL,22,13,226.0,362.7,81970.2,2024-02-06
2024020601032789,PPL,22,41,50.0,362.6,18130.0,2024-02-06
2024020601032788,PPL,22,17,30.0,362.6,10878.0,2024-02-06
2024020601032787,PPL,22,32,10.0,362.5,3625.0,2024-02-06
2024020601032786,PPL,22,69,30.0,362.1,10863.0,2024-02-06
2024020601032785,PPL,22,46,250.0,362.1,90525.0,2024-02-06
2024020601032784,PPL,22,32,10.0,362.1,3621.0,2024-02-06
2024020601032783,PPL,22,32,100.0,362.1,36210.0,2024-02-06
2024020601032782,PPL,22,11,40.0,362.1,14484.0,2024-02-06
2024020601032781,PPL,22,51,100.0,362.1,36210.0,2024-02-06
2024020601032780,PPL,22,48,30.0,362.1,10863.0,2024-02-06
2024020601032779,PPL,22,42,10.0,362.1,3621.0,2024-02-06
2024020601032778,PPL,22,32,10.0,362.1,3621.0,2024-02-06
2024020601032777,PPL,22,55,10.0,362.1,3621.0,2024-02-06
2024020601032776,PPL,22,58,10.0,362.0,3620.0,2024-02-06
2024020601032775,PPL,22,57,50.0,362.0,18100.0,2024-02-06
2024020601032774,PPL,22,58,10.0,362.0,3620.0,2024-02-06
2024020601032773,PPL,22,56,39.0,362.0,14118.0,2024-02-06
2024020601032772,PPL,22,57,1000.0,362.0,362000.0,2024-02-06
2024020601032771,PPL,22,3,10.0,362.0,3620.0,2024-02-06
2024020601032770,PPL,22,5,10.0,362.0,3620.0,2024-02-06
2024020601032769,PPL,22,45,100.0,362.0,36200.0,2024-02-06
2024020601032768,PPL,22,57,10.0,362.0,3620.0,2024-02-06
2024020601032767,PPL,22,62,100.0,362.0,36200.0,2024-02-06
2024020601032766,PPL,22,32,10.0,362.0,3620.0,2024-02-06
2024020601032765,PPL,22,28,30.0,362.0,10860.0,2024-02-06
2024020603006346,SHINE,22,4,18.0,388.0,6984.0,2024-02-06
2024020604009929,SALICO,48,50,100.0,680.0,68000.0,2024-02-06
2024020601032764,SONA,19,26,10.0,473.0,4730.0,2024-02-06
2024020601032763,PHCL,52,59,10.0,321.0,3210.0,2024-02-06
2024020601032762,MKHC,16,59,10.0,273.4,2734.0,2024-02-06
2024020605017012,HRL,77,21,10.0,704.5,7045.0,2024-02-06
2024020603006345,MMFDB,58,52,10.0,575.0,5750.0,2024-02-06
2024020601032761,SMJC,45,56,10.0,363.5,3635.0,2024-02-06
2024020601032760,SMJC,45,58,10.0,363.5,3635.0,2024-02-06
2024020601032759,SMJC,45,25,50.0,363.0,18150.0,2024-02-06
2024020601032758,SMJC,45,34,10.0,363.0,3630.0,2024-02-06
2024020601032757,SMJC,45,34,20.0,363.0,7260.0,2024-02-06
2024020601032756,SMJC,45,58,10.0,363.0,3630.0,2024-02-06
2024020601032755,SMJC,45,58,10.0,363.0,3630.0,2024-02-06
2024020601032754,SMJC,45,45,10.0,363.0,3630.0,2024-02-06
2024020601032753,SMJC,45,41,10.0,363.0,3630.0,2024-02-06
2024020601032752,SMJC,45,6,10.0,363.0,3630.0,2024-02-06
2024020601032751,SMJC,45,71,30.0,362.9,10887.0,2024-02-06
2024020601032750,SMJC,45,16,100.0,362.0,36200.0,2024-02-06
2024020601032749,SMJC,45,38,10.0,362.0,3620.0,2024-02-06
2024020601032748,SMJC,45,59,10.0,362.0,3620.0,2024-02-06
2024020601032747,NWCL,46,58,55.0,767.1,42190.5,2024-02-06
2024020601032746,NWCL,7,58,10.0,770.0,7700.0,2024-02-06
2024020601032745,NWCL,19,58,115.0,770.0,88550.0,2024-02-06
2024020601032744,NWCL,55,58,90.0,770.0,69300.0,2024-02-06
2024020601032743,NWCL,1,58,20.0,770.9,15418.0,2024-02-06
2024020601032742,NWCL,6,58,50.0,771.0,38550.0,2024-02-06
2024020601032741,NWCL,1,58,30.0,771.0,23130.0,2024-02-06
2024020601032740,NWCL,44,58,20.0,771.1,15422.0,2024-02-06
2024020601032739,MAKAR,72,33,93.0,438.0,40734.0,2024-02-06
2024020601032738,MAKAR,72,63,300.0,437.0,131100.0,2024-02-06
2024020601032737,MAKAR,72,34,10.0,436.0,4360.0,2024-02-06
2024020601032736,MAKAR,72,28,10.0,436.0,4360.0,2024-02-06
2024020601032735,MAKAR,72,49,10.0,435.0,4350.0,2024-02-06
2024020601032734,MAKAR,72,42,10.0,435.0,4350.0,2024-02-06
2024020601032733,MAKAR,72,38,10.0,434.0,4340.0,2024-02-06
2024020601032732,MAKAR,72,77,10.0,434.0,4340.0,2024-02-06
2024020601032731,MAKAR,72,7,47.0,434.0,20398.0,2024-02-06
2024020601032730,SRLI,57,57,10.0,459.0,4590.0,2024-02-06
2024020601032729,UHEWA,32,14,170.0,339.4,57698.0,2024-02-06
2024020601032728,PPL,32,28,300.0,362.0,108600.0,2024-02-06
2024020601032727,PPL,32,51,10.0,362.0,3620.0,2024-02-06
2024020601032726,PPL,32,55,10.0,362.0,3620.0,2024-02-06
2024020601032725,PPL,32,21,790.0,362.0,285980.0,2024-02-06
2024020601032724,PPL,32,34,30.0,362.0,10860.0,2024-02-06
2024020601032723,PPL,32,72,605.0,362.0,219010.0,2024-02-06
2024020601032722,PPL,32,21,20.0,362.0,7240.0,2024-02-06
2024020601032721,PPL,32,6,500.0,362.0,181000.0,2024-02-06
2024020601032720,PPL,32,58,500.0,362.0,181000.0,2024-02-06
2024020601032719,PPL,32,45,990.0,362.0,358380.0,2024-02-06
2024020601032718,PPL,32,26,10.0,361.8,3618.0,2024-02-06
2024020601032717,PPL,32,58,1700.0,361.0,613700.0,2024-02-06
2024020601032716,PPL,32,47,100.0,361.0,36100.0,2024-02-06
2024020601032715,PPL,32,45,1000.0,361.0,361000.0,2024-02-06
2024020601032714,PPL,32,58,10.0,361.0,3610.0,2024-02-06
2024020601032713,PPL,32,88,1500.0,361.0,541500.0,2024-02-06
2024020601032712,PPL,32,42,10.0,361.0,3610.0,2024-02-06
2024020601032711,PPL,32,58,10.0,361.0,3610.0,2024-02-06
2024020601032710,PPL,32,17,100.0,361.0,36100.0,2024-02-06
2024020601032709,PPL,32,21,10.0,361.0,3610.0,2024-02-06
2024020601032708,PPL,32,58,10.0,361.0,3610.0,2024-02-06
2024020601032707,PPL,32,8,10.0,361.0,3610.0,2024-02-06
2024020601032706,PPL,32,38,10.0,361.0,3610.0,2024-02-06
2024020601032705,PPL,32,58,10.0,361.0,3610.0,2024-02-06
2024020601032704,PPL,32,72,10.0,361.0,3610.0,2024-02-06
2024020601032703,PPL,32,32,50.0,360.9,18045.0,2024-02-06
2024020601032702,PPL,32,57,10.0,360.0,3600.0,2024-02-06
2024020601032701,PPL,32,35,10.0,360.0,3600.0,2024-02-06
2024020601032700,PPL,32,35,10.0,360.0,3600.0,2024-02-06
2024020601032699,PPL,32,42,10.0,360.0,3600.0,2024-02-06
2024020601032698,PPL,32,57,50.0,360.0,18000.0,2024-02-06
2024020601032697,PPL,32,58,10.0,360.0,3600.0,2024-02-06
2024020601032696,PPL,32,54,305.0,360.0,109800.0,2024-02-06
2024020601032695,PPL,32,38,10.0,360.0,3600.0,2024-02-06
2024020601032694,PPL,32,48,40.0,360.0,14400.0,2024-02-06
2024020601032693,PPL,32,58,30.0,360.0,10800.0,2024-02-06
2024020601032692,PPL,32,16,10.0,360.0,3600.0,2024-02-06
2024020601032691,PPL,32,53,10.0,360.0,3600.0,2024-02-06
2024020601032690,PPL,32,7,10.0,360.0,3600.0,2024-02-06
2024020601032689,PPL,32,67,10.0,360.0,3600.0,2024-02-06
2024020601032688,PPL,32,14,40.0,360.0,14400.0,2024-02-06
2024020601032687,PPL,32,6,15.0,360.0,5400.0,2024-02-06
2024020601032686,PPL,32,51,110.0,360.0,39600.0,2024-02-06
2024020601032685,PPL,32,42,10.0,360.0,3600.0,2024-02-06
2024020601032684,PPL,32,55,120.0,360.0,43200.0,2024-02-06
2024020601032683,PPL,32,19,10.0,360.0,3600.0,2024-02-06
2024020601032682,PPL,32,38,10.0,360.0,3600.0,2024-02-06
2024020601032681,PPL,32,58,10.0,360.0,3600.0,2024-02-06
2024020601032680,PPL,32,21,10.0,360.0,3600.0,2024-02-06
2024020601032679,PPL,32,38,10.0,360.0,3600.0,2024-02-06
2024020601032678,PPL,32,32,10.0,360.0,3600.0,2024-02-06
2024020601032677,PPL,32,38,10.0,360.0,3600.0,2024-02-06
2024020601032676,PPL,32,48,10.0,360.0,3600.0,2024-02-06
2024020601032675,PPL,32,56,10.0,360.0,3600.0,2024-02-06
2024020601032674,PPL,32,47,50.0,360.0,18000.0,2024-02-06
2024020601032673,PPL,32,49,10.0,360.0,3600.0,2024-02-06
2024020601032672,PPL,32,38,10.0,359.9,3599.0,2024-02-06
2024020601032671,PPL,32,22,10.0,359.9,3599.0,2024-02-06
2024020601032670,PPL,32,21,50.0,359.9,17995.0,2024-02-06
2024020601032669,PPL,32,49,10.0,359.8,3598.0,2024-02-06
2024020601032668,PPL,32,21,30.0,359.0,10770.0,2024-02-06
2024020601032667,PPL,32,57,50.0,359.0,17950.0,2024-02-06
2024020601032666,PPL,32,57,10.0,359.0,3590.0,2024-02-06
2024020601032665,PPL,32,38,10.0,359.0,3590.0,2024-02-06
2024020601032664,PPL,32,55,10.0,359.0,3590.0,2024-02-06
2024020601032663,PPL,32,57,25.0,359.0,8975.0,2024-02-06
2024020601032662,PPL,32,48,500.0,358.2,179100.0,2024-02-06
2024020601032661,PPL,32,57,10.0,358.1,3581.0,2024-02-06
2024020604009928,RHPL,59,37,30.0,295.0,8850.0,2024-02-06
2024020604009927,RHPL,59,56,895.0,295.0,264025.0,2024-02-06
2024020603006344,SKBBL,46,4,60.0,845.0,50700.0,2024-02-06
2024020605017011,NRN,49,17,529.0,591.2,312744.8,2024-02-06
2024020605017010,NRN,21,17,300.0,591.3,177390.0,2024-02-06
2024020605017009,NRN,33,17,171.0,591.4,101129.4,2024-02-06
2024020605017008,HRL,44,52,20.0,704.1,14082.0,2024-02-06
2024020604009926,AKPL,45,58,455.0,196.0,89180.0,2024-02-06
2024020604009925,AKPL,22,58,10.0,196.0,1960.0,2024-02-06
2024020604009924,AKPL,57,58,50.0,196.0,9800.0,2024-02-06
2024020604009923,AKPL,49,58,50.0,196.0,9800.0,2024-02-06
2024020604009922,AKPL,20,58,200.0,196.0,39200.0,2024-02-06
2024020604009921,AKPL,34,58,50.0,196.0,9800.0,2024-02-06
2024020604009920,AKPL,14,58,217.0,196.0,42532.0,2024-02-06
2024020604009919,AKPL,29,58,140.0,196.0,27440.0,2024-02-06
2024020604009918,AKPL,45,58,1000.0,196.0,196000.0,2024-02-06
2024020604009917,AKPL,11,58,148.0,196.0,29008.0,2024-02-06
2024020604009916,AKPL,21,58,100.0,196.1,19610.0,2024-02-06
2024020604009915,AKPL,47,58,580.0,196.1,113738.0,2024-02-06
2024020603006343,NMFBS,81,22,162.0,1143.0,185166.0,2024-02-06
2024020603006342,NMFBS,81,59,10.0,1142.0,11420.0,2024-02-06
2024020603006341,NMFBS,81,49,20.0,1138.0,22760.0,2024-02-06
2024020603006340,NMFBS,81,28,21.0,1131.0,23751.0,2024-02-06
2024020603006339,NMFBS,81,41,20.0,1130.0,22600.0,2024-02-06
2024020603006338,NMFBS,81,41,17.0,1129.9,19208.3,2024-02-06
2024020601032660,RHGCL,49,58,10.0,285.3,2853.0,2024-02-06
2024020601032659,SHIVM,81,8,100.0,505.0,50500.0,2024-02-06
2024020601032658,SHIVM,81,36,118.0,505.0,59590.0,2024-02-06
2024020601032657,SHIVM,81,29,580.0,504.0,292320.0,2024-02-06
2024020605017007,HRL,33,37,490.0,704.1,345009.0,2024-02-06
2024020605017006,HRL,26,37,10.0,704.2,7042.0,2024-02-06
2024020603006337,KMCDB,21,16,10.0,655.0,6550.0,2024-02-06
2024020604009914,AKPL,47,21,420.0,196.1,82362.0,2024-02-06
2024020604009913,AKPL,13,21,1000.0,196.1,196100.0,2024-02-06
2024020604009912,AKPL,45,21,100.0,196.2,19620.0,2024-02-06
2024020604009911,MEN,29,44,10.0,643.9,6439.0,2024-02-06
2024020601032656,NABIL,34,6,55.0,475.0,26125.0,2024-02-06
2024020601032655,NABIL,49,6,10.0,475.0,4750.0,2024-02-06
2024020601032654,NABIL,48,6,10.0,475.0,4750.0,2024-02-06
2024020601032653,NABIL,5,6,200.0,475.0,95000.0,2024-02-06
2024020601032652,NABIL,36,6,20.0,475.0,9500.0,2024-02-06
2024020601032651,NABIL,49,6,10.0,475.0,4750.0,2024-02-06
2024020601032650,NABIL,57,6,20.0,475.0,9500.0,2024-02-06
2024020601032649,NABIL,32,6,600.0,475.0,285000.0,2024-02-06
2024020601032648,NABIL,58,6,20.0,475.0,9500.0,2024-02-06
2024020601032647,NABIL,22,6,20.0,475.0,9500.0,2024-02-06
2024020601032646,NABIL,42,6,15.0,475.0,7125.0,2024-02-06
2024020601032645,NABIL,39,6,50.0,475.0,23750.0,2024-02-06
2024020601032644,NABIL,51,6,10.0,475.0,4750.0,2024-02-06
2024020601032643,NABIL,52,6,35.0,475.0,16625.0,2024-02-06
2024020601032642,NABIL,41,6,50.0,475.0,23750.0,2024-02-06
2024020601032641,NABIL,6,6,100.0,475.0,47500.0,2024-02-06
2024020601032640,NABIL,8,6,100.0,475.0,47500.0,2024-02-06
2024020601032639,NABIL,45,6,100.0,475.0,47500.0,2024-02-06
2024020601032638,NABIL,52,6,500.0,475.0,237500.0,2024-02-06
2024020601032637,NABIL,42,6,75.0,475.5,35662.5,2024-02-06
2024020601032636,SPC,59,64,107.0,616.5,65965.5,2024-02-06
2024020601032635,SPC,59,14,10.0,616.5,6165.0,2024-02-06
2024020601032634,SPC,59,64,33.0,616.5,20344.5,2024-02-06
2024020601032633,SANIMA,60,32,44.0,245.7,10810.8,2024-02-06
2024020605017005,NIFRA,58,38,64.0,224.6,14374.4,2024-02-06
2024020605017004,HRL,29,25,80.0,705.0,56400.0,2024-02-06
2024020605017003,HRL,29,26,20.0,704.3,14086.0,2024-02-06
2024020603006336,NLIC,34,32,7.0,619.0,4333.0,2024-02-06
2024020603006335,NLIC,34,43,100.0,619.0,61900.0,2024-02-06
2024020603006334,NLIC,34,49,23.0,619.0,14237.0,2024-02-06
2024020603006333,NLIC,34,19,20.0,618.9,12378.0,2024-02-06
2024020604009910,HDHPC,19,47,1750.0,148.4,259700.0,2024-02-06
2024020604009909,AKJCL,14,42,20.0,229.0,4580.0,2024-02-06
2024020601032632,MKHL,57,25,333.0,350.9,116849.7,2024-02-06
2024020601032631,MKHL,13,25,100.0,351.0,35100.0,2024-02-06
2024020601032630,MKHL,51,25,70.0,351.0,24570.0,2024-02-06
2024020605017002,NRIC,25,39,50.0,818.0,40900.0,2024-02-06
2024020604009908,NLG,22,26,27.0,830.0,22410.0,2024-02-06
2024020604009907,NLG,22,1,48.0,830.0,39840.0,2024-02-06
2024020601032629,SAHAS,17,65,40.0,560.2,22408.0,2024-02-06
2024020601032628,SAHAS,17,65,200.0,560.3,112060.0,2024-02-06
2024020601032627,SAHAS,41,65,140.0,562.0,78680.0,2024-02-06
2024020601032626,SAHAS,29,65,120.0,562.0,67440.0,2024-02-06
2024020604009906,JOSHI,33,58,40.0,267.7,10708.0,2024-02-06
2024020604009905,UMRH,11,21,10.0,387.5,3875.0,2024-02-06
2024020601032625,NIMB,35,53,40.0,170.0,6800.0,2024-02-06
2024020604009904,UNHPL,4,59,200.0,246.0,49200.0,2024-02-06
2024020605017001,NTC,49,43,291.0,900.0,261900.0,2024-02-06
2024020605017000,NTC,49,43,500.0,900.0,450000.0,2024-02-06
2024020605016999,NTC,49,43,209.0,900.0,188100.0,2024-02-06
2024020603006332,SMFBS,34,56,10.0,863.0,8630.0,2024-02-06
2024020605016998,HRL,33,42,10.0,704.1,7041.0,2024-02-06
2024020601032624,SHLB,18,38,10.0,945.0,9450.0,2024-02-06
2024020601032623,SPC,54,64,100.0,616.5,61650.0,2024-02-06
2024020601032622,HDL,58,53,100.0,1614.5,161450.0,2024-02-06
2024020603006331,FMDBL,62,44,10.0,621.0,6210.0,2024-02-06
2024020603006330,GBBL,62,58,145.0,380.0,55100.0,2024-02-06
2024020603006329,FOWAD,6,94,163.0,1091.0,177833.0,2024-02-06
2024020603006328,FOWAD,4,94,70.0,1091.5,76405.0,2024-02-06
2024020603006327,FOWAD,47,94,200.0,1092.0,218400.0,2024-02-06
2024020603006326,FOWAD,28,94,20.0,1092.1,21842.0,2024-02-06
2024020603006325,FOWAD,34,94,52.0,1092.1,56789.2,2024-02-06
2024020603006324,MFIL,36,3,20.0,515.0,10300.0,2024-02-06
2024020601032621,NESDO,36,42,10.0,1699.0,16990.0,2024-02-06
2024020601032620,NESDO,36,26,10.0,1691.0,16910.0,2024-02-06
2024020601032619,JBLB,58,58,10.0,1316.0,13160.0,2024-02-06
2024020601032618,GVL,66,17,100.0,450.0,45000.0,2024-02-06
2024020601032617,GVL,66,36,10.0,450.0,4500.0,2024-02-06
2024020601032616,GVL,66,38,10.0,450.0,4500.0,2024-02-06
2024020601032615,GVL,66,42,10.0,450.0,4500.0,2024-02-06
2024020601032614,GVL,66,94,10.0,450.0,4500.0,2024-02-06
2024020601032613,GVL,66,59,10.0,450.0,4500.0,2024-02-06
2024020601032612,GVL,66,58,10.0,450.0,4500.0,2024-02-06
2024020601032611,GVL,66,52,10.0,450.0,4500.0,2024-02-06
2024020601032610,GVL,66,21,10.0,450.0,4500.0,2024-02-06
2024020601032609,GVL,66,58,10.0,450.0,4500.0,2024-02-06
2024020601032608,GVL,66,53,10.0,450.0,4500.0,2024-02-06
2024020601032607,GVL,66,16,10.0,450.0,4500.0,2024-02-06
2024020601032606,GVL,66,45,10.0,450.0,4500.0,2024-02-06
2024020601032605,GVL,66,44,10.0,450.0,4500.0,2024-02-06
2024020601032604,GVL,66,56,10.0,450.0,4500.0,2024-02-06
2024020601032603,GVL,66,40,10.0,450.0,4500.0,2024-02-06
2024020601032602,GVL,66,58,10.0,450.0,4500.0,2024-02-06
2024020601032601,GVL,66,58,10.0,450.0,4500.0,2024-02-06
2024020601032600,GVL,66,59,10.0,450.0,4500.0,2024-02-06
2024020601032599,GVL,66,39,10.0,449.0,4490.0,2024-02-06
2024020601032598,GVL,66,1,10.0,449.0,4490.0,2024-02-06
2024020601032597,GVL,66,49,10.0,449.0,4490.0,2024-02-06
2024020601032596,GVL,66,40,10.0,449.0,4490.0,2024-02-06
2024020601032595,GVL,66,43,10.0,449.0,4490.0,2024-02-06
2024020601032594,GVL,66,7,10.0,448.0,4480.0,2024-02-06
2024020601032593,GVL,66,34,10.0,448.0,4480.0,2024-02-06
2024020601032592,GVL,66,57,10.0,448.0,4480.0,2024-02-06
2024020601032591,GVL,66,55,100.0,448.0,44800.0,2024-02-06
2024020601032590,GVL,66,42,10.0,448.0,4480.0,2024-02-06
2024020601032589,GVL,66,25,10.0,448.0,4480.0,2024-02-06
2024020601032588,GVL,66,52,10.0,448.0,4480.0,2024-02-06
2024020601032587,GVL,66,55,10.0,447.9,4479.0,2024-02-06
2024020604009903,RADHI,89,34,110.0,271.0,29810.0,2024-02-06
2024020604009902,RADHI,89,49,90.0,270.0,24300.0,2024-02-06
2024020601032586,MBJC,47,8,10.0,324.9,3249.0,2024-02-06
2024020601032585,MBJC,47,17,10.0,324.5,3245.0,2024-02-06
2024020601032584,MBJC,47,58,10.0,324.0,3240.0,2024-02-06
2024020604009901,UNHPL,6,59,50.0,246.0,12300.0,2024-02-06
2024020601032583,MBJC,32,57,10.0,323.0,3230.0,2024-02-06
2024020604009900,NGPL,42,38,500.0,339.2,169600.0,2024-02-06
2024020604009899,HURJA,55,43,176.0,305.0,53680.0,2024-02-06
2024020604009898,HURJA,39,43,100.0,305.0,30500.0,2024-02-06
2024020604009897,HURJA,59,43,100.0,305.1,30510.0,2024-02-06
2024020604009896,HURJA,48,43,150.0,305.2,45780.0,2024-02-06
2024020604009895,HURJA,53,43,474.0,305.3,144712.2,2024-02-06
2024020603006323,BFC,43,45,10.0,329.0,3290.0,2024-02-06
2024020605016997,HIDCL,34,22,14.0,186.4,2609.6,2024-02-06
2024020605016996,HRL,28,25,150.0,705.0,105750.0,2024-02-06
2024020605016995,HRL,28,55,10.0,704.5,7045.0,2024-02-06
2024020605016994,HRL,28,58,30.0,704.3,21129.0,2024-02-06
2024020605016993,HRL,28,58,10.0,704.2,7042.0,2024-02-06
2024020601032582,MKHL,41,14,32.0,355.0,11360.0,2024-02-06
2024020601032581,MKHL,41,22,48.0,354.5,17016.0,2024-02-06
2024020603006322,KRBL,3,16,15.0,372.0,5580.0,2024-02-06
2024020603006321,KSBBL,51,74,50.0,351.0,17550.0,2024-02-06
2024020601032580,MANDU,45,77,80.0,689.0,55120.0,2024-02-06
2024020601032579,PPL,45,62,10.0,358.0,3580.0,2024-02-06
2024020601032578,PPL,45,50,350.0,358.0,125300.0,2024-02-06
2024020604009894,IGI,53,6,300.0,564.0,169200.0,2024-02-06
2024020604009893,NGPL,58,5,100.0,340.0,34000.0,2024-02-06
2024020603006320,GBBL,58,58,120.0,380.0,45600.0,2024-02-06
2024020605016992,NIFRA,58,45,20.0,224.5,4490.0,2024-02-06
2024020605016991,NIFRA,58,45,20.0,224.5,4490.0,2024-02-06
2024020605016990,NIFRA,58,46,140.0,224.5,31430.0,2024-02-06
2024020605016989,HRL,69,39,10.0,704.2,7042.0,2024-02-06
2024020604009892,NHPC,57,38,145.0,168.3,24403.5,2024-02-06
2024020604009891,NHPC,57,43,55.0,168.2,9251.0,2024-02-06
2024020601032577,SHIVM,57,29,100.0,504.0,50400.0,2024-02-06
2024020601032576,NRM,7,32,300.0,390.0,117000.0,2024-02-06
2024020604009890,LEC,32,58,10.0,211.9,2119.0,2024-02-06
2024020603006319,SFCL,52,38,50.0,307.1,15355.0,2024-02-06
2024020605016988,HRL,33,38,10.0,704.1,7041.0,2024-02-06
2024020601032575,GBIME,35,38,100.0,193.1,19310.0,2024-02-06
2024020601032574,GBIME,5,38,225.0,193.1,43447.5,2024-02-06
2024020601032573,GBIME,58,38,75.0,193.5,14512.5,2024-02-06
2024020601032572,SGHC,6,19,50.0,304.1,15205.0,2024-02-06
2024020601032571,SGHC,20,19,40.0,304.2,12168.0,2024-02-06
2024020603006318,LBBL,66,8,661.0,396.0,261756.0,2024-02-06
2024020603006317,LBBL,41,8,20.0,396.0,7920.0,2024-02-06
2024020603006316,LBBL,94,8,119.0,396.0,47124.0,2024-02-06
2024020601032570,SHIVM,48,29,20.0,504.0,10080.0,2024-02-06
2024020603006315,SDLBSL,22,32,10.0,618.0,6180.0,2024-02-06
2024020601032569,BGWT,65,39,10.0,644.0,6440.0,2024-02-06
2024020601032568,MEHL,1,58,150.0,290.8,43620.0,2024-02-06
2024020601032567,MEHL,1,62,200.0,290.0,58000.0,2024-02-06
2024020604009889,CGH,42,38,100.0,906.0,90600.0,2024-02-06
2024020604009888,GLH,45,14,10.0,250.5,2505.0,2024-02-06
2024020605016987,HRL,33,35,20.0,704.1,14082.0,2024-02-06
2024020601032566,NWCL,44,58,10.0,771.1,7711.0,2024-02-06
2024020604009887,MEN,32,71,11.0,644.0,7084.0,2024-02-06
2024020605016986,HRL,33,4,10.0,704.1,7041.0,2024-02-06
2024020604009886,RIDI,58,43,55.0,220.0,12100.0,2024-02-06
2024020601032565,HDL,58,43,25.0,1614.5,40362.5,2024-02-06
2024020603006314,PFL,17,13,48.0,367.1,17620.8,2024-02-06
2024020604009885,NHPC,11,17,10.0,168.0,1680.0,2024-02-06
2024020601032564,RNLI,11,8,10.0,451.0,4510.0,2024-02-06
2024020603006313,JSLBB,38,26,20.0,850.0,17000.0,2024-02-06
2024020604009884,SGIC,19,39,100.0,520.0,52000.0,2024-02-06
2024020601032563,DORDI,42,25,10.0,414.0,4140.0,2024-02-06
2024020601032562,SPC,45,64,200.0,616.5,123300.0,2024-02-06
2024020605016985,CIT,68,21,10.0,2100.1,21001.0,2024-02-06
2024020601032561,MKLB,17,51,11.0,697.0,7667.0,2024-02-06
2024020603006312,MLBL,41,44,18.0,338.0,6084.0,2024-02-06
2024020603006311,MLBL,34,44,155.0,338.0,52390.0,2024-02-06
2024020601032560,UHEWA,59,35,110.0,335.3,36883.0,2024-02-06
2024020601032559,UHEWA,39,35,50.0,336.0,16800.0,2024-02-06
2024020601032558,HATHY,58,44,19.0,993.0,18867.0,2024-02-06
2024020601032557,HATHY,58,45,100.0,992.1,99210.0,2024-02-06
2024020601032556,HATHY,58,34,90.0,992.1,89289.0,2024-02-06
2024020601032555,HATHY,58,49,10.0,992.0,9920.0,2024-02-06
2024020601032554,HATHY,58,21,101.0,992.0,100192.0,2024-02-06
2024020601032553,HATHY,58,55,100.0,992.0,99200.0,2024-02-06
2024020601032552,HATHY,58,6,20.0,992.0,19840.0,2024-02-06
2024020601032551,HATHY,58,38,40.0,990.3,39612.0,2024-02-06
2024020601032550,HATHY,58,43,20.0,990.0,19800.0,2024-02-06
2024020601032549,AHL,49,58,10.0,423.0,4230.0,2024-02-06
2024020601032548,VLUCL,58,50,10.0,524.0,5240.0,2024-02-06
2024020601032547,VLUCL,58,42,10.0,523.5,5235.0,2024-02-06
2024020604009883,MHNL,58,49,10.0,270.0,2700.0,2024-02-06
2024020605016984,NTC,49,58,10.0,900.0,9000.0,2024-02-06
2024020604009882,AHPC,58,44,91.0,207.5,18882.5,2024-02-06
2024020605016983,HRL,33,38,10.0,704.1,7041.0,2024-02-06
2024020601032546,HATHY,33,43,80.0,990.0,79200.0,2024-02-06
2024020603006310,SWMF,13,90,50.0,705.0,35250.0,2024-02-06
2024020604009881,BARUN,17,39,14.0,274.0,3836.0,2024-02-06
2024020603006309,KSBBL,34,74,40.0,351.0,14040.0,2024-02-06
2024020603006308,NABBC,32,48,10.0,408.3,4083.0,2024-02-06
2024020601032545,HHL,35,48,300.0,323.0,96900.0,2024-02-06
2024020604009880,SHEL,38,41,30.0,248.0,7440.0,2024-02-06
2024020604009879,SHEL,16,41,50.0,248.1,12405.0,2024-02-06
2024020603006307,SADBL,22,33,109.0,307.0,33463.0,2024-02-06
2024020601032544,PPL,54,26,200.0,357.1,71420.0,2024-02-06
2024020604009878,PRIN,21,52,50.0,815.0,40750.0,2024-02-06
2024020605016982,NTC,49,16,54.0,900.0,48600.0,2024-02-06
2024020601032543,RNLI,11,6,10.0,451.0,4510.0,2024-02-06
2024020601032542,RNLI,11,49,10.0,451.0,4510.0,2024-02-06
2024020601032541,RNLI,11,33,10.0,451.0,4510.0,2024-02-06
2024020601032540,RNLI,11,17,10.0,451.0,4510.0,2024-02-06
2024020601032539,RNLI,11,17,10.0,451.0,4510.0,2024-02-06
2024020601032538,RNLI,11,35,10.0,451.0,4510.0,2024-02-06
2024020603006306,NMFBS,45,41,11.0,1129.9,12428.9,2024-02-06
2024020603006305,NMFBS,45,45,16.0,1125.0,18000.0,2024-02-06
2024020603006304,NMFBS,45,39,33.0,1125.0,37125.0,2024-02-06
2024020603006303,NMFBS,45,41,10.0,1125.0,11250.0,2024-02-06
2024020601032537,MEL,14,21,10.0,222.7,2227.0,2024-02-06
2024020601032536,PRVU,11,21,150.0,153.2,22980.0,2024-02-06
2024020601032535,PRVU,29,21,29.0,153.8,4460.2,2024-02-06
2024020601032534,PRVU,7,21,324.0,153.9,49863.6,2024-02-06
2024020604009877,SHL,44,47,436.0,460.2,200647.2,2024-02-06
2024020605016981,NRN,57,44,200.0,592.2,118440.0,2024-02-06
2024020605016980,NRN,60,44,200.0,592.2,118440.0,2024-02-06
2024020605016979,NRN,1,44,10.0,592.5,5925.0,2024-02-06
2024020605016978,NRN,18,44,100.0,593.0,59300.0,2024-02-06
2024020605016977,NRN,22,44,280.0,593.0,166040.0,2024-02-06
2024020601032533,SNLI,56,6,10.0,586.0,5860.0,2024-02-06
2024020601032532,SNLI,56,6,100.0,586.0,58600.0,2024-02-06
2024020601032531,SNLI,42,6,60.0,586.1,35166.0,2024-02-06
2024020601032530,SNLI,17,6,130.0,586.1,76193.0,2024-02-06
2024020603006302,LBBL,94,32,154.0,396.0,60984.0,2024-02-06
2024020601032529,SNLI,17,58,10.0,586.1,5861.0,2024-02-06
2024020604009876,UPCL,56,58,675.0,234.2,158085.0,2024-02-06
2024020604009875,UPCL,62,58,300.0,234.2,70260.0,2024-02-06
2024020604009874,UPCL,22,58,125.0,234.3,29287.5,2024-02-06
2024020604009873,API,38,42,10.0,203.0,2030.0,2024-02-06
2024020601032528,SONA,48,34,30.0,474.0,14220.0,2024-02-06
2024020601032527,SONA,48,6,50.0,474.0,23700.0,2024-02-06
2024020601032526,SHIVM,42,8,350.0,504.5,176575.0,2024-02-06
2024020601032525,GBIME,41,32,80.0,194.0,15520.0,2024-02-06
2024020604009872,BARUN,65,39,500.0,274.0,137000.0,2024-02-06
2024020601032524,RNLI,51,22,10.0,450.5,4505.0,2024-02-06
2024020603006301,PMLI,43,26,10.0,524.0,5240.0,2024-02-06
2024020604009871,CGH,26,38,40.0,906.0,36240.0,2024-02-06
2024020601032523,MHCL,62,58,10.0,513.8,5138.0,2024-02-06
2024020605016976,SMATA,77,26,10.0,619.0,6190.0,2024-02-06
2024020604009870,RIDI,58,54,95.0,220.0,20900.0,2024-02-06
2024020604009869,RIDI,46,54,220.0,220.0,48400.0,2024-02-06
2024020604009868,RIDI,22,54,20.0,220.0,4400.0,2024-02-06
2024020604009867,RIDI,57,54,87.0,220.0,19140.0,2024-02-06
2024020603006300,RLFL,49,35,13.0,367.0,4771.0,2024-02-06
2024020603006299,RLFL,49,51,277.0,367.0,101659.0,2024-02-06
2024020603006298,RLFL,49,57,100.0,366.2,36620.0,2024-02-06
2024020603006297,RLFL,49,57,110.0,366.0,40260.0,2024-02-06
2024020601032522,SPHL,49,55,10.0,460.0,4600.0,2024-02-06
2024020601032521,NIMB,42,53,100.0,170.0,17000.0,2024-02-06
2024020601032520,BEDC,21,42,60.0,336.0,20160.0,2024-02-06
2024020605016975,HRL,33,35,30.0,704.1,21123.0,2024-02-06
2024020603006296,MDB,58,61,10.0,418.0,4180.0,2024-02-06
2024020604009866,HURJA,53,46,26.0,305.3,7937.8,2024-02-06
2024020604009865,HURJA,53,46,24.0,305.3,7327.2,2024-02-06
2024020604009864,UNHPL,64,59,100.0,246.0,24600.0,2024-02-06
2024020601032519,CKHL,34,38,50.0,508.0,25400.0,2024-02-06
2024020601032518,AVYAN,34,40,10.0,605.0,6050.0,2024-02-06
2024020601032517,AVYAN,34,55,10.0,605.0,6050.0,2024-02-06
2024020601032516,AVYAN,34,22,10.0,605.0,6050.0,2024-02-06
2024020601032515,AVYAN,34,46,10.0,605.0,6050.0,2024-02-06
2024020601032514,AVYAN,34,56,10.0,605.0,6050.0,2024-02-06
2024020601032513,AVYAN,34,4,10.0,605.0,6050.0,2024-02-06
2024020601032512,AVYAN,34,46,10.0,605.0,6050.0,2024-02-06
2024020601032511,AVYAN,34,58,10.0,605.0,6050.0,2024-02-06
2024020601032510,AVYAN,34,3,10.0,605.0,6050.0,2024-02-06
2024020601032509,AVYAN,34,58,10.0,605.0,6050.0,2024-02-06
2024020601032508,AVYAN,34,44,50.0,605.0,30250.0,2024-02-06
2024020601032507,AVYAN,34,7,80.0,605.0,48400.0,2024-02-06
2024020601032506,AVYAN,34,54,10.0,605.0,6050.0,2024-02-06
2024020601032505,AVYAN,34,17,10.0,604.0,6040.0,2024-02-06
2024020601032504,AVYAN,34,4,10.0,604.0,6040.0,2024-02-06
2024020601032503,AVYAN,34,4,10.0,604.0,6040.0,2024-02-06
2024020601032502,AVYAN,34,62,70.0,604.0,42280.0,2024-02-06
2024020601032501,AVYAN,34,35,25.0,600.0,15000.0,2024-02-06
2024020604009863,NHPC,41,43,20.0,168.2,3364.0,2024-02-06
2024020604009862,NHPC,41,37,60.0,168.2,10092.0,2024-02-06
2024020604009861,NHPC,41,47,20.0,168.0,3360.0,2024-02-06
2024020604009860,BARUN,29,94,200.0,272.1,54420.0,2024-02-06
2024020604009859,BARUN,26,94,100.0,272.1,27210.0,2024-02-06
2024020604009858,BARUN,29,94,250.0,272.2,68050.0,2024-02-06
2024020604009857,BARUN,42,94,200.0,272.5,54500.0,2024-02-06
2024020604009856,BARUN,74,94,1000.0,272.5,272500.0,2024-02-06
2024020604009855,BARUN,35,94,1000.0,272.5,272500.0,2024-02-06
2024020604009854,BARUN,5,94,300.0,272.6,81780.0,2024-02-06
2024020604009853,BARUN,71,94,1000.0,272.7,272700.0,2024-02-06
2024020604009852,BARUN,54,94,590.0,272.8,160952.0,2024-02-06
2024020604009851,BARUN,32,94,25.0,272.8,6820.0,2024-02-06
2024020604009850,BARUN,19,94,20.0,272.8,5456.0,2024-02-06
2024020604009849,BARUN,39,94,310.0,272.8,84568.0,2024-02-06
2024020604009848,AKPL,16,57,200.0,196.6,39320.0,2024-02-06
2024020605016974,BBC,42,3,10.0,3687.0,36870.0,2024-02-06
2024020601032500,SONA,19,3,10.0,473.0,4730.0,2024-02-06
2024020601032499,SONA,21,77,10.0,474.0,4740.0,2024-02-06
2024020601032498,SONA,21,44,10.0,474.0,4740.0,2024-02-06
2024020601032497,ULHC,45,46,10.0,309.4,3094.0,2024-02-06
2024020604009847,API,45,42,10.0,203.0,2030.0,2024-02-06
2024020601032496,NRM,57,47,10.0,390.1,3901.0,2024-02-06
2024020603006295,HLI,49,25,94.0,408.8,38427.2,2024-02-06
2024020604009846,SGIC,6,54,10.0,521.0,5210.0,2024-02-06
2024020603006294,CFCL,18,57,200.0,335.6,67120.0,2024-02-06
2024020601032495,PPL,54,57,100.0,357.1,35710.0,2024-02-06
2024020603006293,CBBL,57,19,15.0,859.0,12885.0,2024-02-06
2024020601032494,GCIL,17,38,10.0,511.0,5110.0,2024-02-06
2024020601032493,GCIL,21,38,500.0,511.1,255550.0,2024-02-06
2024020601032492,GCIL,41,38,90.0,511.2,46008.0,2024-02-06
2024020604009845,AKPL,45,43,300.0,196.2,58860.0,2024-02-06
2024020601032491,SONA,38,3,10.0,474.0,4740.0,2024-02-06
2024020604009844,IGI,43,6,200.0,564.0,112800.0,2024-02-06
2024020603006292,CBBL,58,48,32.0,858.0,27456.0,2024-02-06
2024020603006291,CBBL,42,48,58.0,858.0,49764.0,2024-02-06
2024020603006290,CBBL,35,48,10.0,858.2,8582.0,2024-02-06
2024020604009843,UMRH,85,21,400.0,387.5,155000.0,2024-02-06
2024020604009842,NGPL,42,41,670.0,339.2,227264.0,2024-02-06
2024020604009841,NGPL,8,41,30.0,339.2,10176.0,2024-02-06
2024020605016973,HIDCL,16,58,10.0,186.0,1860.0,2024-02-06
2024020601032490,GCIL,41,58,10.0,511.2,5112.0,2024-02-06
2024020601032489,PHCL,62,58,10.0,320.4,3204.0,2024-02-06
2024020601032488,PPL,54,58,10.0,357.1,3571.0,2024-02-06
2024020601032487,BHDC,39,55,140.0,470.5,65870.0,2024-02-06
2024020601032486,BHDC,39,34,50.0,470.0,23500.0,2024-02-06
2024020601032485,BHDC,39,53,10.0,470.0,4700.0,2024-02-06
2024020601032484,BHDC,39,4,10.0,470.0,4700.0,2024-02-06
2024020601032483,BHDC,39,58,10.0,470.0,4700.0,2024-02-06
2024020603006289,HLBSL,25,51,30.0,600.0,18000.0,2024-02-06
2024020603006288,HLI,66,25,106.0,408.8,43332.8,2024-02-06
2024020603006287,HLI,66,6,50.0,408.1,20405.0,2024-02-06
2024020604009840,IGI,7,6,100.0,564.0,56400.0,2024-02-06
2024020601032482,GCIL,21,45,10.0,513.0,5130.0,2024-02-06
2024020601032481,GCIL,21,17,450.0,513.0,230850.0,2024-02-06
2024020601032480,GCIL,21,35,30.0,512.0,15360.0,2024-02-06
2024020601032479,GCIL,21,88,10.0,512.0,5120.0,2024-02-06
2024020605016972,NRIC,16,21,75.0,817.0,61275.0,2024-02-06
2024020605016971,NRIC,42,21,25.0,818.0,20450.0,2024-02-06
2024020605016970,NRN,45,49,50.0,594.0,29700.0,2024-02-06
2024020604009839,RIDI,57,49,50.0,220.0,11000.0,2024-02-06
2024020604009838,CHCL,49,13,30.0,490.0,14700.0,2024-02-06
2024020604009837,NHDL,6,34,10.0,439.9,4399.0,2024-02-06
2024020604009836,API,45,42,499.0,203.0,101297.0,2024-02-06
2024020601032478,MEL,14,49,10.0,222.7,2227.0,2024-02-06
2024020601032477,MEL,14,7,50.0,222.6,11130.0,2024-02-06
2024020605016969,HRL,94,25,390.0,705.0,274950.0,2024-02-06
2024020605016968,HRL,94,34,10.0,705.0,7050.0,2024-02-06
2024020601032476,BGWT,65,39,10.0,644.0,6440.0,2024-02-06
2024020605016967,HRL,94,41,30.0,705.0,21150.0,2024-02-06
2024020605016966,HRL,94,42,10.0,705.0,7050.0,2024-02-06
2024020605016965,HRL,94,48,30.0,705.0,21150.0,2024-02-06
2024020605016964,HRL,94,51,40.0,705.0,28200.0,2024-02-06
2024020605016963,HRL,94,37,10.0,705.0,7050.0,2024-02-06
2024020604009835,SSHL,13,41,707.0,180.0,127260.0,2024-02-06
2024020601032475,HHL,41,6,123.0,323.8,39827.4,2024-02-06
2024020605016962,HRL,94,16,20.0,705.0,14100.0,2024-02-06
2024020601032474,CKHL,26,38,10.0,508.0,5080.0,2024-02-06
2024020605016961,HRL,94,7,20.0,705.0,14100.0,2024-02-06
2024020605016960,HRL,94,35,30.0,705.0,21150.0,2024-02-06
2024020605016959,HRL,94,38,50.0,705.0,35250.0,2024-02-06
2024020605016958,HRL,94,21,10.0,705.0,7050.0,2024-02-06
2024020605016957,HRL,94,35,40.0,705.0,28200.0,2024-02-06
2024020605016956,HRL,94,42,50.0,705.0,35250.0,2024-02-06
2024020605016955,HRL,94,58,20.0,704.9,14098.0,2024-02-06
2024020605016954,HRL,94,49,10.0,704.9,7049.0,2024-02-06
2024020605016953,HRL,94,53,50.0,704.9,35245.0,2024-02-06
2024020605016952,HRL,94,35,10.0,704.3,7043.0,2024-02-06
2024020605016951,HRL,94,58,10.0,704.3,7043.0,2024-02-06
2024020605016950,HRL,94,16,30.0,704.3,21129.0,2024-02-06
2024020605016949,HRL,94,6,40.0,704.3,28172.0,2024-02-06
2024020605016948,HRL,94,26,80.0,704.3,56344.0,2024-02-06
2024020605016947,HRL,94,58,10.0,704.2,7042.0,2024-02-06
2024020605016946,HRL,33,52,100.0,704.1,70410.0,2024-02-06
2024020604009834,LEC,33,33,300.0,210.7,63210.0,2024-02-06
2024020601032473,PPL,54,53,150.0,357.1,53565.0,2024-02-06
2024020601032472,EBL,52,55,341.0,529.0,180389.0,2024-02-06
2024020604009833,KPCL,49,43,33.0,438.0,14454.0,2024-02-06
2024020604009832,KPCL,49,35,367.0,437.6,160599.2,2024-02-06
2024020603006286,KRBL,6,4,200.0,373.0,74600.0,2024-02-06
2024020604009831,AKJCL,32,59,50.0,228.0,11400.0,2024-02-06
2024020604009830,NGPL,19,5,110.0,340.0,37400.0,2024-02-06
2024020605016945,HIDCL,16,8,24.0,186.0,4464.0,2024-02-06
2024020605016944,HIDCL,45,8,76.0,186.0,14136.0,2024-02-06
2024020601032471,CLI,1,4,30.0,449.0,13470.0,2024-02-06
2024020601032470,GBIME,5,32,18.0,194.0,3492.0,2024-02-06
2024020601032469,GBIME,5,48,82.0,194.0,15908.0,2024-02-06
2024020603006285,JSLBB,38,54,10.0,850.0,8500.0,2024-02-06
2024020603006284,JSLBB,16,54,20.0,850.0,17000.0,2024-02-06
2024020603006283,JSLBB,42,54,20.0,850.0,17000.0,2024-02-06
2024020603006282,JSLBB,21,54,50.0,850.1,42505.0,2024-02-06
2024020605016943,STC,54,37,30.0,5250.0,157500.0,2024-02-06
2024020601032468,MEL,57,7,50.0,222.6,11130.0,2024-02-06
2024020604009829,MEN,62,21,40.0,642.0,25680.0,2024-02-06
2024020604009828,MEN,46,21,172.0,642.0,110424.0,2024-02-06
2024020601032467,SPC,45,64,500.0,616.5,308250.0,2024-02-06
2024020604009827,MHNL,44,49,100.0,270.0,27000.0,2024-02-06
2024020601032466,VLUCL,57,35,10.0,523.0,5230.0,2024-02-06
2024020601032465,TAMOR,59,87,190.0,396.0,75240.0,2024-02-06
2024020601032464,GVL,42,29,10.0,447.5,4475.0,2024-02-06
2024020604009826,AKJCL,32,57,10.0,228.0,2280.0,2024-02-06
2024020604009825,AKJCL,57,57,200.0,228.0,45600.0,2024-02-06
2024020604009824,AKJCL,49,57,230.0,229.0,52670.0,2024-02-06
2024020604009823,AKJCL,45,57,60.0,229.5,13770.0,2024-02-06
2024020604009822,SSHL,13,58,473.0,180.0,85140.0,2024-02-06
2024020604009821,SSHL,13,72,100.0,180.0,18000.0,2024-02-06
2024020605016942,GIBF1,17,49,100.0,8.55,855.0,2024-02-06
2024020605016941,HRL,33,39,10.0,704.1,7041.0,2024-02-06
2024020601032463,SIKLES,5,39,50.0,504.0,25200.0,2024-02-06
2024020603006281,BFC,1,45,20.0,329.0,6580.0,2024-02-06
2024020604009820,NICL,34,3,400.0,895.0,358000.0,2024-02-06
2024020604009819,AHPC,58,44,100.0,207.5,20750.0,2024-02-06
2024020604009818,SHPC,21,14,200.0,352.0,70400.0,2024-02-06
2024020603006280,ICFC,45,50,10.0,485.0,4850.0,2024-02-06
2024020601032462,PPL,54,69,30.0,357.1,10713.0,2024-02-06
2024020604009817,LEC,33,44,2481.0,210.7,522746.7,2024-02-06
2024020604009816,LEC,14,44,100.0,210.8,21080.0,2024-02-06
2024020604009815,LEC,35,44,730.0,210.9,153957.0,2024-02-06
2024020604009814,LEC,32,44,100.0,211.0,21100.0,2024-02-06
2024020604009813,LEC,21,44,120.0,211.0,25320.0,2024-02-06
2024020604009812,LEC,58,44,500.0,211.0,105500.0,2024-02-06
2024020604009811,LEC,32,44,500.0,211.0,105500.0,2024-02-06
2024020604009810,LEC,10,44,50.0,211.0,10550.0,2024-02-06
2024020604009809,LEC,16,44,200.0,211.0,42200.0,2024-02-06
2024020604009808,LEC,42,44,194.0,211.0,40934.0,2024-02-06
2024020604009807,LEC,57,44,25.0,211.7,5292.5,2024-02-06
2024020601032461,MMKJL,32,90,10.0,426.9,4269.0,2024-02-06
2024020605016940,HRL,33,38,10.0,704.1,7041.0,2024-02-06
2024020604009806,SPDL,81,13,513.0,277.0,142101.0,2024-02-06
2024020604009805,SPDL,21,13,14.0,277.0,3878.0,2024-02-06
2024020604009804,SPDL,38,13,85.0,277.0,23545.0,2024-02-06
2024020604009803,SPDL,67,13,638.0,277.0,176726.0,2024-02-06
2024020604009802,SPDL,26,13,500.0,277.3,138650.0,2024-02-06
2024020604009801,SPDL,67,13,1000.0,277.3,277300.0,2024-02-06
2024020604009800,SPDL,43,13,250.0,277.6,69400.0,2024-02-06
2024020605016939,NMB50,17,58,300.0,9.3,2790.0,2024-02-06
2024020604009799,NHPC,57,28,100.0,168.0,16800.0,2024-02-06
2024020604009798,NHPC,42,28,300.0,168.0,50400.0,2024-02-06
2024020604009797,NHPC,71,28,100.0,168.0,16800.0,2024-02-06
2024020605016938,HRL,33,17,10.0,704.1,7041.0,2024-02-06
2024020601032460,RFPL,8,22,50.0,309.6,15480.0,2024-02-06
2024020601032459,RFPL,8,22,20.0,309.5,6190.0,2024-02-06
2024020601032458,RFPL,8,38,20.0,308.0,6160.0,2024-02-06
2024020601032457,VLUCL,57,41,36.0,523.0,18828.0,2024-02-06
2024020601032456,VLUCL,59,41,114.0,523.0,59622.0,2024-02-06
2024020604009796,KPCL,77,35,500.0,437.6,218800.0,2024-02-06
2024020605016937,HRL,77,58,10.0,704.2,7042.0,2024-02-06
2024020603006279,GMFBS,52,42,14.0,860.0,12040.0,2024-02-06
2024020603006278,GMFBS,52,26,10.0,860.0,8600.0,2024-02-06
2024020603006277,GMFBS,52,51,14.0,860.0,12040.0,2024-02-06
2024020603006276,GMFBS,52,47,10.0,859.0,8590.0,2024-02-06
2024020604009795,PMHPL,88,88,350.0,257.0,89950.0,2024-02-06
2024020601032455,NIMB,54,53,10.0,170.0,1700.0,2024-02-06
2024020601032454,DOLTI,58,72,35.0,354.0,12390.0,2024-02-06
2024020601032453,MAKAR,25,7,403.0,434.0,174902.0,2024-02-06
2024020601032452,MAKAR,25,16,497.0,433.0,215201.0,2024-02-06
2024020604009794,CGH,41,45,50.0,905.0,45250.0,2024-02-06
2024020604009793,CGH,45,45,50.0,905.1,45255.0,2024-02-06
2024020604009792,HEI,45,43,93.0,593.0,55149.0,2024-02-06
2024020604009791,HEI,45,53,100.0,593.0,59300.0,2024-02-06
2024020604009790,HEI,45,25,320.0,592.9,189728.0,2024-02-06
2024020604009789,HEI,45,57,30.0,590.5,17715.0,2024-02-06
2024020604009788,HEI,45,34,100.0,590.0,59000.0,2024-02-06
2024020604009787,HEI,45,62,257.0,589.9,151604.3,2024-02-06
2024020604009786,HEI,45,62,100.0,589.9,58990.0,2024-02-06
2024020605016936,HRL,33,45,15.0,704.1,10561.5,2024-02-06
2024020601032451,HATHY,33,53,20.0,990.0,19800.0,2024-02-06
2024020604009785,AKJCL,49,6,50.0,229.0,11450.0,2024-02-06
2024020601032450,GBIME,42,48,18.0,194.0,3492.0,2024-02-06
2024020601032449,GBIME,42,14,500.0,194.0,97000.0,2024-02-06
2024020601032448,GBIME,42,45,108.0,194.0,20952.0,2024-02-06
2024020601032447,GBIME,42,34,1000.0,194.0,194000.0,2024-02-06
2024020601032446,GBIME,42,45,374.0,194.0,72556.0,2024-02-06
2024020601032445,MEL,74,38,10.0,222.6,2226.0,2024-02-06
2024020601032444,GVL,45,38,10.0,443.0,4430.0,2024-02-06
2024020601032443,MKCL,7,48,10.0,940.0,9400.0,2024-02-06
2024020601032442,MKCL,38,48,100.0,940.0,94000.0,2024-02-06
2024020601032441,MKCL,52,48,90.0,940.0,84600.0,2024-02-06
2024020601032440,MKCL,72,48,50.0,940.1,47005.0,2024-02-06
2024020601032439,MKCL,59,48,100.0,941.2,94120.0,2024-02-06
2024020601032438,MKCL,62,48,50.0,942.0,47100.0,2024-02-06
2024020601032437,MKCL,6,48,100.0,945.0,94500.0,2024-02-06
2024020601032436,MKCL,38,48,100.0,946.1,94610.0,2024-02-06
2024020601032435,MKCL,22,48,10.0,946.6,9466.0,2024-02-06
2024020601032434,MKCL,59,48,10.0,947.0,9470.0,2024-02-06
2024020601032433,MKCL,29,48,11.0,949.5,10444.5,2024-02-06
2024020605016935,HRL,33,1,30.0,704.1,21123.0,2024-02-06
2024020604009784,MEN,29,71,10.0,644.0,6440.0,2024-02-06
2024020601032432,DORDI,77,44,110.0,421.0,46310.0,2024-02-06
2024020601032431,DORDI,77,57,500.0,420.0,210000.0,2024-02-06
2024020601032430,DORDI,77,77,10.0,416.0,4160.0,2024-02-06
2024020601032429,DORDI,77,1,370.0,416.0,153920.0,2024-02-06
2024020601032428,DORDI,77,13,20.0,415.0,8300.0,2024-02-06
2024020601032427,DORDI,77,39,888.0,415.0,368520.0,2024-02-06
2024020601032426,PHCL,52,46,10.0,322.9,3229.0,2024-02-06
2024020601032425,BGWT,16,39,10.0,644.0,6440.0,2024-02-06
2024020601032424,PRVU,16,49,10.0,154.0,1540.0,2024-02-06
2024020601032423,MANDU,5,77,20.0,689.0,13780.0,2024-02-06
2024020601032422,MANDU,5,42,10.0,685.4,6854.0,2024-02-06
2024020601032421,MANDU,5,42,50.0,685.1,34255.0,2024-02-06
2024020601032420,ILI,72,38,259.0,538.0,139342.0,2024-02-06
2024020601032419,ILI,72,58,10.0,537.5,5375.0,2024-02-06
2024020603006275,SLBBL,37,21,14.0,642.1,8989.4,2024-02-06
2024020601032418,SGHC,58,58,30.0,305.0,9150.0,2024-02-06
2024020605016934,NTC,58,57,50.0,903.1,45155.0,2024-02-06
2024020601032417,CITY,42,45,10.0,649.0,6490.0,2024-02-06
2024020603006274,GFCL,59,47,44.0,442.0,19448.0,2024-02-06
2024020603006273,GFCL,59,59,100.0,442.0,44200.0,2024-02-06
2024020603006272,GFCL,59,13,20.0,441.5,8830.0,2024-02-06
2024020601032416,VLUCL,59,19,10.0,523.0,5230.0,2024-02-06
2024020604009783,RADHI,50,65,945.0,269.0,254205.0,2024-02-06
2024020604009782,RADHI,39,65,500.0,269.0,134500.0,2024-02-06
2024020604009781,RADHI,53,65,10.0,269.0,2690.0,2024-02-06
2024020604009780,RADHI,18,65,56.0,269.2,15075.2,2024-02-06
2024020604009779,RADHI,65,65,489.0,269.4,131736.6,2024-02-06
2024020604009778,SGIC,7,22,10.0,519.3,5193.0,2024-02-06
2024020604009777,GHL,22,64,958.0,184.0,176272.0,2024-02-06
2024020604009776,CHCL,50,13,10.0,490.0,4900.0,2024-02-06
2024020601032415,BGWT,53,39,10.0,644.9,6449.0,2024-02-06
2024020601032414,SRLI,29,3,40.0,459.9,18396.0,2024-02-06
2024020601032413,SMJC,14,21,48.0,361.0,17328.0,2024-02-06
2024020601032412,SMJC,88,21,280.0,361.0,101080.0,2024-02-06
2024020601032411,SMJC,6,21,172.0,362.0,62264.0,2024-02-06
2024020601032410,NIMB,36,53,50.0,170.0,8500.0,2024-02-06
2024020601032409,NIMB,1,53,200.0,170.0,34000.0,2024-02-06
2024020601032408,NIMB,55,53,120.0,170.0,20400.0,2024-02-06
2024020601032407,GVL,45,49,10.0,443.0,4430.0,2024-02-06
2024020605016933,NRN,35,49,10.0,594.0,5940.0,2024-02-06
2024020601032406,RHGCL,51,6,15.0,286.0,4290.0,2024-02-06
2024020604009775,NICL,34,59,50.0,895.0,44750.0,2024-02-06
2024020601032405,SPL,57,52,10.0,699.0,6990.0,2024-02-06
2024020601032404,SPL,57,7,10.0,698.9,6989.0,2024-02-06
2024020601032403,SPL,57,6,30.0,697.2,20916.0,2024-02-06
2024020601032402,SPL,57,58,10.0,696.0,6960.0,2024-02-06
2024020601032401,SPL,57,35,50.0,695.0,34750.0,2024-02-06
2024020601032400,SPL,57,59,10.0,695.0,6950.0,2024-02-06
2024020601032399,SPL,57,13,100.0,694.0,69400.0,2024-02-06
2024020601032398,SPL,57,21,10.0,693.0,6930.0,2024-02-06
2024020601032397,SPL,57,6,10.0,690.0,6900.0,2024-02-06
2024020601032396,SPL,57,21,10.0,690.0,6900.0,2024-02-06
2024020605016932,NIFRA,29,46,60.0,224.5,13470.0,2024-02-06
2024020601032395,HATHY,38,38,10.0,990.3,9903.0,2024-02-06
2024020603006271,VLBS,36,17,30.0,640.0,19200.0,2024-02-06
2024020601032394,CKHL,14,36,10.0,509.9,5099.0,2024-02-06
2024020603006270,SJLIC,41,41,50.0,517.0,25850.0,2024-02-06
2024020605016931,NRN,22,41,100.0,593.0,59300.0,2024-02-06
2024020601032393,PHCL,52,46,20.0,322.9,6458.0,2024-02-06
2024020601032392,SBI,36,26,10.0,292.7,2927.0,2024-02-06
2024020601032391,SBI,36,6,12.0,292.0,3504.0,2024-02-06
2024020601032390,SBI,36,17,14.0,292.0,4088.0,2024-02-06
2024020604009774,CGH,5,38,60.0,906.0,54360.0,2024-02-06
2024020601032389,HDL,58,44,10.0,1614.0,16140.0,2024-02-06
2024020604009773,UAIL,40,57,10.0,587.6,5876.0,2024-02-06
2024020601032388,HBL,65,42,1059.0,200.1,211905.9,2024-02-06
2024020601032387,HBL,26,42,941.0,200.2,188388.2,2024-02-06
2024020605016930,NRIC,42,34,200.0,818.0,163600.0,2024-02-06
2024020605016929,NRIC,42,7,10.0,818.0,8180.0,2024-02-06
2024020605016928,NRIC,42,58,60.0,818.0,49080.0,2024-02-06
2024020601032386,TAMOR,42,58,10.0,396.1,3961.0,2024-02-06
2024020603006269,KRBL,46,4,56.0,373.0,20888.0,2024-02-06
2024020603006268,LBBL,94,13,212.0,396.0,83952.0,2024-02-06
2024020601032385,SCB,51,38,30.0,535.1,16053.0,2024-02-06
2024020601032384,GCIL,17,88,90.0,512.0,46080.0,2024-02-06
2024020601032383,GCIL,17,58,10.0,512.0,5120.0,2024-02-06
2024020601032382,CITY,68,45,10.0,649.0,6490.0,2024-02-06
2024020601032381,USHEC,64,22,10.0,358.0,3580.0,2024-02-06
2024020603006267,NLIC,84,49,150.0,619.0,92850.0,2024-02-06
2024020603006266,NLIC,84,38,50.0,618.5,30925.0,2024-02-06
2024020601032380,SHIVM,62,36,200.0,505.0,101000.0,2024-02-06
2024020604009772,MEN,29,71,10.0,644.0,6440.0,2024-02-06
2024020601032379,KBL,38,7,100.0,150.0,15000.0,2024-02-06
2024020601032378,NICA,51,4,10.0,477.8,4778.0,2024-02-06
2024020601032377,USHL,58,35,10.0,514.9,5149.0,2024-02-06
2024020601032376,RHGCL,51,42,10.0,286.0,2860.0,2024-02-06
2024020601032375,HHL,35,57,10.0,323.0,3230.0,2024-02-06
2024020601032374,MCHL,32,21,10.0,328.0,3280.0,2024-02-06
2024020601032373,TPC,21,8,10.0,547.5,5475.0,2024-02-06
2024020601032372,BGWT,65,14,120.0,649.9,77988.0,2024-02-06
2024020601032371,BGWT,65,53,100.0,649.7,64970.0,2024-02-06
2024020601032370,BGWT,65,45,350.0,649.0,227150.0,2024-02-06
2024020601032369,BGWT,65,28,10.0,648.8,6488.0,2024-02-06
2024020601032368,BGWT,65,21,10.0,648.0,6480.0,2024-02-06
2024020601032367,BGWT,65,34,50.0,647.8,32390.0,2024-02-06
2024020601032366,BGWT,65,8,110.0,647.7,71247.0,2024-02-06
2024020601032365,BGWT,65,71,190.0,647.0,122930.0,2024-02-06
2024020601032364,BGWT,65,53,10.0,647.0,6470.0,2024-02-06
2024020601032363,BGWT,65,58,10.0,647.0,6470.0,2024-02-06
2024020601032362,BGWT,65,54,10.0,645.0,6450.0,2024-02-06
2024020601032361,BGWT,65,54,10.0,645.0,6450.0,2024-02-06
2024020601032360,BGWT,65,58,10.0,645.0,6450.0,2024-02-06
2024020601032359,BGWT,65,72,10.0,644.9,6449.0,2024-02-06
2024020603006265,MERO,45,39,32.0,557.1,17827.2,2024-02-06
2024020601032358,HATHY,33,39,100.0,990.0,99000.0,2024-02-06
2024020604009771,HDHPC,39,4,10.0,148.0,1480.0,2024-02-06
2024020601032357,HATHY,29,39,100.0,990.3,99030.0,2024-02-06
2024020604009770,HDHPC,39,17,50.0,148.0,7400.0,2024-02-06
2024020604009769,HDHPC,39,32,2679.0,148.0,396492.0,2024-02-06
2024020604009768,SALICO,1,50,150.0,680.0,102000.0,2024-02-06
2024020601032356,DOLTI,56,72,50.0,354.0,17700.0,2024-02-06
2024020601032355,DOLTI,39,72,50.0,354.0,17700.0,2024-02-06
2024020601032354,DOLTI,56,72,10.0,354.0,3540.0,2024-02-06
2024020601032353,DOLTI,6,72,34.0,354.0,12036.0,2024-02-06
2024020601032352,IHL,45,7,50.0,329.5,16475.0,2024-02-06
2024020603006264,HLI,38,6,50.0,408.1,20405.0,2024-02-06
2024020603006263,JBBL,44,42,500.0,300.7,150350.0,2024-02-06
2024020603006262,ICFC,34,42,200.0,484.0,96800.0,2024-02-06
2024020603006261,KSBBL,32,74,10.0,351.0,3510.0,2024-02-06
2024020601032351,NICA,58,17,48.0,477.0,22896.0,2024-02-06
2024020601032350,NICA,38,17,48.0,477.0,22896.0,2024-02-06
2024020601032349,NICA,57,17,17.0,477.0,8109.0,2024-02-06
2024020604009767,RIDI,57,38,63.0,220.0,13860.0,2024-02-06
2024020604009766,RIDI,42,38,16.0,220.0,3520.0,2024-02-06
2024020603006260,SADBL,48,33,10.0,307.0,3070.0,2024-02-06
2024020603006259,NUBL,49,65,119.0,652.0,77588.0,2024-02-06
2024020604009765,RURU,56,4,12.0,720.0,8640.0,2024-02-06
2024020604009764,NLG,22,32,25.0,829.9,20747.5,2024-02-06
2024020601032348,ULHC,74,46,10.0,309.4,3094.0,2024-02-06
2024020601032347,ULHC,74,35,10.0,309.0,3090.0,2024-02-06
2024020603006258,MLBL,34,5,50.0,338.0,16900.0,2024-02-06
2024020601032346,GVL,66,46,10.0,447.5,4475.0,2024-02-06
2024020601032345,GVL,66,63,189.0,447.5,84577.5,2024-02-06
2024020603006257,BFC,59,33,10.0,326.1,3261.0,2024-02-06
2024020601032344,NABIL,14,45,14.0,475.0,6650.0,2024-02-06
2024020601032343,NABIL,48,45,100.0,475.0,47500.0,2024-02-06
2024020601032342,NABIL,49,45,40.0,475.0,19000.0,2024-02-06
2024020601032341,NABIL,57,45,30.0,475.0,14250.0,2024-02-06
2024020601032340,NABIL,58,45,353.0,475.0,167675.0,2024-02-06
2024020601032339,NABIL,34,45,20.0,475.0,9500.0,2024-02-06
2024020601032338,NABIL,26,45,40.0,475.0,19000.0,2024-02-06
2024020601032337,NABIL,22,45,10.0,475.0,4750.0,2024-02-06
2024020601032336,NABIL,19,45,50.0,475.0,23750.0,2024-02-06
2024020601032335,NABIL,4,45,105.0,475.0,49875.0,2024-02-06
2024020601032334,NABIL,48,45,25.0,475.0,11875.0,2024-02-06
2024020601032333,NABIL,59,45,50.0,475.0,23750.0,2024-02-06
2024020601032332,NABIL,6,45,40.0,475.0,19000.0,2024-02-06
2024020601032331,NABIL,35,45,120.0,475.0,57000.0,2024-02-06
2024020601032330,NABIL,46,45,10.0,475.1,4751.0,2024-02-06
2024020601032329,NABIL,17,45,10.0,475.1,4751.0,2024-02-06
2024020601032328,NABIL,29,45,1000.0,475.1,475100.0,2024-02-06
2024020601032327,NABIL,32,45,211.0,475.1,100246.1,2024-02-06
2024020601032326,NABIL,17,45,150.0,475.1,71265.0,2024-02-06
2024020601032325,NABIL,43,45,50.0,475.1,23755.0,2024-02-06
2024020601032324,NABIL,6,45,39.0,475.1,18528.9,2024-02-06
2024020601032323,NABIL,57,45,200.0,475.2,95040.0,2024-02-06
2024020601032322,NABIL,39,45,50.0,475.2,23760.0,2024-02-06
2024020601032321,NABIL,35,45,50.0,475.2,23760.0,2024-02-06
2024020601032320,NABIL,36,45,10.0,475.3,4753.0,2024-02-06
2024020601032319,NABIL,59,45,10.0,475.3,4753.0,2024-02-06
2024020601032318,NABIL,50,45,10.0,475.5,4755.0,2024-02-06
2024020601032317,NABIL,22,45,50.0,475.5,23775.0,2024-02-06
2024020601032316,NABIL,50,45,20.0,475.5,9510.0,2024-02-06
2024020601032315,NABIL,58,45,100.0,475.5,47550.0,2024-02-06
2024020601032314,NABIL,52,45,10.0,475.5,4755.0,2024-02-06
2024020601032313,NABIL,57,45,75.0,475.5,35662.5,2024-02-06
2024020601032312,NABIL,55,45,20.0,475.5,9510.0,2024-02-06
2024020601032311,NABIL,45,45,105.0,475.5,49927.5,2024-02-06
2024020601032310,NABIL,42,45,105.0,475.5,49927.5,2024-02-06
2024020601032309,NABIL,25,45,30.0,475.6,14268.0,2024-02-06
2024020601032308,NABIL,42,45,20.0,475.6,9512.0,2024-02-06
2024020601032307,NABIL,17,45,30.0,475.6,14268.0,2024-02-06
2024020601032306,NABIL,17,45,30.0,475.8,14274.0,2024-02-06
2024020601032305,NABIL,1,45,100.0,475.8,47580.0,2024-02-06
2024020601032304,NABIL,45,45,100.0,475.8,47580.0,2024-02-06
2024020601032303,NABIL,52,45,20.0,475.9,9518.0,2024-02-06
2024020601032302,NABIL,42,45,88.0,475.9,41879.2,2024-02-06
2024020605016927,NRIC,16,49,25.0,817.0,20425.0,2024-02-06
2024020605016926,NTC,49,45,100.0,900.0,90000.0,2024-02-06
2024020601032301,TVCL,32,39,100.0,550.0,55000.0,2024-02-06
2024020601032300,SANIMA,60,66,1101.0,245.7,270515.7,2024-02-06
2024020601032299,SANIMA,60,6,1000.0,245.6,245600.0,2024-02-06
2024020601032298,SANIMA,60,32,10.0,245.6,2456.0,2024-02-06
2024020601032297,SANIMA,60,41,500.0,245.5,122750.0,2024-02-06
2024020604009763,CHL,44,41,24.0,294.0,7056.0,2024-02-06
2024020601032296,DORDI,77,39,50.0,415.0,20750.0,2024-02-06
2024020604009762,NICL,34,70,400.0,895.0,358000.0,2024-02-06
2024020604009761,NICL,34,59,40.0,895.0,35800.0,2024-02-06
2024020604009760,NICL,34,4,12.0,895.0,10740.0,2024-02-06
2024020603006256,NMFBS,34,41,10.0,1125.0,11250.0,2024-02-06
2024020604009759,NGPL,72,5,200.0,340.0,68000.0,2024-02-06
2024020601032295,MANDU,14,29,10.0,680.3,6803.0,2024-02-06
2024020604009758,GHL,21,64,12.0,184.0,2208.0,2024-02-06
2024020605016925,HRL,33,21,20.0,704.1,14082.0,2024-02-06
2024020601032294,GBIME,55,45,280.0,194.0,54320.0,2024-02-06
2024020601032293,NABIL,47,33,100.0,476.0,47600.0,2024-02-06
2024020604009757,UNHPL,58,59,47.0,246.0,11562.0,2024-02-06
2024020604009756,UNHPL,58,5,20.0,245.0,4900.0,2024-02-06
2024020604009755,UNHPL,58,47,200.0,244.9,48980.0,2024-02-06
2024020604009754,UNHPL,58,38,995.0,244.9,243675.5,2024-02-06
2024020604009753,UNHPL,58,49,10.0,244.8,2448.0,2024-02-06
2024020604009752,UNHPL,58,57,1000.0,244.8,244800.0,2024-02-06
2024020604009751,UNHPL,58,49,1538.0,244.8,376502.4,2024-02-06
2024020604009750,UNHPL,58,48,100.0,244.8,24480.0,2024-02-06
2024020604009749,UNHPL,58,57,1000.0,244.5,244500.0,2024-02-06
2024020604009748,UNHPL,58,57,100.0,244.4,24440.0,2024-02-06
2024020604009747,UNHPL,58,88,200.0,244.2,48840.0,2024-02-06
2024020604009746,UNHPL,58,49,220.0,244.0,53680.0,2024-02-06
2024020604009745,UNHPL,58,72,100.0,244.0,24400.0,2024-02-06
2024020604009744,UNHPL,58,59,100.0,244.0,24400.0,2024-02-06
2024020604009743,UNHPL,58,50,200.0,244.0,48800.0,2024-02-06
2024020604009742,UNHPL,58,70,1000.0,244.0,244000.0,2024-02-06
2024020604009741,UNHPL,58,26,50.0,244.0,12200.0,2024-02-06
2024020604009740,UNHPL,58,6,20.0,244.0,4880.0,2024-02-06
2024020604009739,UNHPL,58,88,100.0,244.0,24400.0,2024-02-06
2024020601032292,SGHC,52,58,50.0,305.0,15250.0,2024-02-06
2024020601032291,SGHC,39,58,10.0,305.0,3050.0,2024-02-06
2024020601032290,AHL,49,57,10.0,423.0,4230.0,2024-02-06
2024020601032289,AHL,49,42,10.0,420.0,4200.0,2024-02-06
2024020604009738,CGH,43,38,20.0,906.0,18120.0,2024-02-06
2024020603006255,GBLBS,62,38,15.0,561.0,8415.0,2024-02-06
2024020601032288,IHL,72,38,597.0,329.1,196472.7,2024-02-06
2024020601032287,PPL,45,4,30.0,357.0,10710.0,2024-02-06
2024020601032286,USHL,38,46,87.0,510.0,44370.0,2024-02-06
2024020605016924,NIFRA,22,49,66.0,225.0,14850.0,2024-02-06
2024020605016923,NIFRA,22,58,64.0,224.9,14393.6,2024-02-06
2024020605016922,NIFRA,22,14,100.0,224.9,22490.0,2024-02-06
2024020603006254,SKBBL,21,4,30.0,845.0,25350.0,2024-02-06
2024020605016921,HRL,33,44,179.0,704.1,126033.9,2024-02-06
2024020603006253,SHINE,58,4,58.0,388.0,22504.0,2024-02-06
2024020603006252,SHINE,58,7,125.0,387.5,48437.5,2024-02-06
2024020603006251,SHINE,58,25,19.0,386.9,7351.1,2024-02-06
2024020601032285,SONA,19,6,100.0,473.0,47300.0,2024-02-06
2024020603006250,NFS,59,39,400.0,339.8,135920.0,2024-02-06
2024020603006249,NFS,59,58,50.0,339.8,16990.0,2024-02-06
2024020603006248,NFS,59,35,100.0,339.7,33970.0,2024-02-06
2024020603006247,RLFL,35,57,100.0,366.0,36600.0,2024-02-06
2024020603006246,RLFL,17,57,290.0,366.0,106140.0,2024-02-06
2024020601032284,NYADI,64,52,10.0,278.8,2788.0,2024-02-06
2024020601032283,NYADI,64,52,10.0,278.6,2786.0,2024-02-06
2024020601032282,NYADI,64,36,10.0,278.6,2786.0,2024-02-06
2024020601032281,NYADI,64,51,10.0,278.5,2785.0,2024-02-06
2024020601032280,NYADI,64,55,10.0,278.0,2780.0,2024-02-06
2024020601032279,NYADI,64,48,10.0,278.0,2780.0,2024-02-06
2024020601032278,NYADI,64,19,10.0,278.0,2780.0,2024-02-06
2024020601032277,NYADI,64,45,10.0,278.0,2780.0,2024-02-06
2024020601032276,NYADI,64,49,10.0,277.0,2770.0,2024-02-06
2024020601032275,NYADI,64,32,10.0,277.0,2770.0,2024-02-06
2024020603006245,MFIL,13,3,30.0,515.0,15450.0,2024-02-06
2024020601032274,RNLI,51,46,94.0,450.5,42347.0,2024-02-06
2024020601032273,RNLI,41,46,10.0,450.5,4505.0,2024-02-06
2024020601032272,RNLI,50,46,10.0,450.6,4506.0,2024-02-06
2024020601032271,RNLI,42,46,46.0,450.6,20727.6,2024-02-06
2024020601032270,RNLI,34,46,90.0,450.7,40563.0,2024-02-06
2024020601032269,NBL,45,28,100.0,229.1,22910.0,2024-02-06
2024020601032268,NBL,16,28,20.0,229.1,4582.0,2024-02-06
2024020601032267,NBL,26,28,600.0,229.1,137460.0,2024-02-06
2024020605016920,HIDCL,45,8,24.0,186.0,4464.0,2024-02-06
2024020605016919,HIDCL,38,8,90.0,186.1,16749.0,2024-02-06
2024020601032266,MKHL,38,22,52.0,354.5,18434.0,2024-02-06
2024020603006244,PMLI,43,48,10.0,524.0,5240.0,2024-02-06
2024020603006243,MNBBL,14,48,10.0,370.0,3700.0,2024-02-06
2024020601032265,PHCL,41,58,10.0,321.0,3210.0,2024-02-06
2024020604009737,RURU,34,34,10.0,722.9,7229.0,2024-02-06
2024020604009736,MEN,29,71,10.0,644.0,6440.0,2024-02-06
2024020601032264,TAMOR,59,83,10.0,396.0,3960.0,2024-02-06
2024020601032263,TAMOR,38,83,90.0,396.1,35649.0,2024-02-06
2024020605016918,NRIC,16,6,51.0,817.0,41667.0,2024-02-06
2024020605016917,HRL,33,58,10.0,704.1,7041.0,2024-02-06
2024020601032262,MCHL,35,21,10.0,328.0,3280.0,2024-02-06
2024020604009735,AKJCL,6,59,190.0,229.7,43643.0,2024-02-06
2024020604009734,CGH,41,45,100.0,905.0,90500.0,2024-02-06
2024020604009733,PPCL,59,57,250.0,257.0,64250.0,2024-02-06
2024020604009732,SHEL,38,43,500.0,248.0,124000.0,2024-02-06
2024020601032261,SONA,82,49,10.0,474.0,4740.0,2024-02-06
2024020601032260,SONA,82,45,100.0,474.0,47400.0,2024-02-06
2024020601032259,SONA,82,44,30.0,474.0,14220.0,2024-02-06
2024020601032258,SONA,82,65,500.0,474.0,237000.0,2024-02-06
2024020601032257,SONA,82,47,56.0,474.0,26544.0,2024-02-06
2024020604009731,AKPL,48,47,200.0,196.7,39340.0,2024-02-06
2024020601032256,NWCL,44,52,10.0,771.1,7711.0,2024-02-06
2024020601032255,NESDO,36,26,10.0,1691.0,16910.0,2024-02-06
2024020601032254,NESDO,36,42,10.0,1690.0,16900.0,2024-02-06
2024020604009730,LEC,42,56,206.0,211.0,43466.0,2024-02-06
2024020604009729,LEC,34,56,10.0,211.0,2110.0,2024-02-06
2024020604009728,LEC,19,56,40.0,211.0,8440.0,2024-02-06
2024020604009727,LEC,34,56,206.0,211.1,43486.6,2024-02-06
2024020604009726,LEC,42,56,38.0,211.2,8025.6,2024-02-06
2024020601032253,UNLB,44,49,42.0,1225.0,51450.0,2024-02-06
2024020604009725,AKPL,44,47,200.0,196.7,39340.0,2024-02-06
2024020601032252,ILI,59,42,240.0,537.0,128880.0,2024-02-06
2024020601032251,ILI,57,42,100.0,537.0,53700.0,2024-02-06
2024020601032250,ILI,41,42,20.0,537.0,10740.0,2024-02-06
2024020601032249,ILI,43,42,90.0,537.0,48330.0,2024-02-06
2024020601032248,ILI,34,42,20.0,537.0,10740.0,2024-02-06
2024020601032247,ILI,19,42,50.0,537.0,26850.0,2024-02-06
2024020601032246,ILI,42,42,10.0,537.0,5370.0,2024-02-06
2024020601032245,ILI,14,42,100.0,537.1,53710.0,2024-02-06
2024020601032244,ILI,19,42,10.0,537.3,5373.0,2024-02-06
2024020601032243,ILI,67,42,10.0,537.3,5373.0,2024-02-06
2024020601032242,ILI,49,42,150.0,537.3,80595.0,2024-02-06
2024020605016916,HIDCL,38,42,10.0,186.1,1861.0,2024-02-06
2024020603006242,PFL,43,13,30.0,367.3,11019.0,2024-02-06
2024020601032241,HIDCLP,17,54,10.0,102.5,1025.0,2024-02-06
2024020601032240,CLI,49,4,30.0,449.0,13470.0,2024-02-06
2024020601032239,CLI,36,4,250.0,449.0,112250.0,2024-02-06
2024020601032238,CLI,49,4,50.0,449.0,22450.0,2024-02-06
2024020601032237,CLI,19,4,10.0,449.0,4490.0,2024-02-06
2024020601032236,CLI,48,4,50.0,449.0,22450.0,2024-02-06
2024020601032235,CLI,19,4,30.0,449.0,13470.0,2024-02-06
2024020601032234,CLI,41,4,20.0,449.0,8980.0,2024-02-06
2024020601032233,CLI,42,4,40.0,449.0,17960.0,2024-02-06
2024020601032232,CLI,58,4,30.0,449.5,13485.0,2024-02-06
2024020601032231,CLI,42,4,21.0,449.5,9439.5,2024-02-06
2024020605016915,KEF,4,19,100.0,8.38,838.0,2024-02-06
2024020605016914,HRL,33,36,30.0,704.1,21123.0,2024-02-06
2024020601032230,NABIL,58,33,10.0,476.0,4760.0,2024-02-06
2024020601032229,NABIL,56,33,90.0,476.0,42840.0,2024-02-06
2024020604009724,KPCL,49,35,133.0,437.6,58200.8,2024-02-06
2024020604009723,KPCL,49,4,100.0,436.5,43650.0,2024-02-06
2024020604009722,KPCL,49,58,13.0,436.0,5668.0,2024-02-06
2024020604009721,KPCL,49,35,200.0,435.0,87000.0,2024-02-06
2024020604009720,KPCL,49,35,500.0,435.0,217500.0,2024-02-06
2024020604009719,KPCL,49,60,11.0,435.0,4785.0,2024-02-06
2024020604009718,KPCL,49,36,13.0,435.0,5655.0,2024-02-06
2024020604009717,KPCL,49,17,869.0,435.0,378015.0,2024-02-06
2024020604009716,KPCL,49,54,115.0,434.9,50013.5,2024-02-06
2024020604009715,KPCL,49,54,46.0,434.0,19964.0,2024-02-06
2024020604009714,API,45,18,100.0,203.0,20300.0,2024-02-06
2024020604009713,API,45,42,401.0,203.0,81403.0,2024-02-06
2024020601032228,RNLI,34,58,10.0,450.7,4507.0,2024-02-06
2024020603006241,SHINE,74,4,20.0,385.7,7714.0,2024-02-06
2024020605016913,NTC,49,22,127.0,900.0,114300.0,2024-02-06
2024020605016912,NTC,40,22,400.0,900.0,360000.0,2024-02-06
2024020605016911,NTC,49,22,154.0,900.0,138600.0,2024-02-06
2024020605016910,NTC,49,22,775.0,900.0,697500.0,2024-02-06
2024020605016909,NTC,6,22,50.0,900.0,45000.0,2024-02-06
2024020605016908,NTC,62,22,10.0,900.0,9000.0,2024-02-06
2024020605016907,NTC,74,22,10.0,900.0,9000.0,2024-02-06
2024020605016906,NTC,49,22,100.0,900.0,90000.0,2024-02-06
2024020605016905,NTC,36,22,50.0,900.0,45000.0,2024-02-06
2024020605016904,NTC,55,22,100.0,900.0,90000.0,2024-02-06
2024020605016903,NTC,22,22,300.0,901.0,270300.0,2024-02-06
2024020605016902,NTC,6,22,50.0,901.0,45050.0,2024-02-06
2024020605016901,NTC,45,22,10.0,901.0,9010.0,2024-02-06
2024020605016900,NTC,14,22,20.0,901.0,18020.0,2024-02-06
2024020605016899,NTC,63,22,100.0,901.1,90110.0,2024-02-06
2024020605016898,NTC,42,22,40.0,901.6,36064.0,2024-02-06
2024020605016897,NTC,45,22,40.0,901.7,36068.0,2024-02-06
2024020605016896,NTC,21,22,10.0,902.0,9020.0,2024-02-06
2024020605016895,NTC,43,22,50.0,902.0,45100.0,2024-02-06
2024020605016894,NTC,54,22,238.0,902.3,214747.4,2024-02-06
2024020605016893,NTC,58,22,450.0,902.4,406080.0,2024-02-06
2024020605016892,NTC,58,22,250.0,902.4,225600.0,2024-02-06
2024020605016891,NTC,58,22,300.0,902.4,270720.0,2024-02-06
2024020605016890,NTC,32,22,69.0,903.0,62307.0,2024-02-06
2024020605016889,NTC,42,22,15.0,903.0,13545.0,2024-02-06
2024020605016888,NTC,39,22,10.0,903.0,9030.0,2024-02-06
2024020605016887,NTC,28,22,1000.0,903.0,903000.0,2024-02-06
2024020605016886,NTC,38,22,50.0,903.0,45150.0,2024-02-06
2024020605016885,NTC,17,22,57.0,903.0,51471.0,2024-02-06
2024020605016884,NTC,22,22,100.0,903.1,90310.0,2024-02-06
2024020605016883,NTC,34,22,25.0,903.1,22577.5,2024-02-06
2024020605016882,NTC,32,22,100.0,903.2,90320.0,2024-02-06
2024020605016881,HRL,38,26,20.0,704.3,14086.0,2024-02-06
2024020603006240,USLB,55,36,10.0,936.0,9360.0,2024-02-06
2024020601032227,MEHL,52,1,100.0,290.0,29000.0,2024-02-06
2024020601032226,MKHC,35,55,160.0,270.3,43248.0,2024-02-06
2024020601032225,MKHC,54,55,200.0,270.5,54100.0,2024-02-06
2024020601032224,MKHC,13,55,10.0,270.6,2706.0,2024-02-06
2024020601032223,MKHC,13,55,10.0,270.7,2707.0,2024-02-06
2024020601032222,MKHC,13,55,10.0,270.8,2708.0,2024-02-06
2024020601032221,MKHC,13,55,10.0,270.9,2709.0,2024-02-06
2024020601032220,MKHC,55,55,50.0,271.0,13550.0,2024-02-06
2024020601032219,MKHC,35,55,190.0,271.0,51490.0,2024-02-06
2024020601032218,MKHC,16,55,20.0,271.0,5420.0,2024-02-06
2024020601032217,MKHC,42,55,10.0,271.0,2710.0,2024-02-06
2024020601032216,MKHC,55,55,135.0,271.0,36585.0,2024-02-06
2024020601032215,MKHC,13,55,10.0,271.2,2712.0,2024-02-06
2024020601032214,MKHC,35,55,100.0,271.2,27120.0,2024-02-06
2024020601032213,MKHC,13,55,10.0,271.3,2713.0,2024-02-06
2024020601032212,MKHC,35,55,10.0,272.9,2729.0,2024-02-06
2024020601032211,MKHC,21,55,65.0,273.0,17745.0,2024-02-06
2024020604009712,SSHL,86,72,1000.0,180.0,180000.0,2024-02-06
2024020605016880,BBC,10,35,10.0,3688.0,36880.0,2024-02-06
2024020603006239,MFIL,45,3,30.0,515.0,15450.0,2024-02-06
2024020603006238,MFIL,45,70,20.0,515.0,10300.0,2024-02-06
2024020603006237,MFIL,45,45,50.0,514.9,25745.0,2024-02-06
2024020603006236,MMFDB,42,52,10.0,575.0,5750.0,2024-02-06
2024020604009711,GHL,58,64,79.0,184.0,14536.0,2024-02-06
2024020604009710,GHL,42,64,11.0,184.0,2024.0,2024-02-06
2024020604009709,AKPL,45,13,100.0,196.2,19620.0,2024-02-06
2024020604009708,AKPL,21,13,400.0,196.5,78600.0,2024-02-06
2024020605016879,HRL,38,43,20.0,704.3,14086.0,2024-02-06
2024020604009707,UMHL,43,50,100.0,284.0,28400.0,2024-02-06
2024020601032210,NRM,38,56,20.0,391.9,7838.0,2024-02-06
2024020604009706,DHPL,38,10,70.0,212.0,14840.0,2024-02-06
2024020601032209,ILI,57,22,10.0,537.5,5375.0,2024-02-06
2024020605016878,HRL,38,52,30.0,704.3,21129.0,2024-02-06
2024020601032208,SHIVM,42,18,100.0,504.5,50450.0,2024-02-06
2024020601032207,MHL,32,21,10.0,427.3,4273.0,2024-02-06
2024020604009705,NHPC,71,28,2000.0,168.0,336000.0,2024-02-06
2024020604009704,AKJCL,49,17,200.0,229.0,45800.0,2024-02-06
2024020601032206,HATHY,49,19,50.0,992.0,49600.0,2024-02-06
2024020603006235,VLBS,36,38,20.0,640.0,12800.0,2024-02-06
2024020604009703,UPCL,36,32,10.0,235.0,2350.0,2024-02-06
2024020601032205,SIKLES,5,67,20.0,504.0,10080.0,2024-02-06
2024020604009702,RADHI,67,34,600.0,271.0,162600.0,2024-02-06
2024020604009701,RADHI,67,50,500.0,271.0,135500.0,2024-02-06
2024020604009700,RADHI,67,16,200.0,270.9,54180.0,2024-02-06
2024020604009699,RADHI,67,17,200.0,270.0,54000.0,2024-02-06
2024020601032204,TVCL,56,39,50.0,550.0,27500.0,2024-02-06
2024020605016877,HRL,38,44,10.0,704.3,7043.0,2024-02-06
2024020601032203,NABIL,56,42,200.0,476.0,95200.0,2024-02-06
2024020604009698,AKPL,21,57,100.0,196.5,19650.0,2024-02-06
2024020601032202,PPL,45,58,50.0,357.0,17850.0,2024-02-06
2024020601032201,SHIVM,42,8,100.0,504.5,50450.0,2024-02-06
2024020601032200,SHIVM,4,36,82.0,505.0,41410.0,2024-02-06
2024020601032199,SHIVM,4,34,618.0,505.0,312090.0,2024-02-06
2024020603006234,PROFL,5,54,80.0,318.0,25440.0,2024-02-06
2024020603006233,PROFL,47,54,20.0,318.9,6378.0,2024-02-06
2024020603006232,ALICL,44,62,212.0,690.0,146280.0,2024-02-06
2024020603006231,ALICL,44,49,12.0,689.0,8268.0,2024-02-06
2024020603006230,ALICL,44,22,200.0,688.4,137680.0,2024-02-06
2024020603006229,ALICL,44,65,76.0,688.0,52288.0,2024-02-06
2024020601032198,MBL,6,29,50.0,184.8,9240.0,2024-02-06
2024020605016876,NRIC,16,49,1000.0,817.0,817000.0,2024-02-06
2024020601032197,BGWT,65,49,10.0,640.0,6400.0,2024-02-06
2024020601032196,MHCL,62,51,10.0,507.2,5072.0,2024-02-06
2024020605016875,MMF1,48,42,100.0,7.26,726.0,2024-02-06
2024020601032195,ULHC,58,42,10.0,307.0,3070.0,2024-02-06
2024020604009697,HEI,45,72,16.0,589.6,9433.6,2024-02-06
2024020604009696,HEI,45,6,28.0,589.0,16492.0,2024-02-06
2024020604009695,HEI,45,13,334.0,589.0,196726.0,2024-02-06
2024020604009694,HEI,45,1,51.0,589.0,30039.0,2024-02-06
2024020604009693,HEI,45,47,200.0,589.0,117800.0,2024-02-06
2024020604009692,HEI,45,25,510.0,587.0,299370.0,2024-02-06
2024020604009691,HEI,45,43,500.0,587.0,293500.0,2024-02-06
2024020604009690,HEI,45,22,10.0,587.0,5870.0,2024-02-06
2024020604009689,HEI,45,52,10.0,587.0,5870.0,2024-02-06
2024020604009688,HEI,45,25,45.0,586.9,26410.5,2024-02-06
2024020604009687,HEI,45,52,290.0,586.9,170201.0,2024-02-06
2024020604009686,GLH,50,57,250.0,250.0,62500.0,2024-02-06
2024020603006228,FMDBL,37,38,116.0,618.2,71711.2,2024-02-06
2024020603006227,FMDBL,43,38,10.0,618.2,6182.0,2024-02-06
2024020603006226,FMDBL,58,38,50.0,618.2,30910.0,2024-02-06
2024020603006225,SADBL,41,4,217.0,306.4,66488.8,2024-02-06
2024020604009685,UMHL,64,50,25.0,284.2,7105.0,2024-02-06
2024020601032194,HDL,39,45,27.0,1615.0,43605.0,2024-02-06
2024020601032193,HDL,39,49,15.0,1615.0,24225.0,2024-02-06
2024020601032192,HDL,39,41,30.0,1615.0,48450.0,2024-02-06
2024020601032191,HDL,39,14,28.0,1614.5,45206.0,2024-02-06
2024020601032190,DORDI,77,39,62.0,415.0,25730.0,2024-02-06
2024020601032189,DORDI,77,77,10.0,408.0,4080.0,2024-02-06
2024020601032188,DORDI,77,39,879.0,408.0,358632.0,2024-02-06
2024020601032187,DORDI,77,57,10.0,407.0,4070.0,2024-02-06
2024020601032186,DORDI,77,33,410.0,406.0,166460.0,2024-02-06
2024020601032185,DORDI,77,59,300.0,401.8,120540.0,2024-02-06
2024020601032184,DORDI,77,48,60.0,401.8,24108.0,2024-02-06
2024020601032183,DORDI,77,77,100.0,401.8,40180.0,2024-02-06
2024020601032182,DORDI,77,6,10.0,401.0,4010.0,2024-02-06
2024020601032181,DORDI,77,25,10.0,400.8,4008.0,2024-02-06
2024020601032180,DORDI,77,57,10.0,400.8,4008.0,2024-02-06
2024020601032179,DORDI,77,57,10.0,400.8,4008.0,2024-02-06
2024020601032178,DORDI,77,54,250.0,400.8,100200.0,2024-02-06
2024020601032177,DORDI,77,6,1000.0,400.8,400800.0,2024-02-06
2024020601032176,DORDI,77,43,10.0,400.0,4000.0,2024-02-06
2024020601032175,DORDI,77,45,20.0,400.0,8000.0,2024-02-06
2024020601032174,DORDI,77,26,10.0,400.0,4000.0,2024-02-06
2024020601032173,DORDI,77,45,10.0,400.0,4000.0,2024-02-06
2024020601032172,DORDI,77,55,10.0,400.0,4000.0,2024-02-06
2024020601032171,DORDI,77,14,500.0,400.0,200000.0,2024-02-06
2024020601032170,DORDI,77,7,10.0,400.0,4000.0,2024-02-06
2024020601032169,DORDI,77,16,10.0,400.0,4000.0,2024-02-06
2024020601032168,DORDI,77,19,210.0,400.0,84000.0,2024-02-06
2024020601032167,DORDI,77,53,10.0,400.0,4000.0,2024-02-06
2024020601032166,DORDI,77,38,10.0,400.0,4000.0,2024-02-06
2024020601032165,DORDI,77,51,500.0,400.0,200000.0,2024-02-06
2024020601032164,DORDI,77,55,10.0,400.0,4000.0,2024-02-06
2024020601032163,DORDI,77,4,10.0,400.0,4000.0,2024-02-06
2024020601032162,DORDI,77,46,10.0,400.0,4000.0,2024-02-06
2024020601032161,DORDI,77,34,10.0,400.0,4000.0,2024-02-06
2024020601032160,DORDI,77,47,10.0,399.9,3999.0,2024-02-06
2024020601032159,DORDI,77,44,10.0,399.9,3999.0,2024-02-06
2024020601032158,DORDI,77,17,125.0,399.9,49987.5,2024-02-06
2024020601032157,DORDI,77,66,200.0,399.9,79980.0,2024-02-06
2024020601032156,DORDI,77,53,90.0,399.8,35982.0,2024-02-06
2024020601032155,DORDI,77,44,10.0,399.0,3990.0,2024-02-06
2024020601032154,DORDI,77,22,10.0,399.0,3990.0,2024-02-06
2024020601032153,DORDI,77,52,10.0,399.0,3990.0,2024-02-06
2024020601032152,DORDI,77,54,10.0,398.8,3988.0,2024-02-06
2024020601032151,DORDI,77,32,24.0,398.8,9571.2,2024-02-06
2024020601032150,DORDI,77,58,3064.0,398.8,1221923.2,2024-02-06
2024020601032149,DORDI,77,48,10.0,394.3,3943.0,2024-02-06
2024020601032148,DORDI,77,58,16.0,394.0,6304.0,2024-02-06
2024020604009684,UPPER,58,52,150.0,208.1,31215.0,2024-02-06
2024020604009683,UPPER,58,52,96.0,208.1,19977.6,2024-02-06
2024020604009682,UPPER,57,52,150.0,208.2,31230.0,2024-02-06
2024020604009681,UPPER,35,52,18.0,208.7,3756.6,2024-02-06
2024020601032147,UHEWA,39,34,10.0,336.0,3360.0,2024-02-06
2024020605016874,NTC,21,53,10.0,904.0,9040.0,2024-02-06
2024020604009680,MHNL,6,39,280.0,268.0,75040.0,2024-02-06
2024020605016873,GIBF1,29,49,200.0,8.43,1686.0,2024-02-06
2024020605016872,GIBF1,45,49,200.0,8.44,1688.0,2024-02-06
2024020605016871,GIBF1,45,49,100.0,8.44,844.0,2024-02-06
2024020601032146,RNLI,42,16,130.0,451.0,58630.0,2024-02-06
2024020601032145,SPC,58,64,50.0,616.5,30825.0,2024-02-06
2024020601032144,PHCL,62,46,30.0,320.4,9612.0,2024-02-06
2024020601032143,PHCL,56,46,340.0,320.9,109106.0,2024-02-06
2024020601032142,PHCL,43,46,130.0,321.0,41730.0,2024-02-06
2024020605016870,NTC,33,53,20.0,904.0,18080.0,2024-02-06
2024020605016869,NTC,42,53,10.0,904.0,9040.0,2024-02-06
2024020605016868,NTC,32,53,20.0,904.0,18080.0,2024-02-06
2024020605016867,CHDC,7,58,199.0,957.2,190482.8,2024-02-06
2024020605016866,CHDC,46,58,10.0,959.0,9590.0,2024-02-06
2024020605016865,CHDC,56,58,251.0,959.0,240709.0,2024-02-06
2024020605016864,CHDC,62,58,90.0,962.0,86580.0,2024-02-06
2024020603006224,BFC,59,8,28.0,326.1,9130.8,2024-02-06
2024020603006223,BFC,42,8,600.0,326.2,195720.0,2024-02-06
2024020603006222,BFC,4,8,285.0,326.5,93052.5,2024-02-06
2024020604009679,SALICO,94,50,30.0,680.0,20400.0,2024-02-06
2024020603006221,MLBBL,26,6,200.0,796.2,159240.0,2024-02-06
2024020603006220,MLBBL,26,6,100.0,795.0,79500.0,2024-02-06
2024020601032141,KDL,16,58,10.0,820.0,8200.0,2024-02-06
2024020601032140,IHL,87,7,240.0,329.5,79080.0,2024-02-06
2024020605016863,CIT,6,11,10.0,2100.0,21000.0,2024-02-06
2024020605016862,CIT,52,11,23.0,2100.4,48309.2,2024-02-06
2024020605016861,CIT,50,11,10.0,2100.6,21006.0,2024-02-06
2024020605016860,CIT,4,11,50.0,2100.6,105030.0,2024-02-06
2024020603006219,MDB,58,83,14.0,415.0,5810.0,2024-02-06
2024020604009678,RADHI,65,29,11.0,269.4,2963.4,2024-02-06
2024020603006218,LICN,86,35,56.0,1390.0,77840.0,2024-02-06
2024020603006217,LICN,57,35,30.0,1390.1,41703.0,2024-02-06
2024020601032139,MEL,74,49,37.0,222.6,8236.2,2024-02-06
2024020604009677,HEI,59,52,10.0,586.9,5869.0,2024-02-06
2024020604009676,GHL,42,49,10.0,184.0,1840.0,2024-02-06
2024020604009675,GHL,42,14,79.0,184.0,14536.0,2024-02-06
2024020601032138,GVL,45,57,10.0,443.0,4430.0,2024-02-06
2024020601032137,KBL,38,45,174.0,150.0,26100.0,2024-02-06
2024020601032136,KBL,19,45,356.0,150.0,53400.0,2024-02-06
2024020603006216,HLI,10,28,10.0,408.5,4085.0,2024-02-06
2024020605016859,HRL,38,43,40.0,704.3,28172.0,2024-02-06
2024020605016858,HRL,94,42,40.0,705.0,28200.0,2024-02-06
2024020605016857,HRL,94,28,20.0,705.0,14100.0,2024-02-06
2024020605016856,HRL,94,49,20.0,705.0,14100.0,2024-02-06
2024020601032135,NBL,22,28,60.0,229.2,13752.0,2024-02-06
2024020601032134,NBL,43,28,435.0,229.2,99702.0,2024-02-06
2024020605016855,HRL,94,38,10.0,705.0,7050.0,2024-02-06
2024020605016854,HRL,94,22,10.0,705.0,7050.0,2024-02-06
2024020605016853,HRL,94,19,20.0,705.0,14100.0,2024-02-06
2024020605016852,HRL,94,5,10.0,705.0,7050.0,2024-02-06
2024020604009674,AHPC,43,19,20.0,207.3,4146.0,2024-02-06
2024020605016851,HRL,94,54,30.0,705.0,21150.0,2024-02-06
2024020605016850,HRL,94,21,20.0,705.0,14100.0,2024-02-06
2024020605016849,HRL,94,58,10.0,705.0,7050.0,2024-02-06
2024020604009673,NGPL,14,5,100.0,340.0,34000.0,2024-02-06
2024020605016848,HRL,94,16,20.0,705.0,14100.0,2024-02-06
2024020605016847,HRL,94,41,10.0,705.0,7050.0,2024-02-06
2024020605016846,HRL,94,35,30.0,705.0,21150.0,2024-02-06
2024020605016845,HRL,94,55,10.0,705.0,7050.0,2024-02-06
2024020605016844,HRL,94,41,20.0,705.0,14100.0,2024-02-06
2024020605016843,HRL,94,42,100.0,705.0,70500.0,2024-02-06
2024020605016842,HRL,94,57,30.0,705.0,21150.0,2024-02-06
2024020605016841,HRL,94,14,10.0,705.0,7050.0,2024-02-06
2024020605016840,HRL,94,42,30.0,705.0,21150.0,2024-02-06
2024020605016839,HRL,94,38,20.0,705.0,14100.0,2024-02-06
2024020605016838,HRL,94,16,10.0,705.0,7050.0,2024-02-06
2024020601032133,SONA,38,47,10.0,474.0,4740.0,2024-02-06
2024020605016837,HRL,94,36,20.0,704.8,14096.0,2024-02-06
2024020604009672,SICL,50,32,28.0,728.0,20384.0,2024-02-06
2024020605016836,NBF3,41,36,900.0,7.4,6660.0,2024-02-06
2024020605016835,NRIC,16,21,157.0,817.0,128269.0,2024-02-06
2024020604009671,MEN,46,44,28.0,642.0,17976.0,2024-02-06
2024020604009670,MEN,62,44,300.0,643.0,192900.0,2024-02-06
2024020604009669,MEN,8,44,30.0,643.0,19290.0,2024-02-06
2024020604009668,MEN,57,44,100.0,643.0,64300.0,2024-02-06
2024020604009667,MEN,52,44,212.0,643.0,136316.0,2024-02-06
2024020604009666,MEN,26,44,150.0,643.1,96465.0,2024-02-06
2024020604009665,MEN,7,44,180.0,643.2,115776.0,2024-02-06
2024020605016834,NRN,22,29,10.0,593.0,5930.0,2024-02-06
2024020605016833,NRN,86,29,490.0,593.1,290619.0,2024-02-06
2024020601032132,SONA,19,49,10.0,473.0,4730.0,2024-02-06
2024020605016832,NRIC,16,57,100.0,817.0,81700.0,2024-02-06
2024020604009664,UPPER,53,58,569.0,209.0,118921.0,2024-02-06
2024020604009663,UPPER,53,28,100.0,209.0,20900.0,2024-02-06
2024020604009662,UPPER,53,25,50.0,209.0,10450.0,2024-02-06
2024020604009661,UPPER,53,41,79.0,209.0,16511.0,2024-02-06
2024020604009660,UPPER,53,58,200.0,208.9,41780.0,2024-02-06
2024020604009659,UPPER,53,45,193.0,208.9,40317.7,2024-02-06
2024020604009658,UPPER,53,6,100.0,208.9,20890.0,2024-02-06
2024020604009657,UPPER,53,16,91.0,208.8,19000.8,2024-02-06
