transaction,symbol,buyer,seller,quantity,rate,amount,date
2024042901017951,PPL,69,58,11.0,629.8,6927.8,2024-04-29
2024042903019193,KRBL,62,58,10.0,430.0,4300.0,2024-04-29
2024042903019192,ALBSL,42,26,10.0,785.0,7850.0,2024-04-29
2024042901017950,NESDO,37,16,40.0,1671.0,66840.0,2024-04-29
2024042903019191,SHINE,75,37,350.0,371.0,129850.0,2024-04-29
2024042903019190,SHINE,75,37,650.0,371.0,241150.0,2024-04-29
2024042903019189,FMDBL,40,18,10.0,610.0,6100.0,2024-04-29
2024042901017949,PPL,17,58,11.0,629.8,6927.8,2024-04-29
2024042904006316,JOSHI,13,34,10.0,340.0,3400.0,2024-04-29
2024042901017948,MKJC,17,21,80.0,432.6,34608.0,2024-04-29
2024042903019188,SHINE,75,13,110.0,371.0,40810.0,2024-04-29
2024042901017947,PPL,58,58,10.0,629.8,6298.0,2024-04-29
2024042903019187,CFCL,58,36,10.0,408.5,4085.0,2024-04-29
2024042903019186,PMLI,58,58,10.0,499.0,4990.0,2024-04-29
2024042903019185,NADEP,88,6,10.0,694.9,6949.0,2024-04-29
2024042901017946,RNLI,22,52,100.0,424.0,42400.0,2024-04-29
2024042904006315,KKHC,52,34,10.0,223.0,2230.0,2024-04-29
2024042901017945,PPL,50,58,10.0,629.8,6298.0,2024-04-29
2024042901017944,HHL,51,52,10.0,358.0,3580.0,2024-04-29
2024042903019184,CORBL,1,52,10.0,442.0,4420.0,2024-04-29
2024042903019183,PFL,3,28,900.0,731.5,658350.0,2024-04-29
2024042903019182,MPFL,32,32,10.0,461.1,4611.0,2024-04-29
2024042903019181,SINDU,32,49,500.0,387.0,193500.0,2024-04-29
2024042903019180,SAPDBL,55,86,50.0,329.0,16450.0,2024-04-29
2024042901017943,MKCL,55,8,27.0,845.2,22820.4,2024-04-29
2024042901017942,MKCL,58,8,13.0,845.2,10987.6,2024-04-29
2024042901017941,MKCL,6,8,60.0,846.0,50760.0,2024-04-29
2024042901017940,PCBL,14,25,300.0,194.5,58350.0,2024-04-29
2024042901017939,PHCL,32,74,100.0,293.5,29350.0,2024-04-29
2024042903019179,GMFIL,60,19,30.0,398.0,11940.0,2024-04-29
2024042903019178,ALICL,44,39,94.0,548.3,51540.2,2024-04-29
2024042903019177,ALICL,45,39,200.0,548.4,109680.0,2024-04-29
2024042903019176,ALICL,49,39,50.0,548.5,27425.0,2024-04-29
2024042903019175,ALICL,10,39,111.0,548.5,60883.5,2024-04-29
2024042903019174,ALICL,45,39,45.0,549.0,24705.0,2024-04-29
2024042901017938,CYCL,25,39,30.0,1475.9,44277.0,2024-04-29
2024042903019173,USLB,39,19,29.0,1932.0,56028.0,2024-04-29
2024042903019172,USLB,39,55,10.0,1932.0,19320.0,2024-04-29
2024042903019171,USLB,39,42,34.0,1931.0,65654.0,2024-04-29
2024042903019170,USLB,39,32,10.0,1930.0,19300.0,2024-04-29
2024042903019169,USLB,39,38,10.0,1930.0,19300.0,2024-04-29
2024042901017937,MKHC,70,25,10.0,318.5,3185.0,2024-04-29
2024042901017936,KBL,48,25,10.0,133.3,1333.0,2024-04-29
2024042901017935,EHPL,48,36,100.0,452.1,45210.0,2024-04-29
2024042901017934,RAWA,36,36,10.0,487.8,4878.0,2024-04-29
2024042901017933,BEDC,34,34,10.0,364.0,3640.0,2024-04-29
2024042901017932,BEDC,34,18,10.0,363.5,3635.0,2024-04-29
2024042903019168,PFL,3,69,200.0,731.5,146300.0,2024-04-29
2024042903019167,ACLBSL,62,62,10.0,767.2,7672.0,2024-04-29
2024042901017931,PPL,62,58,20.0,629.8,12596.0,2024-04-29
2024042905003047,HRL,17,36,10.0,589.0,5890.0,2024-04-29
2024042901017930,ADBL,52,13,18.0,236.2,4251.6,2024-04-29
2024042901017929,MANDU,65,6,100.0,843.0,84300.0,2024-04-29
2024042901017928,PPL,58,58,20.0,629.8,12596.0,2024-04-29
2024042901017927,PPL,58,58,20.0,629.8,12596.0,2024-04-29
2024042903019166,PFL,3,16,500.0,731.5,365750.0,2024-04-29
2024042903019165,PFL,3,71,200.0,731.5,146300.0,2024-04-29
2024042903019164,PFL,3,26,500.0,726.0,363000.0,2024-04-29
2024042903019163,PFL,3,25,1797.0,726.0,1304622.0,2024-04-29
2024042903019162,PFL,3,71,200.0,725.0,145000.0,2024-04-29
2024042903019161,PFL,3,70,100.0,724.0,72400.0,2024-04-29
2024042903019160,PFL,3,5,150.0,724.0,108600.0,2024-04-29
2024042903019159,PFL,3,71,100.0,720.0,72000.0,2024-04-29
2024042901017926,PPL,88,58,10.0,629.8,6298.0,2024-04-29
2024042903019158,NABBC,20,35,10.0,446.0,4460.0,2024-04-29
2024042901017925,NBL,19,84,15.0,200.0,3000.0,2024-04-29
2024042903019157,PFL,22,16,393.0,718.0,282174.0,2024-04-29
2024042903019156,SWBBL,16,35,10.0,737.9,7379.0,2024-04-29
2024042901017924,SBL,50,4,218.0,218.6,47654.8,2024-04-29
2024042905003046,HRL,55,43,387.0,588.0,227556.0,2024-04-29
2024042905003045,HRL,25,43,100.0,588.0,58800.0,2024-04-29
2024042905003044,HRL,21,43,300.0,588.0,176400.0,2024-04-29
2024042905003043,HRL,41,43,200.0,588.0,117600.0,2024-04-29
2024042905003042,HRL,58,43,120.0,588.0,70560.0,2024-04-29
2024042905003041,HRL,38,43,72.0,588.1,42343.2,2024-04-29
2024042905003040,HRL,58,43,270.0,588.1,158787.0,2024-04-29
2024042905003039,HRL,14,43,100.0,588.1,58810.0,2024-04-29
2024042905003038,HRL,33,43,451.0,588.1,265233.1,2024-04-29
2024042903019155,PFL,22,71,100.0,718.0,71800.0,2024-04-29
2024042903019154,CFCL,26,36,10.0,408.5,4085.0,2024-04-29
2024042901017923,ILI,5,44,10.0,563.9,5639.0,2024-04-29
2024042903019153,PFL,22,26,165.0,718.0,118470.0,2024-04-29
2024042901017922,MKLB,71,34,10.0,959.9,9599.0,2024-04-29
2024042901017921,PPL,35,58,11.0,629.8,6927.8,2024-04-29
2024042903019152,SFCL,62,35,10.0,360.1,3601.0,2024-04-29
2024042901017920,UHEWA,35,21,50.0,405.0,20250.0,2024-04-29
2024042903019151,SLBBL,7,60,100.0,659.0,65900.0,2024-04-29
2024042901017919,SONA,56,7,1100.0,445.1,489610.0,2024-04-29
2024042904006314,NGPL,42,72,194.0,313.1,60741.4,2024-04-29
2024042904006313,NGPL,17,72,500.0,313.2,156600.0,2024-04-29
2024042904006312,NGPL,40,72,306.0,313.3,95869.8,2024-04-29
2024042901017918,SMJC,19,49,10.0,362.0,3620.0,2024-04-29
2024042901017917,MKHC,64,25,10.0,318.5,3185.0,2024-04-29
2024042901017916,SGHC,41,58,10.0,314.0,3140.0,2024-04-29
2024042903019150,MPFL,60,32,20.0,461.1,9222.0,2024-04-29
2024042901017915,SMHL,60,49,10.0,430.0,4300.0,2024-04-29
2024042901017914,SMHL,60,56,10.0,427.0,4270.0,2024-04-29
2024042905003037,CIT,39,32,10.0,2105.0,21050.0,2024-04-29
2024042905003036,CIT,39,13,10.0,2105.0,21050.0,2024-04-29
2024042905003035,NRIC,36,38,30.0,703.0,21090.0,2024-04-29
2024042903019149,SABSL,45,14,20.0,725.9,14518.0,2024-04-29
2024042903019148,JFL,69,49,20.0,517.0,10340.0,2024-04-29
2024042904006311,SICL,53,56,100.0,683.5,68350.0,2024-04-29
2024042901017913,PCBL,56,45,10.0,194.6,1946.0,2024-04-29
2024042901017912,DORDI,14,45,30.0,410.0,12300.0,2024-04-29
2024042901017911,DORDI,14,57,35.0,408.2,14287.0,2024-04-29
2024042903019147,PFL,22,71,400.0,718.0,287200.0,2024-04-29
2024042903019146,PFL,22,29,100.0,715.0,71500.0,2024-04-29
2024042903019145,PFL,22,49,102.0,712.0,72624.0,2024-04-29
2024042901017910,PPL,62,58,730.0,629.8,459754.0,2024-04-29
2024042901017909,PPL,62,19,180.0,629.8,113364.0,2024-04-29
2024042901017908,PPL,62,7,460.0,629.8,289708.0,2024-04-29
2024042901017907,PPL,62,41,725.0,629.0,456025.0,2024-04-29
2024042901017906,PPL,62,58,10.0,617.1,6171.0,2024-04-29
2024042901017905,PPL,62,39,50.0,617.1,30855.0,2024-04-29
2024042901017904,PPL,62,58,20.0,617.1,12342.0,2024-04-29
2024042901017903,PPL,62,22,10.0,617.1,6171.0,2024-04-29
2024042901017902,PPL,62,39,50.0,617.1,30855.0,2024-04-29
2024042901017901,PPL,62,35,10.0,617.1,6171.0,2024-04-29
2024042901017900,PPL,62,7,10.0,617.1,6171.0,2024-04-29
2024042901017899,PPL,62,44,10.0,617.1,6171.0,2024-04-29
2024042901017898,PPL,62,57,10.0,617.1,6171.0,2024-04-29
2024042901017897,PPL,62,41,96.0,617.1,59241.6,2024-04-29
2024042901017896,PPL,62,49,10.0,617.1,6171.0,2024-04-29
2024042901017895,PPL,62,52,50.0,617.0,30850.0,2024-04-29
2024042901017894,PPL,62,6,1000.0,617.0,617000.0,2024-04-29
2024042901017893,PPL,62,56,10.0,617.0,6170.0,2024-04-29
2024042901017892,PPL,62,58,10.0,617.0,6170.0,2024-04-29
2024042901017891,PPL,62,44,85.0,616.3,52385.5,2024-04-29
2024042901017890,PPL,62,51,500.0,616.3,308150.0,2024-04-29
2024042901017889,PPL,62,19,90.0,616.2,55458.0,2024-04-29
2024042901017888,PPL,62,29,100.0,616.1,61610.0,2024-04-29
2024042901017887,PPL,62,42,50.0,616.1,30805.0,2024-04-29
2024042901017886,PPL,62,49,10.0,616.1,6161.0,2024-04-29
2024042901017885,PPL,62,54,10.0,616.0,6160.0,2024-04-29
2024042901017884,PPL,62,34,160.0,616.0,98560.0,2024-04-29
2024042901017883,PPL,62,22,10.0,616.0,6160.0,2024-04-29
2024042901017882,PPL,62,54,10.0,616.0,6160.0,2024-04-29
2024042901017881,PPL,62,38,10.0,616.0,6160.0,2024-04-29
2024042901017880,PPL,62,32,10.0,616.0,6160.0,2024-04-29
2024042901017879,PPL,62,56,10.0,616.0,6160.0,2024-04-29
2024042901017878,PPL,62,6,1000.0,616.0,616000.0,2024-04-29
2024042901017877,PPL,62,36,1000.0,616.0,616000.0,2024-04-29
2024042901017876,PPL,62,55,10.0,616.0,6160.0,2024-04-29
2024042901017875,PPL,62,49,10.0,616.0,6160.0,2024-04-29
2024042901017874,PPL,62,62,40.0,616.0,24640.0,2024-04-29
2024042901017873,PPL,62,34,10.0,616.0,6160.0,2024-04-29
2024042901017872,PPL,62,14,10.0,616.0,6160.0,2024-04-29
2024042901017871,PPL,62,57,10.0,616.0,6160.0,2024-04-29
2024042901017870,PPL,62,49,10.0,616.0,6160.0,2024-04-29
2024042901017869,PPL,62,42,10.0,616.0,6160.0,2024-04-29
2024042901017868,PPL,62,49,10.0,616.0,6160.0,2024-04-29
2024042901017867,PPL,62,10,10.0,615.0,6150.0,2024-04-29
2024042901017866,PPL,62,58,10.0,615.0,6150.0,2024-04-29
2024042901017865,PPL,62,7,10.0,615.0,6150.0,2024-04-29
2024042901017864,PPL,62,3,10.0,615.0,6150.0,2024-04-29
2024042901017863,PPL,62,58,10.0,615.0,6150.0,2024-04-29
2024042901017862,PPL,62,32,10.0,615.0,6150.0,2024-04-29
2024042901017861,PPL,62,35,10.0,615.0,6150.0,2024-04-29
2024042901017860,PPL,62,42,10.0,615.0,6150.0,2024-04-29
2024042901017859,PPL,62,45,10.0,615.0,6150.0,2024-04-29
2024042901017858,PPL,62,19,10.0,615.0,6150.0,2024-04-29
2024042901017857,PPL,62,49,10.0,615.0,6150.0,2024-04-29
2024042901017856,PPL,62,45,10.0,615.0,6150.0,2024-04-29
2024042901017855,PPL,62,58,10.0,615.0,6150.0,2024-04-29
2024042901017854,PPL,62,50,10.0,615.0,6150.0,2024-04-29
2024042901017853,PPL,62,58,210.0,615.0,129150.0,2024-04-29
2024042901017852,PPL,62,6,10.0,615.0,6150.0,2024-04-29
2024042901017851,PPL,62,41,640.0,614.9,393536.0,2024-04-29
2024042901017850,PPL,62,4,10.0,610.0,6100.0,2024-04-29
2024042901017849,PPL,62,55,10.0,610.0,6100.0,2024-04-29
2024042901017848,PPL,62,19,10.0,610.0,6100.0,2024-04-29
2024042901017847,PPL,62,58,10.0,605.0,6050.0,2024-04-29
2024042901017846,PPL,62,38,10.0,605.0,6050.0,2024-04-29
2024042901017845,PPL,62,45,10.0,605.0,6050.0,2024-04-29
2024042901017844,PPL,62,58,10.0,605.0,6050.0,2024-04-29
2024042901017843,PPL,62,22,10.0,605.0,6050.0,2024-04-29
2024042901017842,PPL,62,58,200.0,605.0,121000.0,2024-04-29
2024042901017841,PPL,62,58,94.0,604.9,56860.6,2024-04-29
2024042903019144,KRBL,17,58,10.0,430.0,4300.0,2024-04-29
2024042901017840,AVYAN,33,94,100.0,732.0,73200.0,2024-04-29
2024042901017839,SANIMA,62,42,33.0,233.1,7692.3,2024-04-29
2024042901017838,MANDU,65,6,380.0,843.0,320340.0,2024-04-29
2024042901017837,MANDU,65,58,10.0,843.0,8430.0,2024-04-29
2024042901017836,MANDU,65,19,200.0,843.0,168600.0,2024-04-29
2024042901017835,MANDU,65,58,20.0,842.5,16850.0,2024-04-29
2024042901017834,MANDU,65,4,100.0,842.5,84250.0,2024-04-29
2024042901017833,MANDU,65,58,10.0,842.0,8420.0,2024-04-29
2024042901017832,MANDU,65,38,150.0,842.0,126300.0,2024-04-29
2024042901017831,MANDU,65,41,50.0,842.0,42100.0,2024-04-29
2024042901017830,MANDU,65,48,750.0,842.0,631500.0,2024-04-29
2024042901017829,MANDU,65,52,10.0,842.0,8420.0,2024-04-29
2024042901017828,MANDU,65,52,70.0,842.0,58940.0,2024-04-29
2024042901017827,MANDU,65,42,10.0,842.0,8420.0,2024-04-29
2024042901017826,MANDU,65,38,10.0,842.0,8420.0,2024-04-29
2024042901017825,MANDU,65,19,100.0,842.0,84200.0,2024-04-29
2024042901017824,MANDU,65,38,100.0,842.0,84200.0,2024-04-29
2024042901017823,MANDU,65,38,50.0,842.0,42100.0,2024-04-29
2024042901017822,MANDU,65,11,10.0,842.0,8420.0,2024-04-29
2024042901017821,MANDU,65,52,50.0,842.0,42100.0,2024-04-29
2024042901017820,MANDU,65,36,500.0,842.0,421000.0,2024-04-29
2024042901017819,MANDU,65,42,360.0,842.0,303120.0,2024-04-29
2024042901017818,MANDU,65,35,60.0,842.0,50520.0,2024-04-29
2024042901017817,PPL,58,58,10.0,604.9,6049.0,2024-04-29
2024042901017816,PPL,58,38,10.0,604.2,6042.0,2024-04-29
2024042901017815,MKHL,58,41,50.0,441.0,22050.0,2024-04-29
2024042903019143,MFIL,41,38,128.0,530.0,67840.0,2024-04-29
2024042903019142,MFIL,34,38,72.0,530.0,38160.0,2024-04-29
2024042901017814,SRLI,38,56,161.0,438.0,70518.0,2024-04-29
2024042901017813,SRLI,38,19,30.0,437.5,13125.0,2024-04-29
2024042901017812,SRLI,38,41,60.0,437.5,26250.0,2024-04-29
2024042901017811,SRLI,38,46,10.0,437.0,4370.0,2024-04-29
2024042901017810,SRLI,38,47,99.0,437.0,43263.0,2024-04-29
2024042901017809,SRLI,38,25,150.0,437.0,65550.0,2024-04-29
2024042901017808,SRLI,38,35,10.0,437.0,4370.0,2024-04-29
2024042901017807,SRLI,38,41,10.0,437.0,4370.0,2024-04-29
2024042901017806,SRLI,38,44,10.0,437.0,4370.0,2024-04-29
2024042901017805,SRLI,38,52,40.0,437.0,17480.0,2024-04-29
2024042901017804,SRLI,38,45,20.0,436.5,8730.0,2024-04-29
2024042904006310,AKPL,19,45,250.0,167.0,41750.0,2024-04-29
2024042904006309,NHDL,33,39,10.0,424.5,4245.0,2024-04-29
2024042904006308,UMRH,43,1,11.0,337.0,3707.0,2024-04-29
2024042901017803,NBL,5,84,50.0,200.0,10000.0,2024-04-29
2024042904006307,AHPC,26,42,10.0,163.0,1630.0,2024-04-29
2024042901017802,SBL,57,4,10.0,218.6,2186.0,2024-04-29
2024042904006306,HURJA,1,37,10.0,289.5,2895.0,2024-04-29
2024042904006305,BPCL,1,51,48.0,296.0,14208.0,2024-04-29
2024042903019141,JFL,72,49,49.0,517.0,25333.0,2024-04-29
2024042903019140,JFL,72,49,31.0,517.0,16027.0,2024-04-29
2024042903019139,JFL,72,57,120.0,516.0,61920.0,2024-04-29
2024042901017801,HHL,32,52,332.0,358.0,118856.0,2024-04-29
2024042901017800,HHL,32,35,290.0,358.0,103820.0,2024-04-29
2024042901017799,TVCL,32,39,10.0,485.0,4850.0,2024-04-29
2024042905003034,NTC,66,49,49.0,829.3,40635.7,2024-04-29
2024042905003033,NTC,66,49,515.0,829.4,427141.0,2024-04-29
2024042905003032,NTC,1,49,240.0,829.6,199104.0,2024-04-29
2024042905003031,NTC,14,49,40.0,829.7,33188.0,2024-04-29
2024042901017798,SPHL,48,48,13.0,460.0,5980.0,2024-04-29
2024042901017797,SPHL,54,48,80.0,460.0,36800.0,2024-04-29
2024042901017796,KBL,93,25,20.0,133.3,2666.0,2024-04-29
2024042901017795,CITY,35,34,10.0,579.0,5790.0,2024-04-29
2024042904006304,SHL,34,34,110.0,429.0,47190.0,2024-04-29
2024042903019138,CORBL,41,52,65.0,442.0,28730.0,2024-04-29
2024042903019137,CORBL,41,1,235.0,442.0,103870.0,2024-04-29
2024042901017794,RAWA,18,14,290.0,487.0,141230.0,2024-04-29
2024042901017793,RAWA,18,49,10.0,487.0,4870.0,2024-04-29
2024042901017792,RAWA,18,36,89.0,484.5,43120.5,2024-04-29
2024042901017791,RAWA,18,4,10.0,483.0,4830.0,2024-04-29
2024042901017790,RAWA,18,38,190.0,480.0,91200.0,2024-04-29
2024042903019136,GILB,62,66,10.0,1009.0,10090.0,2024-04-29
2024042903019135,GILB,62,33,30.0,1007.0,30210.0,2024-04-29
2024042903019134,ALICL,17,13,20.0,551.0,11020.0,2024-04-29
2024042903019133,PROFL,3,38,100.0,362.8,36280.0,2024-04-29
2024042901017789,BHDC,47,88,635.0,475.1,301688.5,2024-04-29
2024042903019132,GMFIL,29,19,60.0,398.0,23880.0,2024-04-29
2024042904006303,HEI,43,1,10.0,577.0,5770.0,2024-04-29
2024042904006302,SICL,53,43,10.0,683.5,6835.0,2024-04-29
2024042901017788,MEHL,43,16,21.0,309.0,6489.0,2024-04-29
2024042903019131,GLBSL,26,57,20.0,2120.0,42400.0,2024-04-29
2024042903019130,JBBL,88,35,38.0,291.0,11058.0,2024-04-29
2024042903019129,JBBL,6,35,407.0,291.0,118437.0,2024-04-29
2024042903019128,SAPDBL,64,86,155.0,329.0,50995.0,2024-04-29
2024042903019127,SAPDBL,64,63,45.0,328.0,14760.0,2024-04-29
2024042903019126,FMDBL,60,18,10.0,610.0,6100.0,2024-04-29
2024042903019125,FMDBL,34,18,10.0,610.0,6100.0,2024-04-29
2024042901017787,ULBSL,45,34,15.0,1400.0,21000.0,2024-04-29
2024042901017786,SAHAS,65,45,60.0,500.0,30000.0,2024-04-29
2024042901017785,SAHAS,47,45,40.0,500.1,20004.0,2024-04-29
2024042903019124,GLBSL,62,69,60.0,2129.0,127740.0,2024-04-29
2024042903019123,GLBSL,62,44,10.0,2129.0,21290.0,2024-04-29
2024042903019122,GLBSL,62,45,20.0,2129.0,42580.0,2024-04-29
2024042903019121,GLBSL,62,62,10.0,2129.0,21290.0,2024-04-29
2024042903019120,KRBL,62,58,303.0,430.0,130290.0,2024-04-29
2024042903019119,KRBL,62,41,39.0,430.0,16770.0,2024-04-29
2024042903019118,KRBL,62,45,90.0,430.0,38700.0,2024-04-29
2024042903019117,KRBL,62,10,68.0,430.0,29240.0,2024-04-29
2024042901017784,UHEWA,21,21,50.0,405.0,20250.0,2024-04-29
2024042904006301,HEI,80,13,71.0,572.0,40612.0,2024-04-29
2024042901017783,MMKJL,84,64,10.0,418.9,4189.0,2024-04-29
2024042903019116,NLIC,77,84,200.0,590.0,118000.0,2024-04-29
2024042901017782,NABIL,38,25,20.0,429.0,8580.0,2024-04-29
2024042901017781,ULBSL,45,54,20.0,1400.0,28000.0,2024-04-29
2024042904006300,UNHPL,35,16,10.0,224.3,2243.0,2024-04-29
2024042903019115,NABBC,59,35,300.0,446.0,133800.0,2024-04-29
2024042903019114,NABBC,1,35,100.0,446.0,44600.0,2024-04-29
2024042903019113,NABBC,29,35,100.0,446.1,44610.0,2024-04-29
2024042903019112,NABBC,41,35,30.0,446.2,13386.0,2024-04-29
2024042903019111,NABBC,48,35,20.0,446.2,8924.0,2024-04-29
2024042903019110,NABBC,48,35,10.0,446.3,4463.0,2024-04-29
2024042903019109,NABBC,48,35,50.0,446.4,22320.0,2024-04-29
2024042905003030,PSF,35,47,1000.0,8.88,8880.0,2024-04-29
2024042904006299,CGH,42,28,235.0,772.0,181420.0,2024-04-29
2024042904006298,CGH,42,28,365.0,772.0,281780.0,2024-04-29
2024042904006297,CGH,50,28,20.0,773.0,15460.0,2024-04-29
2024042904006296,CGH,13,28,880.0,773.0,680240.0,2024-04-29
2024042903019108,MFIL,8,58,30.0,530.2,15906.0,2024-04-29
2024042901017780,USHEC,77,58,100.0,368.0,36800.0,2024-04-29
2024042901017779,CYCL,25,62,10.0,1476.0,14760.0,2024-04-29
2024042901017778,NICA,49,49,100.0,352.0,35200.0,2024-04-29
2024042903019107,PFL,74,13,500.0,718.0,359000.0,2024-04-29
2024042903019106,PFL,74,69,1000.0,718.0,718000.0,2024-04-29
2024042903019105,PFL,74,72,10.0,718.0,7180.0,2024-04-29
2024042903019104,PFL,74,25,980.0,712.0,697760.0,2024-04-29
2024042903019103,PFL,74,34,20.0,663.0,13260.0,2024-04-29
2024042903019102,PFL,74,58,20.0,663.0,13260.0,2024-04-29
2024042903019101,PFL,74,21,50.0,663.0,33150.0,2024-04-29
2024042903019100,PFL,74,21,50.0,663.0,33150.0,2024-04-29
2024042903019099,PFL,74,71,20.0,663.0,13260.0,2024-04-29
2024042903019098,PFL,74,44,10.0,663.0,6630.0,2024-04-29
2024042903019097,PFL,74,32,550.0,663.0,364650.0,2024-04-29
2024042903019096,PFL,74,7,100.0,663.0,66300.0,2024-04-29
2024042903019095,PFL,74,42,500.0,663.0,331500.0,2024-04-29
2024042903019094,PFL,74,38,230.0,663.0,152490.0,2024-04-29
2024042903019093,PFL,74,49,10.0,663.0,6630.0,2024-04-29
2024042903019092,PFL,74,42,14.0,663.0,9282.0,2024-04-29
2024042903019091,PFL,74,13,25.0,663.0,16575.0,2024-04-29
2024042903019090,PFL,74,28,200.0,663.0,132600.0,2024-04-29
2024042903019089,PFL,74,52,43.0,663.0,28509.0,2024-04-29
2024042903019088,PFL,74,50,83.0,663.0,55029.0,2024-04-29
2024042903019087,PFL,74,8,1000.0,663.0,663000.0,2024-04-29
2024042903019086,PFL,74,55,105.0,663.0,69615.0,2024-04-29
2024042903019085,PFL,74,48,36.0,663.0,23868.0,2024-04-29
2024042903019084,PFL,74,34,50.0,663.0,33150.0,2024-04-29
2024042903019083,PFL,74,34,50.0,663.0,33150.0,2024-04-29
2024042903019082,PFL,74,43,2000.0,663.0,1326000.0,2024-04-29
2024042903019081,PFL,74,55,84.0,663.0,55692.0,2024-04-29
2024042903019080,PFL,74,49,200.0,663.0,132600.0,2024-04-29
2024042903019079,PFL,74,58,20.0,663.0,13260.0,2024-04-29
2024042903019078,PFL,74,71,900.0,663.0,596700.0,2024-04-29
2024042903019077,PFL,74,33,2000.0,663.0,1326000.0,2024-04-29
2024042903019076,PFL,74,43,1000.0,663.0,663000.0,2024-04-29
2024042903019075,PFL,74,6,510.0,663.0,338130.0,2024-04-29
2024042903019074,PFL,74,43,1000.0,663.0,663000.0,2024-04-29
2024042903019073,PFL,74,29,89.0,662.8,58989.2,2024-04-29
2024042903019072,PFL,74,6,150.0,662.8,99420.0,2024-04-29
2024042903019071,PFL,74,49,1000.0,662.5,662500.0,2024-04-29
2024042903019070,PFL,74,48,17.0,662.5,11262.5,2024-04-29
2024042903019069,PFL,74,25,20.0,662.4,13248.0,2024-04-29
2024042903019068,PFL,74,43,2000.0,662.4,1324800.0,2024-04-29
2024042903019067,PFL,74,51,100.0,662.0,66200.0,2024-04-29
2024042903019066,PFL,74,38,500.0,662.0,331000.0,2024-04-29
2024042903019065,PFL,74,35,50.0,662.0,33100.0,2024-04-29
2024042903019064,PFL,74,17,100.0,662.0,66200.0,2024-04-29
2024042903019063,PFL,74,47,10.0,662.0,6620.0,2024-04-29
2024042903019062,PFL,74,72,600.0,662.0,397200.0,2024-04-29
2024042903019061,PFL,74,72,700.0,662.0,463400.0,2024-04-29
2024042903019060,PFL,74,34,119.0,662.0,78778.0,2024-04-29
2024042903019059,PFL,74,20,112.0,662.0,74144.0,2024-04-29
2024042903019058,PFL,74,43,200.0,662.0,132400.0,2024-04-29
2024042903019057,PFL,74,10,100.0,662.0,66200.0,2024-04-29
2024042903019056,PFL,74,4,300.0,662.0,198600.0,2024-04-29
2024042903019055,PFL,74,69,500.0,661.9,330950.0,2024-04-29
2024042903019054,PFL,74,42,3000.0,661.9,1985700.0,2024-04-29
2024042903019053,PFL,74,88,1753.0,661.9,1160310.7,2024-04-29
2024042903019052,PFL,74,58,10.0,661.9,6619.0,2024-04-29
2024042903019051,PFL,74,39,49.0,661.9,32433.1,2024-04-29
2024042903019050,PFL,74,67,20.0,661.5,13230.0,2024-04-29
2024042903019049,PFL,74,11,677.0,661.0,447497.0,2024-04-29
2024042903019048,PFL,74,35,3000.0,661.0,1983000.0,2024-04-29
2024042903019047,PFL,74,33,50.0,661.0,33050.0,2024-04-29
2024042903019046,PFL,74,11,33.0,661.0,21813.0,2024-04-29
2024042903019045,PFL,74,46,33.0,661.0,21813.0,2024-04-29
2024042903019044,PFL,74,88,1000.0,661.0,661000.0,2024-04-29
2024042903019043,PFL,74,56,33.0,661.0,21813.0,2024-04-29
2024042903019042,PFL,74,46,50.0,661.0,33050.0,2024-04-29
2024042903019041,PFL,74,54,312.0,660.9,206200.8,2024-04-29
2024042903019040,PFL,74,58,34.0,660.0,22440.0,2024-04-29
2024042903019039,PFL,74,36,100.0,660.0,66000.0,2024-04-29
2024042903019038,PFL,74,53,10.0,660.0,6600.0,2024-04-29
2024042903019037,PFL,74,21,100.0,660.0,66000.0,2024-04-29
2024042903019036,PFL,74,7,17.0,660.0,11220.0,2024-04-29
2024042903019035,PFL,74,58,41.0,660.0,27060.0,2024-04-29
2024042903019034,PFL,74,7,17.0,660.0,11220.0,2024-04-29
2024042903019033,PFL,74,41,25.0,660.0,16500.0,2024-04-29
2024042903019032,PFL,74,38,50.0,660.0,33000.0,2024-04-29
2024042903019031,PFL,74,41,70.0,660.0,46200.0,2024-04-29
2024042903019030,PFL,74,13,100.0,660.0,66000.0,2024-04-29
2024042903019029,PFL,74,45,100.0,660.0,66000.0,2024-04-29
2024042903019028,PFL,74,22,100.0,660.0,66000.0,2024-04-29
2024042903019027,PFL,74,35,156.0,660.0,102960.0,2024-04-29
2024042903019026,PFL,74,38,288.0,659.5,189936.0,2024-04-29
2024042903019025,PFL,74,1,50.0,655.0,32750.0,2024-04-29
2024042903019024,PFL,74,14,10.0,655.0,6550.0,2024-04-29
2024042903019023,PFL,74,32,57.0,655.0,37335.0,2024-04-29
2024042903019022,PFL,74,51,126.0,655.0,82530.0,2024-04-29
2024042903019021,PFL,74,38,200.0,655.0,131000.0,2024-04-29
2024042903019020,PFL,74,13,31.0,655.0,20305.0,2024-04-29
2024042903019019,PFL,74,16,13.0,654.0,8502.0,2024-04-29
2024042903019018,PFL,74,20,43.0,654.0,28122.0,2024-04-29
2024042903019017,PFL,74,20,43.0,654.0,28122.0,2024-04-29
2024042903019016,PFL,74,53,16.0,654.0,10464.0,2024-04-29
2024042903019015,PFL,74,41,50.0,654.0,32700.0,2024-04-29
2024042903019014,PFL,74,41,50.0,654.0,32700.0,2024-04-29
2024042903019013,PFL,74,41,33.0,654.0,21582.0,2024-04-29
2024042903019012,PFL,74,10,52.0,652.0,33904.0,2024-04-29
2024042903019011,PFL,74,38,150.0,651.0,97650.0,2024-04-29
2024042903019010,PFL,74,44,280.0,651.0,182280.0,2024-04-29
2024042903019009,PFL,74,42,200.0,650.0,130000.0,2024-04-29
2024042903019008,PFL,74,47,50.0,650.0,32500.0,2024-04-29
2024042903019007,PFL,74,4,65.0,650.0,42250.0,2024-04-29
2024042903019006,PFL,74,34,20.0,650.0,13000.0,2024-04-29
2024042903019005,PFL,74,53,20.0,650.0,13000.0,2024-04-29
2024042903019004,PFL,74,19,100.0,650.0,65000.0,2024-04-29
2024042903019003,PFL,74,34,158.0,650.0,102700.0,2024-04-29
2024042903019002,PFL,74,7,49.0,650.0,31850.0,2024-04-29
2024042903019001,PFL,74,21,27.0,650.0,17550.0,2024-04-29
2024042903019000,PFL,74,44,105.0,650.0,68250.0,2024-04-29
2024042903018999,PFL,74,14,50.0,650.0,32500.0,2024-04-29
2024042903018998,PFL,74,45,50.0,650.0,32500.0,2024-04-29
2024042903018997,PFL,74,45,204.0,650.0,132600.0,2024-04-29
2024042903018996,PFL,74,58,40.0,650.0,26000.0,2024-04-29
2024042903018995,PFL,74,51,21.0,650.0,13650.0,2024-04-29
2024042903018994,PFL,74,41,50.0,650.0,32500.0,2024-04-29
2024042903018993,PFL,74,21,50.0,649.9,32495.0,2024-04-29
2024042903018992,PFL,74,7,52.0,649.9,33794.8,2024-04-29
2024042903018991,PFL,74,48,46.0,649.0,29854.0,2024-04-29
2024042903018990,PFL,74,45,20.0,649.0,12980.0,2024-04-29
2024042903018989,GLBSL,74,49,100.0,2128.0,212800.0,2024-04-29
2024042903018988,GLBSL,74,37,20.0,1958.4,39168.0,2024-04-29
2024042903018987,GLBSL,74,44,40.0,1958.4,78336.0,2024-04-29
2024042903018986,GLBSL,74,45,80.0,1958.0,156640.0,2024-04-29
2024042903018985,GLBSL,74,28,13.0,1958.0,25454.0,2024-04-29
2024042903018984,GLBSL,74,34,13.0,1958.0,25454.0,2024-04-29
2024042903018983,GLBSL,74,64,100.0,1957.4,195740.0,2024-04-29
2024042901017777,NICAD8283,38,39,97.0,1122.0,108834.0,2024-04-29
2024042905003029,CHDC,44,34,50.0,810.0,40500.0,2024-04-29
2024042905003028,HRL,45,36,200.0,589.0,117800.0,2024-04-29
2024042903018982,GUFL,57,45,10.0,745.1,7451.0,2024-04-29
2024042903018981,GUFL,26,45,10.0,747.0,7470.0,2024-04-29
2024042903018980,GUFL,16,45,30.0,747.0,22410.0,2024-04-29
2024042905003027,HRL,33,45,49.0,588.1,28816.9,2024-04-29
2024042905003026,HRL,43,45,80.0,588.2,47056.0,2024-04-29
2024042905003025,HRL,13,45,20.0,588.2,11764.0,2024-04-29
2024042905003024,HRL,3,45,101.0,588.3,59418.3,2024-04-29
2024042905003023,HRL,42,45,50.0,588.3,29415.0,2024-04-29
2024042904006295,JOSHI,62,34,10.0,340.0,3400.0,2024-04-29
2024042903018979,USLB,62,55,20.0,1928.0,38560.0,2024-04-29
2024042903018978,RLFL,34,65,1000.0,389.0,389000.0,2024-04-29
2024042903018977,ICFC,71,72,20.0,540.0,10800.0,2024-04-29
2024042903018976,ICFC,71,16,30.0,539.5,16185.0,2024-04-29
2024042904006294,AKJCL,71,54,10.0,207.9,2079.0,2024-04-29
2024042901017776,PPL,62,26,10.0,604.1,6041.0,2024-04-29
2024042901017775,MKHC,5,25,10.0,318.5,3185.0,2024-04-29
2024042901017774,SARBTM,86,57,155.0,781.0,121055.0,2024-04-29
2024042901017773,SBL,54,4,500.0,218.6,109300.0,2024-04-29
2024042903018975,SAPDBL,57,63,10.0,328.0,3280.0,2024-04-29
2024042901017772,RAWA,57,38,10.0,480.0,4800.0,2024-04-29
2024042904006293,SGIC,43,4,50.0,520.0,26000.0,2024-04-29
2024042904006292,HPPL,72,25,10.0,253.9,2539.0,2024-04-29
2024042904006291,JOSHI,25,5,10.0,339.9,3399.0,2024-04-29
2024042901017771,MMKJL,50,64,400.0,415.0,166000.0,2024-04-29
2024042903018974,PROFL,52,53,100.0,362.2,36220.0,2024-04-29
2024042903018973,PROFL,19,53,100.0,362.5,36250.0,2024-04-29
2024042903018972,PROFL,35,53,100.0,362.6,36260.0,2024-04-29
2024042904006290,UNHPL,45,48,43.0,222.0,9546.0,2024-04-29
2024042901017770,NWCL,34,25,10.0,728.0,7280.0,2024-04-29
2024042903018971,ALBSL,62,26,42.0,785.0,32970.0,2024-04-29
2024042903018970,ALBSL,62,41,15.0,784.8,11772.0,2024-04-29
2024042903018969,ALBSL,62,57,18.0,784.0,14112.0,2024-04-29
2024042903018968,ALBSL,62,19,10.0,784.0,7840.0,2024-04-29
2024042903018967,ALBSL,62,5,15.0,783.9,11758.5,2024-04-29
2024042901017769,MANDU,65,72,399.0,842.0,335958.0,2024-04-29
2024042901017768,MANDU,65,58,264.0,842.0,222288.0,2024-04-29
2024042901017767,MANDU,65,11,10.0,842.0,8420.0,2024-04-29
2024042901017766,MANDU,65,45,200.0,841.9,168380.0,2024-04-29
2024042901017765,MANDU,65,4,500.0,841.0,420500.0,2024-04-29
2024042901017764,MANDU,65,28,50.0,841.0,42050.0,2024-04-29
2024042901017763,MANDU,65,42,10.0,840.0,8400.0,2024-04-29
2024042901017762,MANDU,65,21,10.0,840.0,8400.0,2024-04-29
2024042901017761,MANDU,65,39,10.0,840.0,8400.0,2024-04-29
2024042901017760,MANDU,65,48,200.0,840.0,168000.0,2024-04-29
2024042901017759,MANDU,65,19,10.0,840.0,8400.0,2024-04-29
2024042901017758,MANDU,65,65,500.0,840.0,420000.0,2024-04-29
2024042901017757,MANDU,65,32,10.0,840.0,8400.0,2024-04-29
2024042901017756,MANDU,65,19,50.0,840.0,42000.0,2024-04-29
2024042901017755,MANDU,65,51,10.0,838.4,8384.0,2024-04-29
2024042901017754,MANDU,65,39,10.0,838.0,8380.0,2024-04-29
2024042901017753,MANDU,65,38,50.0,838.0,41900.0,2024-04-29
2024042901017752,MANDU,65,43,50.0,838.0,41900.0,2024-04-29
2024042901017751,MANDU,65,22,75.0,838.0,62850.0,2024-04-29
2024042901017750,MANDU,65,38,30.0,838.0,25140.0,2024-04-29
2024042901017749,MANDU,65,87,500.0,837.0,418500.0,2024-04-29
2024042901017748,MANDU,65,22,100.0,837.0,83700.0,2024-04-29
2024042901017747,MANDU,65,19,10.0,836.2,8362.0,2024-04-29
2024042901017746,MANDU,65,22,10.0,836.0,8360.0,2024-04-29
2024042901017745,MANDU,65,42,10.0,836.0,8360.0,2024-04-29
2024042901017744,MANDU,65,34,10.0,836.0,8360.0,2024-04-29
2024042901017743,MANDU,65,34,300.0,835.3,250590.0,2024-04-29
2024042901017742,MANDU,65,67,500.0,834.0,417000.0,2024-04-29
2024042901017741,MANDU,65,6,10.0,830.7,8307.0,2024-04-29
2024042901017740,MANDU,65,52,10.0,830.0,8300.0,2024-04-29
2024042901017739,MANDU,65,45,10.0,830.0,8300.0,2024-04-29
2024042901017738,MANDU,65,58,10.0,830.0,8300.0,2024-04-29
2024042901017737,MANDU,65,87,200.0,830.0,166000.0,2024-04-29
2024042901017736,MANDU,65,54,500.0,829.0,414500.0,2024-04-29
2024042901017735,MANDU,65,50,100.0,828.2,82820.0,2024-04-29
2024042901017734,MANDU,65,16,10.0,828.2,8282.0,2024-04-29
2024042901017733,MANDU,65,58,10.0,828.0,8280.0,2024-04-29
2024042901017732,MANDU,65,42,400.0,828.0,331200.0,2024-04-29
2024042901017731,MANDU,65,57,10.0,828.0,8280.0,2024-04-29
2024042901017730,MANDU,65,58,10.0,827.5,8275.0,2024-04-29
2024042901017729,MANDU,65,58,10.0,827.4,8274.0,2024-04-29
2024042901017728,MANDU,65,22,10.0,827.4,8274.0,2024-04-29
2024042901017727,MANDU,65,35,10.0,827.4,8274.0,2024-04-29
2024042901017726,MANDU,65,43,500.0,827.2,413600.0,2024-04-29
2024042901017725,MANDU,65,49,10.0,827.2,8272.0,2024-04-29
2024042901017724,MANDU,65,38,10.0,827.0,8270.0,2024-04-29
2024042901017723,MANDU,65,45,150.0,827.0,124050.0,2024-04-29
2024042901017722,MANDU,65,22,10.0,827.0,8270.0,2024-04-29
2024042901017721,MANDU,65,35,10.0,827.0,8270.0,2024-04-29
2024042901017720,MANDU,65,20,10.0,827.0,8270.0,2024-04-29
2024042901017719,MANDU,65,34,10.0,827.0,8270.0,2024-04-29
2024042901017718,MANDU,65,43,10.0,827.0,8270.0,2024-04-29
2024042901017717,MANDU,65,45,20.0,827.0,16540.0,2024-04-29
2024042901017716,MANDU,65,6,62.0,826.0,51212.0,2024-04-29
2024042904006289,UPCL,42,6,100.0,193.2,19320.0,2024-04-29
2024042901017715,BNHC,19,58,57.0,446.0,25422.0,2024-04-29
2024042901017714,GVL,41,58,10.0,410.3,4103.0,2024-04-29
2024042905003022,NRN,58,57,10.0,500.0,5000.0,2024-04-29
2024042901017713,SARBTM,29,58,10.0,780.2,7802.0,2024-04-29
2024042903018966,GLBSL,38,17,10.0,1957.4,19574.0,2024-04-29
2024042903018965,GLBSL,38,62,150.0,1957.4,293610.0,2024-04-29
2024042903018964,GLBSL,38,29,40.0,1957.0,78280.0,2024-04-29
2024042903018963,GLBSL,38,34,30.0,1957.0,58710.0,2024-04-29
2024042903018962,GLBSL,38,41,100.0,1957.0,195700.0,2024-04-29
2024042903018961,GLBSL,38,34,30.0,1957.0,58710.0,2024-04-29
2024042903018960,GLBSL,38,14,50.0,1955.0,97750.0,2024-04-29
2024042903018959,GLBSL,38,45,10.0,1954.0,19540.0,2024-04-29
2024042903018958,GLBSL,38,14,20.0,1950.0,39000.0,2024-04-29
2024042903018957,GLBSL,38,74,60.0,1920.0,115200.0,2024-04-29
2024042905003021,CHDC,71,34,100.0,810.0,81000.0,2024-04-29
2024042901017712,DOLTI,7,38,350.0,438.0,153300.0,2024-04-29
2024042901017711,DOLTI,7,52,100.0,438.0,43800.0,2024-04-29
2024042901017710,DOLTI,7,7,500.0,437.0,218500.0,2024-04-29
2024042901017709,DOLTI,7,36,10.0,437.0,4370.0,2024-04-29
2024042901017708,DOLTI,7,49,10.0,436.0,4360.0,2024-04-29
2024042901017707,DOLTI,7,58,10.0,435.0,4350.0,2024-04-29
2024042901017706,DOLTI,7,40,10.0,435.0,4350.0,2024-04-29
2024042901017705,DOLTI,7,58,10.0,435.0,4350.0,2024-04-29
2024042903018956,SHINE,46,25,10.0,372.0,3720.0,2024-04-29
2024042903018955,SIFC,67,45,186.0,447.0,83142.0,2024-04-29
2024042903018954,SIFC,67,17,204.0,446.0,90984.0,2024-04-29
2024042903018953,SIFC,67,42,10.0,442.1,4421.0,2024-04-29
2024042903018952,SINDU,95,49,50.0,387.0,19350.0,2024-04-29
2024042903018951,SINDU,46,49,35.0,387.0,13545.0,2024-04-29
2024042901017704,ULHC,39,62,50.0,334.9,16745.0,2024-04-29
2024042901017703,ULHC,39,42,10.0,334.0,3340.0,2024-04-29
2024042903018950,ILBS,66,57,40.0,981.0,39240.0,2024-04-29
2024042903018949,ILBS,66,41,50.0,980.0,49000.0,2024-04-29
2024042903018948,ILBS,66,21,19.0,980.0,18620.0,2024-04-29
2024042903018947,ILBS,66,52,11.0,980.0,10780.0,2024-04-29
2024042903018946,ILBS,66,3,100.0,980.0,98000.0,2024-04-29
2024042903018945,ILBS,66,53,10.0,980.0,9800.0,2024-04-29
2024042903018944,ILBS,66,57,100.0,979.0,97900.0,2024-04-29
2024042903018943,ILBS,66,57,10.0,979.0,9790.0,2024-04-29
2024042903018942,ILBS,66,5,50.0,978.0,48900.0,2024-04-29
2024042903018941,ILBS,66,62,10.0,978.0,9780.0,2024-04-29
2024042903018940,ILBS,66,13,100.0,978.0,97800.0,2024-04-29
2024042901017702,MKLB,42,34,10.0,959.9,9599.0,2024-04-29
2024042901017701,KBL,38,25,10.0,133.3,1333.0,2024-04-29
2024042901017700,SARBTM,21,57,85.0,781.0,66385.0,2024-04-29
2024042904006288,KPCL,32,34,10.0,395.0,3950.0,2024-04-29
2024042904006287,NICL,25,4,100.0,812.1,81210.0,2024-04-29
2024042903018939,ILBS,74,55,59.0,978.0,57702.0,2024-04-29
2024042903018938,ILBS,74,45,35.0,977.9,34226.5,2024-04-29
2024042903018937,ILBS,74,58,10.0,977.0,9770.0,2024-04-29
2024042903018936,ILBS,74,56,12.0,976.5,11718.0,2024-04-29
2024042903018935,ILBS,74,95,75.0,972.8,72960.0,2024-04-29
2024042905003020,CHDC,53,34,150.0,810.0,121500.0,2024-04-29
2024042901017699,NBL,16,49,495.0,199.6,98802.0,2024-04-29
2024042901017698,NBL,28,49,10.0,199.7,1997.0,2024-04-29
2024042904006286,JOSHI,26,37,190.0,336.0,63840.0,2024-04-29
2024042904006285,AKPL,41,56,20.0,166.9,3338.0,2024-04-29
2024042901017697,CLI,45,35,10.0,446.9,4469.0,2024-04-29
2024042903018934,SFCL,34,50,144.0,362.0,52128.0,2024-04-29
2024042903018933,SFCL,34,59,10.0,361.3,3613.0,2024-04-29
2024042903018932,SFCL,34,57,46.0,361.0,16606.0,2024-04-29
2024042903018931,NFS,34,17,357.0,538.7,192315.9,2024-04-29
2024042903018930,NFS,63,17,143.0,538.7,77034.1,2024-04-29
2024042903018929,ALBSL,42,5,37.0,783.9,29004.3,2024-04-29
2024042903018928,ALBSL,42,36,10.0,783.5,7835.0,2024-04-29
2024042903018927,ALBSL,42,63,103.0,783.1,80659.3,2024-04-29
2024042901017696,JALPA,42,5,37.0,1210.0,44770.0,2024-04-29
2024042901017695,MHCL,58,11,10.0,376.0,3760.0,2024-04-29
2024042903018926,MDB,38,17,1440.0,454.5,654480.0,2024-04-29
2024042903018925,MDB,38,6,60.0,454.5,27270.0,2024-04-29
2024042901017694,NIMB,50,53,470.0,152.0,71440.0,2024-04-29
2024042901017693,NIMB,50,39,30.0,151.9,4557.0,2024-04-29
2024042901017692,CLI,86,35,200.0,446.9,89380.0,2024-04-29
2024042904006284,SJCL,11,35,10.0,269.0,2690.0,2024-04-29
2024042904006283,SGIC,32,37,10.0,521.9,5219.0,2024-04-29
2024042901017691,VLUCL,32,32,14.0,468.0,6552.0,2024-04-29
2024042901017690,VLUCL,48,32,20.0,468.0,9360.0,2024-04-29
2024042901017689,MHCL,22,11,20.0,376.0,7520.0,2024-04-29
2024042901017688,SONA,56,44,10.0,445.1,4451.0,2024-04-29
2024042903018924,SFCL,62,44,130.0,360.1,46813.0,2024-04-29
2024042904006282,PPCL,14,57,10.0,239.7,2397.0,2024-04-29
2024042904006281,PPCL,14,58,130.0,235.7,30641.0,2024-04-29
2024042903018923,ICFC,13,58,10.0,539.0,5390.0,2024-04-29
2024042903018922,PROFL,58,38,18.0,362.8,6530.4,2024-04-29
2024042901017687,MAKAR,38,64,10.0,363.0,3630.0,2024-04-29
2024042901017686,MAKAR,38,58,10.0,362.9,3629.0,2024-04-29
2024042901017685,GBIME,14,50,391.0,177.5,69402.5,2024-04-29
2024042901017684,GBIME,58,50,100.0,177.9,17790.0,2024-04-29
2024042901017683,GBIME,34,50,150.0,177.9,26685.0,2024-04-29
2024042901017682,GBIME,38,50,99.0,178.0,17622.0,2024-04-29
2024042901017681,GBIME,7,50,40.0,178.0,7120.0,2024-04-29
2024042901017680,GBIME,6,50,220.0,178.0,39160.0,2024-04-29
2024042901017679,TSHL,54,57,10.0,498.0,4980.0,2024-04-29
2024042905003019,ENL,7,56,10.0,799.0,7990.0,2024-04-29
2024042905003018,ENL,7,36,10.0,798.0,7980.0,2024-04-29
2024042905003017,ENL,7,45,10.0,798.0,7980.0,2024-04-29
2024042905003016,ENL,7,48,20.0,795.0,15900.0,2024-04-29
2024042905003015,ENL,7,34,10.0,795.0,7950.0,2024-04-29
2024042905003014,ENL,7,13,100.0,794.0,79400.0,2024-04-29
2024042905003013,ENL,7,37,30.0,793.0,23790.0,2024-04-29
2024042903018921,KRBL,35,10,10.0,430.0,4300.0,2024-04-29
2024042901017678,UHEWA,35,21,50.0,405.0,20250.0,2024-04-29
2024042903018920,SAPDBL,57,63,10.0,328.0,3280.0,2024-04-29
2024042903018919,ILBS,70,95,21.0,972.8,20428.8,2024-04-29
2024042903018918,ILBS,70,7,50.0,972.6,48630.0,2024-04-29
2024042903018917,ILBS,70,72,50.0,972.0,48600.0,2024-04-29
2024042903018916,ILBS,70,37,29.0,970.0,28130.0,2024-04-29
2024042903018915,NLIC,77,53,436.0,590.0,257240.0,2024-04-29
2024042903018914,NLIC,77,53,64.0,590.0,37760.0,2024-04-29
2024042903018913,MPFL,36,32,10.0,461.1,4611.0,2024-04-29
2024042901017677,MHL,44,49,200.0,400.9,80180.0,2024-04-29
2024042904006280,UPCL,58,41,790.0,193.1,152549.0,2024-04-29
2024042903018912,GRDBL,22,62,100.0,422.0,42200.0,2024-04-29
2024042903018911,GRDBL,22,38,185.0,422.0,78070.0,2024-04-29
2024042901017676,JBLB,58,45,10.0,1280.0,12800.0,2024-04-29
2024042901017675,JBLB,1,45,20.0,1280.0,25600.0,2024-04-29
2024042901017674,JBLB,57,45,20.0,1280.0,25600.0,2024-04-29
2024042901017673,JBLB,41,45,10.0,1280.0,12800.0,2024-04-29
2024042901017672,JBLB,42,45,37.0,1280.0,47360.0,2024-04-29
2024042904006279,CGH,13,45,20.0,773.0,15460.0,2024-04-29
2024042904006278,CGH,29,45,100.0,773.1,77310.0,2024-04-29
2024042904006277,CGH,29,45,100.0,773.1,77310.0,2024-04-29
2024042903018910,JFL,34,49,469.0,517.0,242473.0,2024-04-29
2024042903018909,JFL,34,57,31.0,517.0,16027.0,2024-04-29
2024042903018908,ALBSL,20,17,10.0,780.0,7800.0,2024-04-29
2024042901017671,SMJC,19,6,220.0,362.0,79640.0,2024-04-29
2024042903018907,GUFL,16,22,70.0,746.0,52220.0,2024-04-29
2024042901017670,SARBTM,21,58,35.0,781.0,27335.0,2024-04-29
2024042903018906,CFCL,58,36,10.0,408.5,4085.0,2024-04-29
2024042905003012,NRN,94,57,852.0,496.0,422592.0,2024-04-29
2024042905003011,NRN,8,57,148.0,496.0,73408.0,2024-04-29
2024042903018905,RLFL,28,70,50.0,389.1,19455.0,2024-04-29
2024042901017669,UHEWA,32,21,80.0,405.0,32400.0,2024-04-29
2024042901017668,UHEWA,32,22,10.0,404.0,4040.0,2024-04-29
2024042901017667,UHEWA,32,19,10.0,403.0,4030.0,2024-04-29
2024042901017666,UHEWA,32,38,10.0,403.0,4030.0,2024-04-29
2024042901017665,UHEWA,32,29,10.0,402.5,4025.0,2024-04-29
2024042901017664,UHEWA,32,55,170.0,400.0,68000.0,2024-04-29
2024042901017663,UHEWA,32,35,10.0,400.0,4000.0,2024-04-29
2024042901017662,UHEWA,32,43,300.0,400.0,120000.0,2024-04-29
2024042903018904,JFL,45,11,10.0,515.2,5152.0,2024-04-29
2024042903018903,PFL,49,45,30.0,649.0,19470.0,2024-04-29
2024042905003010,HIDCL,49,44,15.0,162.0,2430.0,2024-04-29
2024042905003009,HIDCL,6,44,400.0,162.0,64800.0,2024-04-29
2024042905003008,HIDCL,42,44,25.0,162.0,4050.0,2024-04-29
2024042905003007,HIDCL,42,44,30.0,162.0,4860.0,2024-04-29
2024042905003006,HIDCL,35,44,10.0,162.0,1620.0,2024-04-29
2024042905003005,HIDCL,40,44,400.0,162.0,64800.0,2024-04-29
2024042905003004,HIDCL,42,44,120.0,162.5,19500.0,2024-04-29
2024042903018902,HLI,41,58,10.0,390.0,3900.0,2024-04-29
2024042903018901,HLI,41,59,75.0,390.0,29250.0,2024-04-29
2024042905003003,NRIC,32,45,90.0,701.1,63099.0,2024-04-29
2024042901017661,SAHAS,47,45,10.0,500.1,5001.0,2024-04-29
2024042903018900,RSDC,34,11,10.0,607.0,6070.0,2024-04-29
2024042901017660,SRLI,42,48,350.0,435.0,152250.0,2024-04-29
2024042903018899,ALBSL,19,63,47.0,783.1,36805.7,2024-04-29
2024042903018898,ALBSL,19,48,130.0,783.0,101790.0,2024-04-29
2024042903018897,ALBSL,19,57,11.0,783.0,8613.0,2024-04-29
2024042903018896,ALBSL,19,34,10.0,783.0,7830.0,2024-04-29
2024042903018895,ALBSL,19,26,10.0,783.0,7830.0,2024-04-29
2024042903018894,ALBSL,19,19,100.0,782.9,78290.0,2024-04-29
2024042903018893,ALBSL,19,7,18.0,782.9,14092.2,2024-04-29
2024042903018892,ALBSL,19,4,172.0,782.0,134504.0,2024-04-29
2024042903018891,ALBSL,19,35,10.0,782.0,7820.0,2024-04-29
2024042903018890,ALBSL,19,19,18.0,781.0,14058.0,2024-04-29
2024042903018889,ALBSL,19,1,138.0,781.0,107778.0,2024-04-29
2024042903018888,ALBSL,19,38,50.0,780.0,39000.0,2024-04-29
2024042903018887,ALBSL,19,58,10.0,780.0,7800.0,2024-04-29
2024042903018886,ALBSL,19,7,10.0,780.0,7800.0,2024-04-29
2024042903018885,ALBSL,19,11,20.0,780.0,15600.0,2024-04-29
2024042903018884,ALBSL,19,41,11.0,780.0,8580.0,2024-04-29
2024042903018883,ALBSL,19,14,30.0,779.9,23397.0,2024-04-29
2024042903018882,ALBSL,19,51,85.0,779.8,66283.0,2024-04-29
2024042903018881,ALBSL,19,18,10.0,779.0,7790.0,2024-04-29
2024042903018880,ALBSL,19,57,10.0,777.0,7770.0,2024-04-29
2024042903018879,ALBSL,19,57,10.0,777.0,7770.0,2024-04-29
2024042903018878,ALBSL,19,17,10.0,775.0,7750.0,2024-04-29
2024042903018877,ALBSL,19,49,10.0,774.0,7740.0,2024-04-29
2024042903018876,ALBSL,19,44,70.0,772.2,54054.0,2024-04-29
2024042903018875,JFL,26,59,100.0,515.3,51530.0,2024-04-29
2024042903018874,JFL,41,59,100.0,515.3,51530.0,2024-04-29
2024042904006276,MEN,38,58,10.0,510.0,5100.0,2024-04-29
2024042903018873,GUFL,35,57,190.0,745.0,141550.0,2024-04-29
2024042903018872,GUFL,39,57,100.0,745.1,74510.0,2024-04-29
2024042903018871,GUFL,14,57,10.0,747.0,7470.0,2024-04-29
2024042903018870,GUFL,28,41,10.0,748.0,7480.0,2024-04-29
2024042903018869,PFL,57,72,590.0,648.0,382320.0,2024-04-29
2024042903018868,PFL,58,72,10.0,648.0,6480.0,2024-04-29
2024042903018867,PFL,56,72,100.0,648.0,64800.0,2024-04-29
2024042903018866,JBBL,55,16,70.0,291.5,20405.0,2024-04-29
2024042903018865,MFIL,34,55,100.0,530.0,53000.0,2024-04-29
2024042901017659,HDL,37,53,100.0,1455.2,145520.0,2024-04-29
2024042901017658,SONA,56,48,100.0,445.1,44510.0,2024-04-29
2024042903018864,MLBBL,49,45,10.0,1034.9,10349.0,2024-04-29
2024042901017657,PCBL,41,45,1569.0,194.6,305327.4,2024-04-29
2024042904006275,NLG,34,16,10.0,749.5,7495.0,2024-04-29
2024042903018863,SAPDBL,34,63,30.0,328.0,9840.0,2024-04-29
2024042901017656,USHL,34,53,200.0,478.0,95600.0,2024-04-29
2024042904006274,RHPL,25,5,10.0,265.9,2659.0,2024-04-29
2024042903018862,SADBL,65,34,51.0,306.0,15606.0,2024-04-29
2024042904006273,JOSHI,52,5,10.0,339.9,3399.0,2024-04-29
2024042903018861,SJLIC,59,45,200.0,418.0,83600.0,2024-04-29
2024042901017655,HATHY,52,38,100.0,825.0,82500.0,2024-04-29
2024042901017654,MKHL,58,41,25.0,441.0,11025.0,2024-04-29
2024042901017653,MKHL,58,42,700.0,441.0,308700.0,2024-04-29
2024042901017652,MKHL,58,49,10.0,441.0,4410.0,2024-04-29
2024042901017651,MKHL,58,49,10.0,441.0,4410.0,2024-04-29
2024042901017650,MKHL,58,11,10.0,441.0,4410.0,2024-04-29
2024042901017649,MKHL,58,47,10.0,440.0,4400.0,2024-04-29
2024042901017648,MKHL,58,95,100.0,440.0,44000.0,2024-04-29
2024042901017647,MKHL,58,42,10.0,440.0,4400.0,2024-04-29
2024042901017646,MKHL,58,7,10.0,440.0,4400.0,2024-04-29
2024042901017645,MKHL,58,51,10.0,439.8,4398.0,2024-04-29
2024042901017644,MKHL,58,45,150.0,439.0,65850.0,2024-04-29
2024042901017643,MKHL,58,42,200.0,438.0,87600.0,2024-04-29
2024042901017642,MKHL,58,44,500.0,438.0,219000.0,2024-04-29
2024042901017641,MKHL,58,35,10.0,438.0,4380.0,2024-04-29
2024042901017640,MKHL,58,22,100.0,437.9,43790.0,2024-04-29
2024042901017639,MKHL,58,57,10.0,437.0,4370.0,2024-04-29
2024042901017638,MKHL,58,38,10.0,435.0,4350.0,2024-04-29
2024042901017637,MKHL,58,36,10.0,435.0,4350.0,2024-04-29
2024042901017636,MKHL,58,46,10.0,435.0,4350.0,2024-04-29
2024042901017635,MKHL,58,42,35.0,435.0,15225.0,2024-04-29
2024042901017634,MKHL,58,42,100.0,435.0,43500.0,2024-04-29
2024042901017633,MKHL,58,7,50.0,435.0,21750.0,2024-04-29
2024042901017632,MKHL,58,58,10.0,435.0,4350.0,2024-04-29
2024042901017631,MKHL,58,43,10.0,435.0,4350.0,2024-04-29
2024042901017630,MKHL,58,95,900.0,433.9,390510.0,2024-04-29
2024042901017629,MSHL,58,58,10.0,630.0,6300.0,2024-04-29
2024042901017628,MSHL,58,48,10.0,625.0,6250.0,2024-04-29
2024042901017627,MSHL,58,58,10.0,625.0,6250.0,2024-04-29
2024042901017626,MSHL,58,42,10.0,625.0,6250.0,2024-04-29
2024042901017625,MSHL,58,38,40.0,624.0,24960.0,2024-04-29
2024042901017624,MSHL,58,46,10.0,623.0,6230.0,2024-04-29
2024042901017623,MSHL,58,58,10.0,623.0,6230.0,2024-04-29
2024042901017622,MSHL,58,58,10.0,622.0,6220.0,2024-04-29
2024042901017621,NABIL,45,5,58.0,428.1,24829.8,2024-04-29
2024042901017620,NABIL,52,5,10.0,428.2,4282.0,2024-04-29
2024042901017619,NABIL,66,5,12.0,428.5,5142.0,2024-04-29
2024042901017618,NABIL,47,5,20.0,428.5,8570.0,2024-04-29
2024042903018860,ICFC,1,58,38.0,539.0,20482.0,2024-04-29
2024042901017617,HHL,57,35,10.0,358.0,3580.0,2024-04-29
2024042901017616,SPL,6,4,19.0,636.0,12084.0,2024-04-29
2024042901017615,SPL,39,4,11.0,636.2,6998.2,2024-04-29
2024042901017614,SPL,58,4,10.0,636.3,6363.0,2024-04-29
2024042901017613,SPL,50,4,10.0,637.7,6377.0,2024-04-29
2024042901017612,SPL,35,4,50.0,638.0,31900.0,2024-04-29
2024042903018859,JFL,39,57,189.0,517.0,97713.0,2024-04-29
2024042903018858,JFL,39,49,500.0,517.0,258500.0,2024-04-29
2024042903018857,JFL,39,38,170.0,517.0,87890.0,2024-04-29
2024042903018856,JFL,39,49,131.0,517.0,67727.0,2024-04-29
2024042903018855,JFL,39,11,10.0,516.9,5169.0,2024-04-29
2024042903018854,MLBBL,14,38,10.0,1020.5,10205.0,2024-04-29
2024042901017611,SARBTM,21,32,72.0,781.0,56232.0,2024-04-29
2024042905003002,HIDCL,34,43,10.0,163.0,1630.0,2024-04-29
2024042905003001,HRL,34,36,500.0,589.0,294500.0,2024-04-29
2024042901017610,TVCL,34,39,50.0,485.0,24250.0,2024-04-29
2024042901017609,TVCL,34,36,20.0,484.9,9698.0,2024-04-29
2024042901017608,TVCL,34,39,200.0,484.0,96800.0,2024-04-29
2024042901017607,TVCL,34,52,30.0,484.0,14520.0,2024-04-29
2024042904006272,NGPL,34,45,10.0,314.0,3140.0,2024-04-29
2024042903018853,ICFC,1,38,50.0,537.0,26850.0,2024-04-29
2024042903018852,ICFC,58,38,100.0,537.1,53710.0,2024-04-29
2024042903018851,SAPDBL,26,63,500.0,328.0,164000.0,2024-04-29
2024042904006271,UPPER,44,35,480.0,163.7,78576.0,2024-04-29
2024042901017606,SGHC,29,35,100.0,313.0,31300.0,2024-04-29
2024042903018850,DDBL,58,4,25.0,687.0,17175.0,2024-04-29
2024042901017605,SMJC,57,45,40.0,363.0,14520.0,2024-04-29
2024042901017604,USHEC,42,32,10.0,361.3,3613.0,2024-04-29
2024042904006270,NIL,64,3,146.0,790.0,115340.0,2024-04-29
2024042901017603,ILI,26,39,90.0,562.5,50625.0,2024-04-29
2024042901017602,ILI,5,39,10.0,563.9,5639.0,2024-04-29
2024042901017601,SNLI,11,49,167.0,598.5,99949.5,2024-04-29
2024042901017600,SNLI,11,58,10.0,598.0,5980.0,2024-04-29
2024042901017599,SNLI,11,34,10.0,598.0,5980.0,2024-04-29
2024042901017598,BHL,14,44,50.0,325.0,16250.0,2024-04-29
2024042901017597,BHL,14,49,50.0,324.9,16245.0,2024-04-29
2024042904006269,HDHPC,55,14,599.0,130.0,77870.0,2024-04-29
2024042903018849,GUFL,35,41,50.0,745.0,37250.0,2024-04-29
2024042904006268,NGPL,40,62,194.0,313.3,60780.2,2024-04-29
2024042903018848,SAPDBL,34,63,20.0,328.0,6560.0,2024-04-29
2024042903018847,GRDBL,42,3,100.0,421.0,42100.0,2024-04-29
2024042901017596,SHLB,42,14,10.0,1214.0,12140.0,2024-04-29
2024042901017595,SHLB,42,57,10.0,1210.0,12100.0,2024-04-29
2024042901017594,SHLB,42,29,10.0,1209.0,12090.0,2024-04-29
2024042901017593,PHCL,62,38,10.0,293.3,2933.0,2024-04-29
2024042903018846,BFC,6,43,558.0,408.0,227664.0,2024-04-29
2024042903018845,BFC,38,43,100.0,408.1,40810.0,2024-04-29
2024042903018844,BFC,62,43,595.0,408.2,242879.0,2024-04-29
2024042903018843,BFC,42,43,125.0,408.5,51062.5,2024-04-29
2024042903018842,BFC,44,43,50.0,409.0,20450.0,2024-04-29
2024042903018841,BFC,94,43,72.0,409.0,29448.0,2024-04-29
2024042901017592,MMKJL,50,26,470.0,415.0,195050.0,2024-04-29
2024042901017591,MMKJL,90,26,30.0,415.2,12456.0,2024-04-29
2024042901017590,KBL,28,25,104.0,133.3,13863.2,2024-04-29
2024042901017589,MEHL,29,16,62.0,309.0,19158.0,2024-04-29
2024042903018840,SIFC,58,17,50.0,446.0,22300.0,2024-04-29
2024042903018839,HLBSL,74,54,10.0,729.0,7290.0,2024-04-29
2024042901017588,HDL,4,16,50.0,1458.0,72900.0,2024-04-29
2024042904006267,CGH,28,14,20.0,773.2,15464.0,2024-04-29
2024042903018838,BFC,22,48,200.0,409.5,81900.0,2024-04-29
2024042904006266,SHL,34,74,100.0,429.9,42990.0,2024-04-29
2024042903018837,SFCL,34,57,20.0,361.0,7220.0,2024-04-29
2024042903018836,GLBSL,38,42,260.0,1919.0,498940.0,2024-04-29
2024042904006265,AKPL,19,56,250.0,166.9,41725.0,2024-04-29
2024042903018835,SADBL,52,34,10.0,306.0,3060.0,2024-04-29
2024042901017587,HBL,14,50,3531.0,176.9,624633.9,2024-04-29
2024042903018834,BFC,94,38,28.0,409.0,11452.0,2024-04-29
2024042901017586,UHEWA,45,81,10.0,395.0,3950.0,2024-04-29
2024042901017585,RNLI,22,8,11.0,424.0,4664.0,2024-04-29
2024042901017584,ULHC,36,32,200.0,333.9,66780.0,2024-04-29
2024042905003000,HRL,55,36,50.0,589.0,29450.0,2024-04-29
2024042905002999,HRL,36,36,20.0,589.0,11780.0,2024-04-29
2024042905002998,HRL,56,36,800.0,589.0,471200.0,2024-04-29
2024042905002997,HRL,26,36,100.0,589.0,58900.0,2024-04-29
2024042905002996,HRL,45,36,20.0,589.0,11780.0,2024-04-29
2024042905002995,HRL,42,36,15.0,589.0,8835.0,2024-04-29
2024042905002994,HRL,42,36,100.0,589.0,58900.0,2024-04-29
2024042901017583,SARBTM,14,32,20.0,781.0,15620.0,2024-04-29
2024042903018833,PFL,41,45,50.0,649.0,32450.0,2024-04-29
2024042901017582,MBL,22,56,10.0,168.0,1680.0,2024-04-29
2024042903018832,PFL,6,45,50.0,649.0,32450.0,2024-04-29
2024042903018831,SMFBS,25,67,10.0,1271.9,12719.0,2024-04-29
2024042901017581,TSHL,77,47,24.0,493.6,11846.4,2024-04-29
2024042901017580,TSHL,48,47,100.0,493.8,49380.0,2024-04-29
2024042901017579,TSHL,52,47,100.0,494.0,49400.0,2024-04-29
2024042901017578,TSHL,58,47,76.0,495.0,37620.0,2024-04-29
2024042903018830,KSBBL,52,60,160.0,366.0,58560.0,2024-04-29
2024042905002993,HRL,1,19,11.0,589.0,6479.0,2024-04-29
2024042905002992,HRL,58,19,138.0,589.0,81282.0,2024-04-29
2024042903018829,MLBBL,17,38,50.0,1020.5,51025.0,2024-04-29
2024042903018828,WNLB,35,34,10.0,1344.4,13444.0,2024-04-29
2024042901017577,MKHC,14,95,500.0,315.0,157500.0,2024-04-29
2024042903018827,NADEP,33,6,10.0,694.9,6949.0,2024-04-29
2024042901017576,CKHL,70,13,100.0,499.0,49900.0,2024-04-29
2024042903018826,PROFL,44,88,155.0,364.0,56420.0,2024-04-29
2024042903018825,PROFL,44,57,250.0,363.9,90975.0,2024-04-29
2024042903018824,PROFL,44,38,47.0,363.9,17103.3,2024-04-29
2024042903018823,PROFL,44,20,108.0,363.8,39290.4,2024-04-29
2024042903018822,PROFL,44,56,100.0,363.0,36300.0,2024-04-29
2024042903018821,PROFL,44,39,10.0,363.0,3630.0,2024-04-29
2024042903018820,PROFL,44,38,10.0,363.0,3630.0,2024-04-29
2024042903018819,SHINE,75,37,201.0,371.0,74571.0,2024-04-29
2024042903018818,SHINE,59,37,114.0,371.1,42305.4,2024-04-29
2024042904006264,GHL,56,41,20.0,147.1,2942.0,2024-04-29
2024042903018817,RLFL,34,65,160.0,389.0,62240.0,2024-04-29
2024042903018816,RLFL,32,65,450.0,390.0,175500.0,2024-04-29
2024042901017575,CITY,35,43,80.0,579.0,46320.0,2024-04-29
2024042901017574,CITY,26,43,20.0,579.2,11584.0,2024-04-29
2024042903018815,PROFL,26,35,25.0,363.0,9075.0,2024-04-29
2024042901017573,NABIL,7,25,41.0,429.0,17589.0,2024-04-29
2024042901017572,CLI,42,57,10.0,446.0,4460.0,2024-04-29
2024042903018814,RLFL,32,58,50.0,390.0,19500.0,2024-04-29
2024042901017571,MEL,58,6,210.0,231.9,48699.0,2024-04-29
2024042901017570,MEL,58,11,190.0,231.0,43890.0,2024-04-29
2024042903018813,NADEP,64,6,40.0,694.9,27796.0,2024-04-29
2024042903018812,NADEP,64,50,180.0,690.0,124200.0,2024-04-29
2024042903018811,USLB,39,32,14.0,1930.0,27020.0,2024-04-29
2024042903018810,USLB,39,28,10.0,1930.0,19300.0,2024-04-29
2024042903018809,USLB,39,49,34.0,1929.5,65603.0,2024-04-29
2024042903018808,USLB,39,22,32.0,1929.0,61728.0,2024-04-29
2024042903018807,USLB,39,45,10.0,1929.0,19290.0,2024-04-29
2024042901017569,RHGCL,41,74,71.0,335.0,23785.0,2024-04-29
2024042901017568,RHGCL,41,55,10.0,335.0,3350.0,2024-04-29
2024042901017567,RHGCL,41,51,10.0,335.0,3350.0,2024-04-29
2024042901017566,RHGCL,41,74,10.0,335.0,3350.0,2024-04-29
2024042901017565,RHGCL,41,91,10.0,335.0,3350.0,2024-04-29
2024042901017564,RHGCL,41,69,200.0,334.9,66980.0,2024-04-29
2024042901017563,RHGCL,41,58,40.0,333.0,13320.0,2024-04-29
2024042901017562,RHGCL,41,47,10.0,333.0,3330.0,2024-04-29
2024042901017561,RHGCL,41,8,10.0,333.0,3330.0,2024-04-29
2024042901017560,RHGCL,41,58,10.0,332.0,3320.0,2024-04-29
2024042901017559,RHGCL,41,34,44.0,332.0,14608.0,2024-04-29
2024042901017558,RHGCL,41,69,75.0,331.0,24825.0,2024-04-29
2024042903018806,SFCL,25,57,200.0,361.0,72200.0,2024-04-29
2024042901017557,KDL,53,34,10.0,768.0,7680.0,2024-04-29
2024042903018805,NICLBSL,34,25,10.0,646.7,6467.0,2024-04-29
2024042903018804,NICLBSL,34,58,10.0,646.0,6460.0,2024-04-29
2024042901017556,RNLI,22,47,11.0,424.0,4664.0,2024-04-29
2024042903018803,SAPDBL,50,63,100.0,328.0,32800.0,2024-04-29
2024042904006263,SHEL,38,4,80.0,158.2,12656.0,2024-04-29
2024042904006262,NLG,51,7,142.0,745.0,105790.0,2024-04-29
2024042901017555,SNLI,26,57,10.0,597.2,5972.0,2024-04-29
2024042904006261,SPDL,11,29,10.0,224.1,2241.0,2024-04-29
2024042901017554,NYADI,48,33,10.0,289.6,2896.0,2024-04-29
2024042901017553,HIDCLP,35,55,190.0,98.6,18734.0,2024-04-29
2024042901017552,HIDCLP,29,55,200.0,98.7,19740.0,2024-04-29
2024042901017551,HIDCLP,44,55,160.0,98.7,15792.0,2024-04-29
2024042901017550,MEL,7,11,10.0,231.1,2311.0,2024-04-29
2024042901017549,GCIL,34,94,369.0,489.5,180625.5,2024-04-29
2024042903018802,GILB,62,33,70.0,1007.0,70490.0,2024-04-29
2024042903018801,GILB,62,18,80.0,1006.0,80480.0,2024-04-29
2024042903018800,GILB,62,41,50.0,1005.5,50275.0,2024-04-29
2024042903018799,NFS,63,34,157.0,538.7,84575.9,2024-04-29
2024042903018798,NFS,34,34,383.0,538.7,206322.1,2024-04-29
2024042901017548,CKHL,42,13,70.0,499.0,34930.0,2024-04-29
2024042901017547,NMB,50,7,55.0,170.5,9377.5,2024-04-29
2024042901017546,MANDU,65,35,16.0,821.0,13136.0,2024-04-29
2024042901017545,MANDU,45,35,80.0,822.0,65760.0,2024-04-29
2024042903018797,SAPDBL,49,63,100.0,328.0,32800.0,2024-04-29
2024042903018796,SAPDBL,40,63,300.0,328.0,98400.0,2024-04-29
2024042903018795,SAPDBL,35,63,30.0,328.0,9840.0,2024-04-29
2024042903018794,SAPDBL,58,63,200.0,328.0,65600.0,2024-04-29
2024042903018793,SAPDBL,59,63,500.0,328.1,164050.0,2024-04-29
2024042903018792,SAPDBL,29,63,45.0,328.1,14764.5,2024-04-29
2024042903018791,SAPDBL,25,63,10.0,328.2,3282.0,2024-04-29
2024042903018790,SAPDBL,29,63,555.0,328.5,182317.5,2024-04-29
2024042903018789,SAPDBL,22,63,50.0,328.5,16425.0,2024-04-29
2024042903018788,SAPDBL,3,63,165.0,328.5,54202.5,2024-04-29
2024042903018787,SAPDBL,58,63,50.0,328.6,16430.0,2024-04-29
2024042901017544,RHGCL,85,69,25.0,331.0,8275.0,2024-04-29
2024042903018786,MLBSL,57,11,21.0,1685.0,35385.0,2024-04-29
2024042903018785,MPFL,81,48,25.0,458.0,11450.0,2024-04-29
2024042903018784,MPFL,14,48,25.0,460.0,11500.0,2024-04-29
2024042903018783,MDB,69,6,10.0,454.5,4545.0,2024-04-29
2024042903018782,ALBSL,43,44,10.0,773.0,7730.0,2024-04-29
2024042903018781,RLFL,34,65,480.0,389.0,186720.0,2024-04-29
2024042903018780,RLFL,48,65,20.0,389.0,7780.0,2024-04-29
2024042903018779,RLFL,58,65,500.0,389.1,194550.0,2024-04-29
2024042901017543,ADBL,55,45,50.0,236.4,11820.0,2024-04-29
2024042901017542,MKLB,45,34,21.0,952.0,19992.0,2024-04-29
2024042901017541,MMKJL,50,34,330.0,415.0,136950.0,2024-04-29
2024042901017540,MMKJL,90,34,10.0,415.2,4152.0,2024-04-29
2024042901017539,EHPL,65,34,300.0,452.0,135600.0,2024-04-29
2024042901017538,MBJC,47,83,10.0,298.8,2988.0,2024-04-29
2024042901017537,MBJC,47,48,10.0,298.0,2980.0,2024-04-29
2024042903018778,SIFC,20,17,646.0,446.0,288116.0,2024-04-29
2024042903018777,SIFC,20,29,264.0,446.0,117744.0,2024-04-29
2024042903018776,SIFC,20,74,50.0,446.0,22300.0,2024-04-29
2024042903018775,SIFC,20,22,40.0,445.0,17800.0,2024-04-29
2024042901017536,PHCL,50,42,250.0,293.3,73325.0,2024-04-29
2024042901017535,SONA,86,13,100.0,445.3,44530.0,2024-04-29
2024042901017534,SMJC,19,46,353.0,362.0,127786.0,2024-04-29
2024042901017533,SMJC,34,46,10.0,362.1,3621.0,2024-04-29
2024042903018774,SAPDBL,17,46,100.0,329.0,32900.0,2024-04-29
2024042903018773,PFL,6,7,50.0,649.0,32450.0,2024-04-29
2024042903018772,PFL,6,7,50.0,649.0,32450.0,2024-04-29
2024042903018771,SFCL,21,57,166.0,361.0,59926.0,2024-04-29
2024042903018770,SFCL,36,57,500.0,361.0,180500.0,2024-04-29
2024042903018769,SFCL,10,57,68.0,361.0,24548.0,2024-04-29
2024042901017532,ILI,57,20,10.0,564.0,5640.0,2024-04-29
2024042901017531,MKCL,58,34,10.0,849.0,8490.0,2024-04-29
2024042903018768,PFL,39,7,1000.0,649.9,649900.0,2024-04-29
2024042901017530,CLI,42,11,30.0,446.0,13380.0,2024-04-29
2024042901017529,SMHL,62,56,100.0,427.0,42700.0,2024-04-29
2024042901017528,SMHL,59,56,90.0,427.0,38430.0,2024-04-29
2024042901017527,SMHL,45,56,50.0,427.0,21350.0,2024-04-29
2024042903018767,CFCL,57,47,20.0,403.2,8064.0,2024-04-29
2024042903018766,CFCL,42,47,70.0,403.8,28266.0,2024-04-29
2024042903018765,CFCL,56,47,100.0,404.0,40400.0,2024-04-29
2024042904006260,AKJCL,50,16,45.0,207.6,9342.0,2024-04-29
2024042904006259,SGIC,29,37,100.0,521.9,52190.0,2024-04-29
2024042901017526,ULHC,36,62,90.0,333.9,30051.0,2024-04-29
2024042901017525,PRVU,42,6,20.0,139.7,2794.0,2024-04-29
2024042903018764,SADBL,17,51,45.0,305.3,13738.5,2024-04-29
2024042904006258,GLH,5,45,10.0,202.0,2020.0,2024-04-29
2024042901017524,MMKJL,90,35,10.0,415.2,4152.0,2024-04-29
2024042903018763,WNLB,56,35,75.0,1300.0,97500.0,2024-04-29
2024042903018762,WNLB,6,35,100.0,1300.0,130000.0,2024-04-29
2024042903018761,WNLB,94,35,20.0,1300.0,26000.0,2024-04-29
2024042903018760,SIFC,67,57,486.0,442.0,214812.0,2024-04-29
2024042903018759,SIFC,34,57,1000.0,443.0,443000.0,2024-04-29
2024042903018758,SIFC,82,57,100.0,443.0,44300.0,2024-04-29
2024042903018757,SIFC,17,57,13.0,443.1,5760.3,2024-04-29
2024042903018756,SIFC,82,57,401.0,444.0,178044.0,2024-04-29
2024042903018755,PFL,11,7,100.0,649.9,64990.0,2024-04-29
2024042903018754,MPFL,62,57,48.0,462.7,22209.6,2024-04-29
2024042903018753,MPFL,62,77,42.0,462.0,19404.0,2024-04-29
2024042903018752,MPFL,62,49,70.0,462.0,32340.0,2024-04-29
2024042903018751,MPFL,62,44,40.0,460.0,18400.0,2024-04-29
2024042901017523,DLBS,21,77,10.0,1169.0,11690.0,2024-04-29
2024042901017522,DLBS,21,56,10.0,1168.0,11680.0,2024-04-29
2024042901017521,DLBS,21,19,10.0,1165.0,11650.0,2024-04-29
2024042903018750,SAPDBL,58,65,50.0,328.6,16430.0,2024-04-29
2024042903018749,SAPDBL,28,65,300.0,329.0,98700.0,2024-04-29
2024042901017520,TSHL,58,42,224.0,495.0,110880.0,2024-04-29
2024042901017519,TSHL,45,42,50.0,495.0,24750.0,2024-04-29
2024042901017518,TSHL,52,42,100.0,495.0,49500.0,2024-04-29
2024042901017517,TSHL,13,42,50.0,495.1,24755.0,2024-04-29
2024042901017516,TSHL,5,42,10.0,496.0,4960.0,2024-04-29
2024042901017515,TSHL,81,42,15.0,496.0,7440.0,2024-04-29
2024042901017514,TSHL,43,42,51.0,497.4,25367.4,2024-04-29
2024042901017513,TSHL,16,42,40.0,497.5,19900.0,2024-04-29
2024042904006257,NHPC,19,32,100.0,145.0,14500.0,2024-04-29
2024042904006256,MEN,16,58,10.0,508.0,5080.0,2024-04-29
2024042904006255,MEN,16,43,1172.0,508.0,595376.0,2024-04-29
2024042901017512,PRVU,6,16,250.0,139.9,34975.0,2024-04-29
2024042905002991,HRL,1,49,100.0,589.5,58950.0,2024-04-29
2024042903018748,PMLI,7,57,10.0,500.0,5000.0,2024-04-29
2024042903018747,KRBL,29,10,500.0,430.0,215000.0,2024-04-29
2024042901017511,ANLB,8,42,10.0,1965.0,19650.0,2024-04-29
2024042901017510,HDL,37,33,30.0,1455.2,43656.0,2024-04-29
2024042901017509,HDL,8,33,10.0,1455.3,14553.0,2024-04-29
2024042901017508,HDL,45,33,10.0,1455.3,14553.0,2024-04-29
2024042901017507,SARBTM,32,32,100.0,781.0,78100.0,2024-04-29
2024042901017506,SHIVM,66,74,550.0,500.1,275055.0,2024-04-29
2024042901017505,SHIVM,54,74,100.0,500.1,50010.0,2024-04-29
2024042901017504,SHIVM,45,74,60.0,500.1,30006.0,2024-04-29
2024042901017503,SHIVM,43,74,50.0,500.9,25045.0,2024-04-29
2024042901017502,SHIVM,8,74,200.0,501.0,100200.0,2024-04-29
2024042901017501,SHIVM,41,74,30.0,502.0,15060.0,2024-04-29
2024042901017500,CLI,42,58,10.0,446.0,4460.0,2024-04-29
2024042901017499,NICGF2,10,58,125.0,8.25,1031.25,2024-04-29
2024042901017498,AVYAN,26,14,120.0,738.0,88560.0,2024-04-29
2024042901017497,TAMOR,38,65,190.0,369.0,70110.0,2024-04-29
2024042904006254,CGH,28,45,80.0,773.2,61856.0,2024-04-29
2024042901017496,ANLB,17,3,20.0,1936.1,38722.0,2024-04-29
2024042904006253,AKJCL,71,35,20.0,208.0,4160.0,2024-04-29
2024042904006252,CGH,35,26,100.0,773.2,77320.0,2024-04-29
2024042903018746,WNLB,94,35,80.0,1300.0,104000.0,2024-04-29
2024042903018745,WNLB,45,35,30.0,1308.0,39240.0,2024-04-29
2024042903018744,WNLB,59,35,20.0,1310.0,26200.0,2024-04-29
2024042903018743,WNLB,41,35,10.0,1313.0,13130.0,2024-04-29
2024042903018742,WNLB,49,35,20.0,1315.0,26300.0,2024-04-29
2024042903018741,WNLB,57,35,30.0,1315.0,39450.0,2024-04-29
2024042903018740,WNLB,35,35,100.0,1315.0,131500.0,2024-04-29
2024042903018739,WNLB,48,35,10.0,1317.0,13170.0,2024-04-29
2024042903018738,NADEP,58,58,30.0,688.0,20640.0,2024-04-29
2024042905002990,CHDC,53,25,50.0,809.9,40495.0,2024-04-29
2024042905002989,CHDC,53,25,20.0,809.9,16198.0,2024-04-29
2024042905002988,CHDC,53,74,10.0,809.0,8090.0,2024-04-29
2024042905002987,HRL,58,36,10.0,589.0,5890.0,2024-04-29
2024042903018737,SIFC,17,22,100.0,445.0,44500.0,2024-04-29
2024042903018736,ALICL,41,13,148.0,552.0,81696.0,2024-04-29
2024042901017495,SONA,28,13,38.0,445.4,16925.2,2024-04-29
2024042904006251,KPCL,55,22,13.0,390.4,5075.2,2024-04-29
2024042905002986,NTC,25,49,17.0,830.0,14110.0,2024-04-29
2024042901017494,MEHL,34,16,200.0,309.0,61800.0,2024-04-29
2024042901017493,MEHL,48,16,90.0,309.0,27810.0,2024-04-29
2024042901017492,MEHL,49,16,200.0,309.1,61820.0,2024-04-29
2024042903018735,CFCL,26,51,245.0,404.0,98980.0,2024-04-29
2024042903018734,CFCL,57,51,50.0,404.1,20205.0,2024-04-29
2024042905002985,HRL,58,35,20.0,589.0,11780.0,2024-04-29
2024042903018733,WNLB,48,35,40.0,1317.0,52680.0,2024-04-29
2024042903018732,WNLB,34,35,10.0,1318.0,13180.0,2024-04-29
2024042903018731,WNLB,49,35,20.0,1320.0,26400.0,2024-04-29
2024042903018730,WNLB,35,35,50.0,1320.0,66000.0,2024-04-29
2024042903018729,WNLB,28,35,20.0,1321.0,26420.0,2024-04-29
2024042903018728,WNLB,38,35,20.0,1321.0,26420.0,2024-04-29
2024042903018727,WNLB,35,35,50.0,1325.0,66250.0,2024-04-29
2024042903018726,WNLB,40,35,30.0,1325.1,39753.0,2024-04-29
2024042903018725,WNLB,5,35,20.0,1325.2,26504.0,2024-04-29
2024042903018724,WNLB,49,35,10.0,1325.3,13253.0,2024-04-29
2024042903018723,WNLB,58,35,10.0,1330.0,13300.0,2024-04-29
2024042903018722,WNLB,34,35,20.0,1331.0,26620.0,2024-04-29
2024042903018721,MPFL,91,44,460.0,460.0,211600.0,2024-04-29
2024042903018720,MPFL,91,33,40.0,460.0,18400.0,2024-04-29
2024042905002984,NTC,16,49,159.0,830.0,131970.0,2024-04-29
2024042901017491,PRVU,14,16,100.0,139.9,13990.0,2024-04-29
2024042901017490,CYCL,62,21,11.0,1474.9,16223.9,2024-04-29
2024042903018719,MNBBL,39,22,50.0,341.0,17050.0,2024-04-29
2024042903018718,USLB,62,52,10.0,1925.2,19252.0,2024-04-29
2024042901017489,MSHL,58,35,50.0,615.5,30775.0,2024-04-29
2024042901017488,MSHL,56,35,50.0,616.0,30800.0,2024-04-29
2024042903018717,GFCL,18,53,15.0,486.5,7297.5,2024-04-29
2024042903018716,GFCL,58,53,65.0,486.5,31622.5,2024-04-29
2024042901017487,CLI,42,35,300.0,446.9,134070.0,2024-04-29
2024042905002983,HRL,58,26,170.0,589.0,100130.0,2024-04-29
2024042905002982,HRL,57,26,50.0,589.0,29450.0,2024-04-29
2024042905002981,HRL,41,26,580.0,589.0,341620.0,2024-04-29
2024042901017486,MANDU,28,1,10.0,827.0,8270.0,2024-04-29
2024042901017485,MANDU,28,67,160.0,827.0,132320.0,2024-04-29
2024042901017484,MANDU,28,58,10.0,826.0,8260.0,2024-04-29
2024042901017483,MANDU,28,1,20.0,826.0,16520.0,2024-04-29
2024042901017482,MHCL,22,28,10.0,376.0,3760.0,2024-04-29
2024042901017481,SHIVM,95,94,1429.0,503.0,718787.0,2024-04-29
2024042901017480,SHIVM,95,57,10.0,502.0,5020.0,2024-04-29
2024042901017479,SHIVM,95,17,561.0,502.0,281622.0,2024-04-29
2024042903018715,KRBL,29,10,363.0,430.0,156090.0,2024-04-29
2024042903018714,KRBL,29,21,137.0,429.8,58882.6,2024-04-29
2024042901017478,RFPL,62,49,88.0,360.4,31715.2,2024-04-29
2024042901017477,RFPL,65,49,412.0,360.5,148526.0,2024-04-29
2024042905002980,NIFRA,4,48,54.0,197.4,10659.6,2024-04-29
2024042901017476,PPL,16,62,200.0,604.2,120840.0,2024-04-29
2024042901017475,CZBIL,14,41,887.0,154.0,136598.0,2024-04-29
2024042901017474,CZBIL,14,41,100.0,154.1,15410.0,2024-04-29
2024042901017473,CZBIL,46,41,13.0,154.2,2004.6,2024-04-29
2024042903018713,SMFBS,25,90,21.0,1271.0,26691.0,2024-04-29
2024042905002979,CIT,34,34,10.0,2104.1,21041.0,2024-04-29
2024042903018712,SIFC,34,22,10.0,445.0,4450.0,2024-04-29
2024042903018711,GUFL,16,41,100.0,748.0,74800.0,2024-04-29
2024042903018710,PFL,50,7,348.0,649.9,226165.2,2024-04-29
2024042903018709,PFL,50,1,100.0,649.4,64940.0,2024-04-29
2024042903018708,PFL,50,21,52.0,649.0,33748.0,2024-04-29
2024042905002978,NRN,8,38,352.0,496.0,174592.0,2024-04-29
2024042905002977,NRN,49,38,100.0,496.0,49600.0,2024-04-29
2024042905002976,NRN,90,38,50.0,496.9,24845.0,2024-04-29
2024042905002975,NRN,66,38,100.0,497.0,49700.0,2024-04-29
2024042905002974,NRN,58,38,50.0,498.0,24900.0,2024-04-29
2024042905002973,NRN,13,38,100.0,498.0,49800.0,2024-04-29
2024042905002972,NRN,29,38,100.0,498.0,49800.0,2024-04-29
2024042905002971,NRN,8,38,100.0,498.0,49800.0,2024-04-29
2024042905002970,NRN,60,38,200.0,498.0,99600.0,2024-04-29
2024042905002969,NRN,7,38,21.0,498.9,10476.9,2024-04-29
2024042905002968,NRN,47,38,27.0,498.9,13470.3,2024-04-29
2024042903018707,NLICL,28,54,200.0,546.0,109200.0,2024-04-29
2024042901017472,AVYAN,26,51,10.0,738.0,7380.0,2024-04-29
2024042901017471,AVYAN,26,47,10.0,738.0,7380.0,2024-04-29
2024042901017470,SARBTM,63,5,180.0,780.1,140418.0,2024-04-29
2024042901017469,SARBTM,40,5,20.0,780.3,15606.0,2024-04-29
2024042903018706,SFCL,10,19,32.0,361.0,11552.0,2024-04-29
2024042903018705,SFCL,57,19,300.0,361.0,108300.0,2024-04-29
2024042903018704,SFCL,11,19,168.0,361.0,60648.0,2024-04-29
2024042901017468,KBSH,28,49,10.0,1030.0,10300.0,2024-04-29
2024042901017467,KBSH,28,57,100.0,1025.0,102500.0,2024-04-29
2024042903018703,KRBL,29,21,73.0,429.8,31375.4,2024-04-29
2024042903018702,KRBL,29,58,80.0,429.0,34320.0,2024-04-29
2024042903018701,KRBL,29,58,49.0,429.0,21021.0,2024-04-29
2024042903018700,KRBL,29,14,160.0,429.0,68640.0,2024-04-29
2024042903018699,KRBL,29,25,500.0,428.0,214000.0,2024-04-29
2024042903018698,KRBL,29,86,138.0,428.0,59064.0,2024-04-29
2024042904006250,API,33,58,155.0,169.7,26303.5,2024-04-29
2024042904006249,API,33,44,45.0,169.6,7632.0,2024-04-29
2024042903018697,GFCL,32,45,50.0,486.6,24330.0,2024-04-29
2024042903018696,MSLB,36,36,80.0,1130.0,90400.0,2024-04-29
2024042903018695,MSLB,74,36,20.0,1130.0,22600.0,2024-04-29
2024042903018694,MSLB,94,36,50.0,1131.0,56550.0,2024-04-29
2024042903018693,GUFL,35,65,3112.0,745.0,2318440.0,2024-04-29
2024042903018692,GUFL,6,65,10.0,745.0,7450.0,2024-04-29
2024042903018691,GUFL,34,65,100.0,745.0,74500.0,2024-04-29
2024042903018690,GUFL,44,65,100.0,745.0,74500.0,2024-04-29
2024042903018689,GUFL,54,65,50.0,745.0,37250.0,2024-04-29
2024042903018688,GUFL,53,65,10.0,745.0,7450.0,2024-04-29
2024042903018687,GUFL,62,65,25.0,745.1,18627.5,2024-04-29
2024042903018686,GUFL,45,65,50.0,746.0,37300.0,2024-04-29
2024042903018685,GUFL,57,65,500.0,746.0,373000.0,2024-04-29
2024042903018684,GUFL,72,65,43.0,747.0,32121.0,2024-04-29
2024042901017466,RNLI,22,58,11.0,424.0,4664.0,2024-04-29
2024042903018683,SFCL,11,22,50.0,361.0,18050.0,2024-04-29
2024042901017465,RHGCL,81,47,279.0,330.0,92070.0,2024-04-29
2024042901017464,RHGCL,32,47,200.0,330.1,66020.0,2024-04-29
2024042901017463,RHGCL,40,47,500.0,330.2,165100.0,2024-04-29
2024042901017462,RHGCL,14,47,141.0,330.2,46558.2,2024-04-29
2024042901017461,RHGCL,74,47,380.0,330.3,125514.0,2024-04-29
2024042901017460,ULBSL,45,42,30.0,1400.0,42000.0,2024-04-29
2024042905002967,CIT,21,54,10.0,2102.0,21020.0,2024-04-29
2024042901017459,SONA,28,35,110.0,445.4,48994.0,2024-04-29
2024042901017458,SONA,28,41,60.0,445.4,26724.0,2024-04-29
2024042901017457,PCBL,14,57,515.0,194.5,100167.5,2024-04-29
2024042901017456,PCBL,42,57,100.0,194.6,19460.0,2024-04-29
2024042901017455,PCBL,1,57,718.0,194.6,139722.8,2024-04-29
2024042901017454,PCBL,57,57,136.0,194.7,26479.2,2024-04-29
2024042901017453,MLBS,7,38,10.0,1196.0,11960.0,2024-04-29
2024042901017452,SONA,56,66,470.0,445.1,209197.0,2024-04-29
2024042901017451,KBL,93,25,10.0,133.3,1333.0,2024-04-29
2024042903018682,MFIL,34,58,10.0,530.0,5300.0,2024-04-29
2024042903018681,ALICL,10,40,10.0,554.4,5544.0,2024-04-29
2024042903018680,ALICL,10,32,10.0,553.0,5530.0,2024-04-29
2024042903018679,LICN,48,16,50.0,1315.0,65750.0,2024-04-29
2024042903018678,GMFIL,16,54,164.0,395.4,64845.6,2024-04-29
2024042903018677,GMFIL,22,54,80.0,396.0,31680.0,2024-04-29
2024042903018676,GMFIL,39,54,156.0,396.1,61791.6,2024-04-29
2024042904006248,NIL,38,3,310.0,790.0,244900.0,2024-04-29
2024042904006247,JOSHI,38,5,10.0,339.9,3399.0,2024-04-29
2024042901017450,NWCL,34,26,50.0,728.0,36400.0,2024-04-29
2024042903018675,SINDU,46,74,70.0,387.0,27090.0,2024-04-29
2024042901017449,ULHC,5,62,10.0,333.9,3339.0,2024-04-29
2024042901017448,KBSH,42,57,30.0,1017.0,30510.0,2024-04-29
2024042901017447,KBSH,34,57,50.0,1018.0,50900.0,2024-04-29
2024042901017446,KBSH,19,57,10.0,1018.0,10180.0,2024-04-29
2024042901017445,KBSH,35,57,10.0,1018.1,10181.0,2024-04-29
2024042903018674,PROFL,52,57,100.0,362.2,36220.0,2024-04-29
2024042904006246,AKJCL,50,39,84.0,207.6,17438.4,2024-04-29
2024042904006245,AKJCL,41,39,10.0,207.9,2079.0,2024-04-29
2024042903018673,FMDBL,25,39,3857.0,600.0,2314200.0,2024-04-29
2024042903018672,FMDBL,52,39,500.0,600.0,300000.0,2024-04-29
2024042903018671,FMDBL,95,39,50.0,600.0,30000.0,2024-04-29
2024042903018670,FMDBL,17,39,100.0,600.0,60000.0,2024-04-29
2024042903018669,FMDBL,52,39,30.0,600.0,18000.0,2024-04-29
2024042903018668,FMDBL,81,39,100.0,600.1,60010.0,2024-04-29
2024042903018667,FMDBL,59,39,30.0,600.9,18027.0,2024-04-29
2024042903018666,FMDBL,58,39,100.0,602.0,60200.0,2024-04-29
2024042903018665,FMDBL,32,39,100.0,602.0,60200.0,2024-04-29
2024042903018664,FMDBL,50,39,13.0,602.0,7826.0,2024-04-29
2024042903018663,FMDBL,49,39,20.0,603.0,12060.0,2024-04-29
2024042903018662,FMDBL,17,39,100.0,605.0,60500.0,2024-04-29
2024042901017444,RAWA,18,34,20.0,478.0,9560.0,2024-04-29
2024042903018661,SADBL,88,52,595.0,305.5,181772.5,2024-04-29
2024042901017443,DOLTI,42,36,300.0,433.0,129900.0,2024-04-29
2024042903018660,MFIL,34,42,100.0,530.0,53000.0,2024-04-29
2024042903018659,GUFL,42,48,10.0,749.0,7490.0,2024-04-29
2024042903018658,GMFIL,16,19,200.0,398.0,79600.0,2024-04-29
2024042903018657,SADBL,17,38,63.0,305.3,19233.9,2024-04-29
2024042903018656,SADBL,88,38,50.0,305.4,15270.0,2024-04-29
2024042901017442,NABIL,57,25,14.0,429.0,6006.0,2024-04-29
2024042901017441,NABIL,57,4,11.0,429.0,4719.0,2024-04-29
2024042904006244,HURJA,43,57,200.0,288.0,57600.0,2024-04-29
2024042903018655,GRDBL,32,38,285.0,422.0,120270.0,2024-04-29
2024042903018654,GRDBL,32,39,115.0,421.1,48426.5,2024-04-29
2024042903018653,GRDBL,41,39,385.0,421.1,162123.5,2024-04-29
2024042901017440,SNLI,48,14,10.0,598.0,5980.0,2024-04-29
2024042901017439,SNLI,48,16,10.0,598.0,5980.0,2024-04-29
2024042901017438,SNLI,48,58,125.0,598.0,74750.0,2024-04-29
2024042901017437,SNLI,48,44,10.0,597.6,5976.0,2024-04-29
2024042903018652,MPFL,81,58,20.0,458.0,9160.0,2024-04-29
2024042903018651,KSBBL,58,60,30.0,366.0,10980.0,2024-04-29
2024042901017436,MKJC,17,45,20.0,432.6,8652.0,2024-04-29
2024042905002966,NRN,47,45,23.0,498.9,11474.7,2024-04-29
2024042905002965,NRN,22,45,27.0,499.0,13473.0,2024-04-29
2024042901017435,CYCL,25,4,21.0,1475.0,30975.0,2024-04-29
2024042903018650,MFIL,34,57,68.0,530.0,36040.0,2024-04-29
2024042903018649,KRBL,29,86,441.0,428.0,188748.0,2024-04-29
2024042903018648,KRBL,29,35,59.0,428.0,25252.0,2024-04-29
2024042901017434,NBL,33,49,20.0,200.0,4000.0,2024-04-29
2024042903018647,SHINE,32,37,35.0,372.0,13020.0,2024-04-29
2024042901017433,MHCL,22,11,30.0,376.0,11280.0,2024-04-29
2024042901017432,MHCL,32,11,10.0,376.0,3760.0,2024-04-29
2024042904006243,NHPC,49,32,25.0,145.0,3625.0,2024-04-29
2024042904006242,NICL,59,58,100.0,812.0,81200.0,2024-04-29
2024042903018646,GRDBL,22,38,500.0,422.0,211000.0,2024-04-29
2024042903018645,GUFL,72,71,787.0,747.0,587889.0,2024-04-29
2024042903018644,GUFL,52,71,50.0,747.0,37350.0,2024-04-29
2024042903018643,GUFL,57,71,500.0,747.0,373500.0,2024-04-29
2024042903018642,GUFL,42,71,17.0,747.0,12699.0,2024-04-29
2024042903018641,GUFL,51,71,100.0,747.0,74700.0,2024-04-29
2024042903018640,GUFL,29,71,100.0,747.0,74700.0,2024-04-29
2024042903018639,GUFL,38,71,1000.0,747.2,747200.0,2024-04-29
2024042903018638,GUFL,29,71,100.0,747.3,74730.0,2024-04-29
2024042903018637,GUFL,65,71,200.0,747.3,149460.0,2024-04-29
2024042903018636,GUFL,34,71,50.0,747.5,37375.0,2024-04-29
2024042903018635,GUFL,21,71,50.0,748.0,37400.0,2024-04-29
2024042903018634,GUFL,4,71,16.0,748.0,11968.0,2024-04-29
2024042903018633,GUFL,39,71,30.0,748.1,22443.0,2024-04-29
2024042904006241,LEC,42,94,50.0,182.0,9100.0,2024-04-29
2024042901017431,SPHL,54,57,50.0,460.0,23000.0,2024-04-29
2024042903018632,MPFL,32,33,10.0,460.0,4600.0,2024-04-29
2024042901017430,SRLI,26,48,50.0,435.0,21750.0,2024-04-29
2024042901017429,SRLI,45,48,100.0,435.1,43510.0,2024-04-29
2024042901017428,SRLI,48,48,100.0,435.2,43520.0,2024-04-29
2024042901017427,SRLI,74,48,400.0,435.3,174120.0,2024-04-29
2024042901017426,CLI,42,58,10.0,446.0,4460.0,2024-04-29
2024042903018631,PFL,14,21,10.0,649.0,6490.0,2024-04-29
2024042903018630,KRBL,62,35,141.0,428.0,60348.0,2024-04-29
2024042903018629,KRBL,62,54,30.0,427.0,12810.0,2024-04-29
2024042903018628,KRBL,62,81,329.0,427.0,140483.0,2024-04-29
2024042903018627,SIFC,82,22,99.0,444.0,43956.0,2024-04-29
2024042901017425,NICA,84,4,600.0,352.9,211740.0,2024-04-29
2024042901017424,NICA,84,33,200.0,352.7,70540.0,2024-04-29
2024042901017423,NICA,84,33,198.0,352.0,69696.0,2024-04-29
2024042901017422,EHPL,42,36,10.0,455.9,4559.0,2024-04-29
2024042904006240,BARUN,63,29,20.0,230.0,4600.0,2024-04-29
2024042901017421,SONA,56,35,20.0,445.1,8902.0,2024-04-29
2024042901017420,MKCL,6,7,10.0,846.0,8460.0,2024-04-29
2024042903018626,CORBL,55,1,175.0,442.0,77350.0,2024-04-29
2024042904006239,HURJA,43,32,40.0,288.0,11520.0,2024-04-29
2024042901017419,SRLI,49,45,80.0,436.5,34920.0,2024-04-29
2024042901017418,SRLI,49,14,10.0,436.0,4360.0,2024-04-29
2024042905002964,NRN,22,36,173.0,499.0,86327.0,2024-04-29
2024042905002963,NRN,41,36,127.0,499.0,63373.0,2024-04-29
2024042905002962,NRN,7,36,200.0,499.1,99820.0,2024-04-29
2024042903018625,KRBL,62,81,171.0,427.0,73017.0,2024-04-29
2024042903018624,KRBL,62,21,50.0,425.0,21250.0,2024-04-29
2024042903018623,KRBL,62,57,103.0,425.0,43775.0,2024-04-29
2024042903018622,KRBL,62,38,100.0,425.0,42500.0,2024-04-29
2024042904006238,SHEL,47,4,10.0,158.2,1582.0,2024-04-29
2024042901017417,HDL,34,16,10.0,1458.0,14580.0,2024-04-29
2024042901017416,HDL,34,33,50.0,1456.3,72815.0,2024-04-29
2024042901017415,TAMOR,38,59,500.0,369.0,184500.0,2024-04-29
2024042901017414,RFPL,65,54,10.0,360.5,3605.0,2024-04-29
2024042903018621,NABBC,28,35,84.0,454.0,38136.0,2024-04-29
2024042903018620,NABBC,28,34,16.0,453.6,7257.6,2024-04-29
2024042905002961,HRL,41,4,170.0,589.0,100130.0,2024-04-29
2024042905002960,HRL,17,4,50.0,589.0,29450.0,2024-04-29
2024042905002959,HRL,57,4,100.0,589.0,58900.0,2024-04-29
2024042905002958,HRL,21,4,60.0,589.0,35340.0,2024-04-29
2024042905002957,HRL,33,4,120.0,589.1,70692.0,2024-04-29
2024042904006237,SHEL,45,4,10.0,158.2,1582.0,2024-04-29
2024042903018619,SFCL,67,7,155.0,362.9,56249.5,2024-04-29
2024042903018618,SFCL,67,45,45.0,362.5,16312.5,2024-04-29
2024042903018617,SFCL,67,57,300.0,362.0,108600.0,2024-04-29
2024042901017413,EHPL,65,32,490.0,452.0,221480.0,2024-04-29
2024042901017412,EHPL,57,32,10.0,452.1,4521.0,2024-04-29
2024042901017411,MBL,62,38,1000.0,167.9,167900.0,2024-04-29
2024042901017410,MBL,62,36,290.0,167.9,48691.0,2024-04-29
2024042901017409,PPL,17,58,10.0,604.9,6049.0,2024-04-29
2024042903018616,KSBBL,21,60,200.0,366.0,73200.0,2024-04-29
2024042903018615,LBBL,41,1,100.0,378.0,37800.0,2024-04-29
2024042903018614,MFIL,34,56,50.0,530.0,26500.0,2024-04-29
2024042903018613,MFIL,34,55,200.0,530.0,106000.0,2024-04-29
2024042903018612,MFIL,34,7,40.0,530.0,21200.0,2024-04-29
2024042903018611,MFIL,34,42,360.0,529.0,190440.0,2024-04-29
2024042901017408,MANDU,19,1,50.0,826.0,41300.0,2024-04-29
2024042901017407,MKHL,48,95,100.0,434.0,43400.0,2024-04-29
2024042901017406,RHGCL,85,34,100.0,332.0,33200.0,2024-04-29
2024042901017405,SONA,56,91,510.0,445.1,227001.0,2024-04-29
2024042901017404,MANDU,19,58,10.0,826.0,8260.0,2024-04-29
2024042901017403,EHPL,58,36,10.0,455.9,4559.0,2024-04-29
2024042903018610,MFIL,34,42,100.0,529.0,52900.0,2024-04-29
2024042904006236,CHL,58,19,100.0,316.0,31600.0,2024-04-29
2024042904006235,CHCL,57,54,50.0,437.0,21850.0,2024-04-29
2024042904006234,NHPC,57,32,50.0,145.0,7250.0,2024-04-29
2024042903018609,KRBL,29,38,500.0,425.0,212500.0,2024-04-29
2024042903018608,MLBL,32,14,15.0,326.9,4903.5,2024-04-29
2024042903018607,MLBL,32,14,35.0,326.9,11441.5,2024-04-29
2024042905002956,HRL,33,44,10.0,589.1,5891.0,2024-04-29
2024042903018606,PFL,49,56,50.0,648.0,32400.0,2024-04-29
2024042905002955,NTC,16,41,50.0,830.0,41500.0,2024-04-29
2024042903018605,SAPDBL,47,49,50.0,329.6,16480.0,2024-04-29
2024042903018604,ICFC,71,42,50.0,537.1,26855.0,2024-04-29
2024042903018603,MFIL,4,42,40.0,529.0,21160.0,2024-04-29
2024042901017402,MANDU,19,42,10.0,826.0,8260.0,2024-04-29
2024042901017401,MANDU,19,58,10.0,826.0,8260.0,2024-04-29
2024042901017400,MANDU,19,53,10.0,826.0,8260.0,2024-04-29
2024042901017399,MANDU,19,11,50.0,826.0,41300.0,2024-04-29
2024042901017398,MANDU,19,54,60.0,826.0,49560.0,2024-04-29
2024042903018602,MPFL,44,33,50.0,460.0,23000.0,2024-04-29
2024042903018601,MDB,69,6,10.0,454.5,4545.0,2024-04-29
2024042903018600,JFL,45,49,40.0,515.2,20608.0,2024-04-29
2024042903018599,JBBL,36,16,30.0,291.5,8745.0,2024-04-29
2024042901017397,HATHY,52,62,12.0,825.0,9900.0,2024-04-29
2024042901017396,HATHY,40,62,62.0,825.0,51150.0,2024-04-29
2024042901017395,HATHY,4,62,110.0,825.0,90750.0,2024-04-29
2024042901017394,HATHY,21,62,50.0,825.0,41250.0,2024-04-29
2024042901017393,HATHY,49,62,216.0,825.1,178221.6,2024-04-29
2024042901017392,HATHY,28,62,30.0,825.2,24756.0,2024-04-29
2024042901017391,HATHY,22,62,20.0,825.2,16504.0,2024-04-29
2024042901017390,SONA,56,21,100.0,445.1,44510.0,2024-04-29
2024042901017389,TVCL,58,7,10.0,484.0,4840.0,2024-04-29
2024042903018598,SMFBS,25,90,10.0,1247.0,12470.0,2024-04-29
2024042903018597,SMFBS,25,52,10.0,1222.9,12229.0,2024-04-29
2024042903018596,SMFBS,25,32,10.0,1220.0,12200.0,2024-04-29
2024042901017388,SNLI,45,58,178.0,597.0,106266.0,2024-04-29
2024042901017387,SNLI,55,58,20.0,597.0,11940.0,2024-04-29
2024042901017386,SNLI,19,58,50.0,597.0,29850.0,2024-04-29
2024042901017385,SNLI,28,58,50.0,597.0,29850.0,2024-04-29
2024042901017384,SNLI,3,58,200.0,597.0,119400.0,2024-04-29
2024042901017383,SNLI,41,58,350.0,597.0,208950.0,2024-04-29
2024042901017382,SNLI,55,58,300.0,597.0,179100.0,2024-04-29
2024042901017381,SNLI,58,58,10.0,597.0,5970.0,2024-04-29
2024042901017380,SNLI,45,58,10.0,597.0,5970.0,2024-04-29
2024042901017379,SNLI,45,58,20.0,597.0,11940.0,2024-04-29
2024042901017378,SNLI,56,58,100.0,597.0,59700.0,2024-04-29
2024042901017377,SNLI,46,58,18.0,597.0,10746.0,2024-04-29
2024042901017376,SNLI,42,58,334.0,597.1,199431.4,2024-04-29
2024042901017375,SNLI,58,58,10.0,597.1,5971.0,2024-04-29
2024042901017374,SNLI,49,58,20.0,597.1,11942.0,2024-04-29
2024042901017373,SNLI,52,58,30.0,597.2,17916.0,2024-04-29
2024042901017372,SNLI,41,58,10.0,597.5,5975.0,2024-04-29
2024042901017371,SNLI,42,58,50.0,597.5,29875.0,2024-04-29
2024042901017370,SNLI,45,58,140.0,597.5,83650.0,2024-04-29
2024042901017369,SNLI,38,58,20.0,597.6,11952.0,2024-04-29
2024042901017368,SNLI,1,58,80.0,597.6,47808.0,2024-04-29
2024042903018595,PROFL,52,47,164.0,362.2,59400.8,2024-04-29
2024042903018594,PROFL,58,47,36.0,363.0,13068.0,2024-04-29
2024042904006233,API,58,44,10.0,169.6,1696.0,2024-04-29
2024042901017367,IHL,5,62,10.0,378.9,3789.0,2024-04-29
2024042901017366,IHL,5,46,10.0,376.0,3760.0,2024-04-29
2024042901017365,IHL,5,13,10.0,375.0,3750.0,2024-04-29
2024042905002954,HRL,33,19,20.0,589.1,11782.0,2024-04-29
2024042901017364,UHEWA,57,43,330.0,400.0,132000.0,2024-04-29
2024042901017363,SARBTM,63,32,80.0,780.1,62408.0,2024-04-29
2024042901017362,SARBTM,43,32,50.0,780.2,39010.0,2024-04-29
2024042901017361,SARBTM,57,32,40.0,780.3,31212.0,2024-04-29
2024042904006232,UNHPL,34,48,200.0,220.2,44040.0,2024-04-29
2024042904006231,UNHPL,3,48,100.0,220.3,22030.0,2024-04-29
2024042904006230,UNHPL,3,48,100.0,220.3,22030.0,2024-04-29
2024042904006229,UNHPL,3,48,100.0,220.3,22030.0,2024-04-29
2024042903018593,BFC,21,38,112.0,410.0,45920.0,2024-04-29
2024042903018592,BFC,21,57,451.0,410.0,184910.0,2024-04-29
2024042903018591,BFC,21,17,437.0,410.0,179170.0,2024-04-29
2024042901017360,LSL,22,33,10.0,148.8,1488.0,2024-04-29
2024042901017359,LSL,22,64,115.0,148.0,17020.0,2024-04-29
2024042903018590,PROFL,58,17,14.0,363.0,5082.0,2024-04-29
2024042903018589,BFC,50,17,15.0,410.0,6150.0,2024-04-29
2024042904006228,NHDL,50,39,349.0,424.5,148150.5,2024-04-29
2024042904006227,NHDL,50,28,101.0,424.0,42824.0,2024-04-29
2024042901017358,UHEWA,34,43,270.0,400.0,108000.0,2024-04-29
2024042901017357,UHEWA,34,38,10.0,400.0,4000.0,2024-04-29
2024042901017356,UHEWA,34,41,10.0,400.0,4000.0,2024-04-29
2024042901017355,UHEWA,34,65,210.0,397.0,83370.0,2024-04-29
2024042903018588,RLFL,86,95,20.0,391.0,7820.0,2024-04-29
2024042903018587,RLFL,86,65,80.0,390.0,31200.0,2024-04-29
2024042903018586,SIFC,34,22,20.0,444.0,8880.0,2024-04-29
2024042903018585,MNBBL,39,26,80.0,341.0,27280.0,2024-04-29
2024042901017354,RNLI,1,6,9.0,425.0,3825.0,2024-04-29
2024042901017353,RNLI,1,14,10.0,425.0,4250.0,2024-04-29
2024042901017352,RNLI,1,35,11.0,424.5,4669.5,2024-04-29
2024042904006226,NIL,38,3,355.0,790.0,280450.0,2024-04-29
2024042901017351,NRM,38,65,10.0,357.5,3575.0,2024-04-29
2024042901017350,ILI,57,49,10.0,563.9,5639.0,2024-04-29
2024042901017349,NICA,58,33,30.0,352.0,10560.0,2024-04-29
2024042901017348,NICA,19,33,79.0,352.0,27808.0,2024-04-29
2024042903018584,PROFL,52,32,100.0,362.2,36220.0,2024-04-29
2024042904006225,JOSHI,29,49,50.0,334.0,16700.0,2024-04-29
2024042904006224,API,1,44,200.0,169.5,33900.0,2024-04-29
2024042903018583,PFL,44,21,38.0,649.0,24662.0,2024-04-29
2024042903018582,PFL,44,67,12.0,649.0,7788.0,2024-04-29
2024042903018581,KRBL,62,38,30.0,425.0,12750.0,2024-04-29
2024042903018580,KRBL,62,14,470.0,424.0,199280.0,2024-04-29
2024042901017347,HBL,14,13,17.0,176.9,3007.3,2024-04-29
2024042904006223,NICL,59,13,130.0,812.0,105560.0,2024-04-29
2024042904006222,NICL,58,13,50.0,812.0,40600.0,2024-04-29
2024042904006221,NICL,7,13,10.0,812.1,8121.0,2024-04-29
2024042901017346,NICA,19,22,21.0,352.0,7392.0,2024-04-29
2024042901017345,SONA,56,38,100.0,445.1,44510.0,2024-04-29
2024042901017344,SONA,59,38,1000.0,445.2,445200.0,2024-04-29
2024042905002953,NIFRA,45,7,858.0,197.3,169283.4,2024-04-29
2024042905002952,NIFRA,58,7,142.0,197.3,28016.6,2024-04-29
2024042901017343,NMB,36,7,900.0,170.5,153450.0,2024-04-29
2024042901017342,NMB,36,77,100.0,170.5,17050.0,2024-04-29
2024042903018579,RLFL,49,65,20.0,390.0,7800.0,2024-04-29
2024042903018578,RLFL,45,65,50.0,390.0,19500.0,2024-04-29
2024042903018577,GLBSL,38,22,50.0,1919.0,95950.0,2024-04-29
2024042901017341,ULBSL,45,78,150.0,1400.0,210000.0,2024-04-29
2024042901017340,SPHL,54,25,10.0,460.0,4600.0,2024-04-29
2024042903018576,RSDC,54,45,58.0,603.0,34974.0,2024-04-29
2024042903018575,WNLB,58,48,22.0,1344.0,29568.0,2024-04-29
2024042903018574,WNLB,58,4,21.0,1344.0,28224.0,2024-04-29
2024042904006220,DHPL,16,35,500.0,200.5,100250.0,2024-04-29
2024042901017339,SHIVM,63,17,439.0,502.0,220378.0,2024-04-29
2024042901017338,SHIVM,63,57,32.0,502.0,16064.0,2024-04-29
2024042901017337,SHIVM,63,41,114.0,502.0,57228.0,2024-04-29
2024042901017336,SHIVM,63,57,51.0,502.0,25602.0,2024-04-29
2024042901017335,SHIVM,63,13,582.0,502.0,292164.0,2024-04-29
2024042901017334,SHIVM,63,39,11.0,501.0,5511.0,2024-04-29
2024042901017333,SHIVM,63,36,300.0,501.0,150300.0,2024-04-29
2024042901017332,SHIVM,63,57,471.0,500.9,235923.9,2024-04-29
2024042904006219,BARUN,63,65,81.0,230.9,18702.9,2024-04-29
2024042901017331,TPC,7,21,10.0,474.0,4740.0,2024-04-29
2024042901017330,TPC,7,49,10.0,470.0,4700.0,2024-04-29
2024042901017329,RNLI,32,35,11.0,424.0,4664.0,2024-04-29
2024042903018573,CFCL,64,36,50.0,408.5,20425.0,2024-04-29
2024042901017328,EHPL,57,74,90.0,452.1,40689.0,2024-04-29
2024042901017327,EHPL,65,74,10.0,452.5,4525.0,2024-04-29
2024042903018572,SIFC,48,22,168.0,444.0,74592.0,2024-04-29
2024042901017326,MEHL,36,55,10.0,311.0,3110.0,2024-04-29
2024042901017325,MEHL,36,14,10.0,310.7,3107.0,2024-04-29
2024042901017324,MEHL,36,8,10.0,310.0,3100.0,2024-04-29
2024042904006218,SSHL,44,14,360.0,161.6,58176.0,2024-04-29
2024042901017323,CYCL,25,4,30.0,1475.0,44250.0,2024-04-29
2024042903018571,SAPDBL,45,49,20.0,329.6,6592.0,2024-04-29
2024042903018570,SAPDBL,45,35,80.0,329.6,26368.0,2024-04-29
2024042903018569,GUFL,59,16,160.0,749.0,119840.0,2024-04-29
2024042901017322,UHEWA,57,54,100.0,396.0,39600.0,2024-04-29
2024042903018568,GMFIL,39,42,294.0,396.1,116453.4,2024-04-29
2024042903018567,PROFL,34,46,100.0,362.1,36210.0,2024-04-29
2024042901017321,SGHC,21,38,90.0,312.0,28080.0,2024-04-29
2024042903018566,NFS,34,43,65.0,538.7,35015.5,2024-04-29
2024042903018565,SFCL,11,19,282.0,361.0,101802.0,2024-04-29
2024042903018564,SFCL,33,19,218.0,361.0,78698.0,2024-04-29
2024042901017320,PRVU,56,16,1290.0,139.9,180471.0,2024-04-29
2024042901017319,PRVU,56,25,600.0,139.9,83940.0,2024-04-29
2024042901017318,PRVU,56,25,100.0,139.9,13990.0,2024-04-29
2024042901017317,PRVU,56,26,250.0,139.9,34975.0,2024-04-29
2024042901017316,PRVU,56,49,177.0,139.9,24762.3,2024-04-29
2024042901017315,PRVU,56,25,100.0,139.8,13980.0,2024-04-29
2024042901017314,PRVU,56,34,483.0,139.8,67523.4,2024-04-29
2024042901017313,CKHL,90,13,30.0,499.0,14970.0,2024-04-29
2024042903018563,SHINE,38,37,100.0,372.0,37200.0,2024-04-29
2024042905002951,NMB50,7,26,100.0,9.62,962.0,2024-04-29
2024042901017312,NRM,85,8,10.0,353.0,3530.0,2024-04-29
2024042901017311,SARBTM,29,57,10.0,782.0,7820.0,2024-04-29
2024042903018562,GMFIL,39,11,50.0,396.1,19805.0,2024-04-29
2024042901017310,HDL,37,44,185.0,1455.2,269212.0,2024-04-29
2024042901017309,SNLI,58,58,20.0,598.0,11960.0,2024-04-29
2024042901017308,ILI,26,52,40.0,562.5,22500.0,2024-04-29
2024042903018561,JFL,72,49,369.0,517.0,190773.0,2024-04-29
2024042903018560,JFL,72,58,56.0,516.9,28946.4,2024-04-29
2024042903018559,JFL,72,11,75.0,516.9,38767.5,2024-04-29
2024042903018558,SFCL,33,95,32.0,361.0,11552.0,2024-04-29
2024042903018557,SFCL,32,95,20.0,361.0,7220.0,2024-04-29
2024042903018556,SFCL,37,95,20.0,361.0,7220.0,2024-04-29
2024042903018555,SFCL,58,95,113.0,361.0,40793.0,2024-04-29
2024042903018554,SFCL,62,95,15.0,361.2,5418.0,2024-04-29
2024042903018553,SFCL,3,95,500.0,361.3,180650.0,2024-04-29
2024042901017307,HHL,48,56,30.0,358.0,10740.0,2024-04-29
2024042901017306,HHL,48,57,10.0,357.9,3579.0,2024-04-29
2024042901017305,HHL,48,57,10.0,357.7,3577.0,2024-04-29
2024042901017304,HHL,48,46,30.0,357.6,10728.0,2024-04-29
2024042901017303,HHL,48,57,10.0,356.7,3567.0,2024-04-29
2024042901017302,HHL,48,57,10.0,356.0,3560.0,2024-04-29
2024042903018552,GRDBL,45,38,30.0,422.0,12660.0,2024-04-29
2024042903018551,GRDBL,45,36,70.0,422.0,29540.0,2024-04-29
2024042903018550,JBBL,6,38,82.0,291.0,23862.0,2024-04-29
2024042903018549,MDB,77,6,10.0,454.5,4545.0,2024-04-29
2024042904006217,UPPER,44,7,190.0,163.7,31103.0,2024-04-29
2024042904006216,HDHPC,55,29,221.0,130.0,28730.0,2024-04-29
2024042904006215,HDHPC,46,29,279.0,130.0,36270.0,2024-04-29
2024042903018548,PROFL,48,38,153.0,363.9,55676.7,2024-04-29
2024042903018547,PROFL,48,11,500.0,363.1,181550.0,2024-04-29
2024042903018546,PROFL,48,17,59.0,363.0,21417.0,2024-04-29
2024042903018545,PROFL,48,26,288.0,363.0,104544.0,2024-04-29
2024042901017301,NICGF2,10,10,125.0,8.17,1021.25,2024-04-29
2024042903018544,KRBL,62,38,70.0,425.0,29750.0,2024-04-29
2024042903018543,KRBL,62,47,30.0,425.0,12750.0,2024-04-29
2024042903018542,KRBL,62,94,400.0,424.9,169960.0,2024-04-29
2024042903018541,KMCDB,56,56,30.0,774.5,23235.0,2024-04-29
2024042903018540,KMCDB,48,56,10.0,777.0,7770.0,2024-04-29
2024042901017300,MEL,58,29,390.0,232.0,90480.0,2024-04-29
2024042901017299,MEL,58,49,610.0,231.9,141459.0,2024-04-29
2024042903018539,PROFL,58,26,400.0,363.0,145200.0,2024-04-29
2024042903018538,PROFL,58,13,100.0,362.9,36290.0,2024-04-29
2024042905002950,NRIC,38,67,290.0,704.0,204160.0,2024-04-29
2024042904006214,API,55,44,10.0,169.6,1696.0,2024-04-29
2024042901017298,UHEWA,29,65,10.0,397.0,3970.0,2024-04-29
2024042901017297,DOLTI,70,67,300.0,430.2,129060.0,2024-04-29
2024042901017296,MKHL,48,44,100.0,434.0,43400.0,2024-04-29
2024042901017295,SARBTM,57,68,60.0,780.3,46818.0,2024-04-29
2024042901017294,SARBTM,32,68,50.0,781.0,39050.0,2024-04-29
2024042903018537,GUFL,39,54,70.0,748.1,52367.0,2024-04-29
2024042901017293,NWCL,34,58,10.0,728.0,7280.0,2024-04-29
2024042901017292,CITY,26,38,50.0,579.2,28960.0,2024-04-29
2024042903018536,ICFC,5,57,19.0,537.0,10203.0,2024-04-29
2024042903018535,PFL,48,67,13.0,649.0,8437.0,2024-04-29
2024042903018534,SHINE,59,49,186.0,371.1,69024.6,2024-04-29
2024042903018533,SHINE,22,49,54.0,371.2,20044.8,2024-04-29
2024042903018532,SHINE,19,49,100.0,371.2,37120.0,2024-04-29
2024042903018531,SHINE,26,49,60.0,371.3,22278.0,2024-04-29
2024042903018530,RLFL,45,65,950.0,390.0,370500.0,2024-04-29
2024042903018529,RLFL,44,65,50.0,390.0,19500.0,2024-04-29
2024042904006213,HURJA,43,21,32.0,288.0,9216.0,2024-04-29
2024042904006212,HURJA,64,21,50.0,288.0,14400.0,2024-04-29
2024042904006211,HURJA,34,21,18.0,288.0,5184.0,2024-04-29
2024042901017291,MMKJL,84,64,10.0,418.9,4189.0,2024-04-29
2024042901017290,MMKJL,84,58,10.0,417.0,4170.0,2024-04-29
2024042901017289,MBL,22,36,10.0,167.9,1679.0,2024-04-29
2024042903018528,SFCL,57,41,100.0,361.4,36140.0,2024-04-29
2024042901017288,TAMOR,38,59,200.0,369.0,73800.0,2024-04-29
2024042901017287,TAMOR,58,59,60.0,369.0,22140.0,2024-04-29
2024042901017286,TAMOR,4,59,100.0,369.0,36900.0,2024-04-29
2024042901017285,TAMOR,56,59,80.0,369.0,29520.0,2024-04-29
2024042901017284,TAMOR,4,59,20.0,369.5,7390.0,2024-04-29
2024042901017283,TAMOR,41,59,40.0,369.9,14796.0,2024-04-29
2024042903018527,GUFL,42,16,10.0,749.0,7490.0,2024-04-29
2024042904006210,IGI,34,55,10.0,524.0,5240.0,2024-04-29
2024042903018526,SADBL,1,52,137.0,305.5,41853.5,2024-04-29
2024042901017282,NWCL,16,38,10.0,727.0,7270.0,2024-04-29
2024042901017281,MBJC,1,4,10.0,296.0,2960.0,2024-04-29
2024042901017280,MSHL,58,45,60.0,616.1,36966.0,2024-04-29
2024042901017279,MSHL,42,45,10.0,617.0,6170.0,2024-04-29
2024042901017278,SNLI,6,58,80.0,598.0,47840.0,2024-04-29
2024042905002949,HRL,54,54,32.0,589.1,18851.2,2024-04-29
2024042904006209,SHPC,5,5,10.0,328.6,3286.0,2024-04-29
2024042903018525,SFCL,35,45,155.0,362.5,56187.5,2024-04-29
2024042903018524,SFCL,35,22,50.0,362.0,18100.0,2024-04-29
2024042903018523,BFC,8,17,248.0,410.0,101680.0,2024-04-29
2024042903018522,BFC,8,56,50.0,410.0,20500.0,2024-04-29
2024042903018521,BFC,8,3,300.0,410.0,123000.0,2024-04-29
2024042903018520,NFS,34,33,100.0,538.7,53870.0,2024-04-29
2024042903018519,PROFL,34,11,200.0,362.1,72420.0,2024-04-29
2024042901017277,TVCL,44,32,10.0,477.0,4770.0,2024-04-29
2024042901017276,SMJC,19,44,10.0,362.0,3620.0,2024-04-29
2024042903018518,MDB,58,17,952.0,449.2,427638.4,2024-04-29
2024042903018517,MDB,45,17,200.0,449.5,89900.0,2024-04-29
2024042903018516,MDB,14,17,120.0,449.5,53940.0,2024-04-29
2024042903018515,MDB,88,17,295.0,450.0,132750.0,2024-04-29
2024042903018514,MDB,14,17,500.0,450.0,225000.0,2024-04-29
2024042903018513,MDB,42,17,300.0,451.0,135300.0,2024-04-29
2024042903018512,MDB,77,17,100.0,451.0,45100.0,2024-04-29
2024042903018511,MDB,74,17,822.0,451.1,370804.2,2024-04-29
2024042903018510,MDB,46,17,10.0,452.0,4520.0,2024-04-29
2024042903018509,ICFC,5,58,31.0,537.0,16647.0,2024-04-29
2024042901017275,SGHC,48,57,10.0,312.0,3120.0,2024-04-29
2024042904006208,AHPC,35,42,10.0,163.0,1630.0,2024-04-29
2024042903018508,PFL,48,21,27.0,649.0,17523.0,2024-04-29
2024042903018507,PFL,48,35,50.0,648.0,32400.0,2024-04-29
2024042903018506,SIFC,82,49,400.0,443.0,177200.0,2024-04-29
2024042903018505,PMLI,52,35,10.0,499.5,4995.0,2024-04-29
2024042903018504,PMLI,52,1,10.0,499.5,4995.0,2024-04-29
2024042901017274,MKHL,38,42,100.0,431.5,43150.0,2024-04-29
2024042903018503,MFIL,34,7,10.0,530.0,5300.0,2024-04-29
2024042904006207,KKHC,17,34,10.0,222.5,2225.0,2024-04-29
2024042903018502,MNBBL,29,21,276.0,342.0,94392.0,2024-04-29
2024042903018501,MNBBL,29,47,12.0,341.9,4102.8,2024-04-29
2024042903018500,MNBBL,29,6,12.0,341.5,4098.0,2024-04-29
2024042904006206,HDHPC,46,11,221.0,130.0,28730.0,2024-04-29
2024042904006205,HDHPC,49,11,290.0,130.0,37700.0,2024-04-29
2024042904006204,HDHPC,58,11,110.0,130.0,14300.0,2024-04-29
2024042904006203,HDHPC,28,11,65.0,130.0,8450.0,2024-04-29
2024042904006202,HDHPC,38,11,114.0,130.0,14820.0,2024-04-29
2024042903018499,GUFL,4,49,30.0,748.0,22440.0,2024-04-29
2024042901017273,SANIMA,49,66,22.0,233.8,5143.6,2024-04-29
2024042903018498,NFS,34,16,200.0,538.7,107740.0,2024-04-29
2024042903018497,CFCL,28,69,10.0,409.0,4090.0,2024-04-29
2024042904006201,HPPL,72,29,10.0,253.9,2539.0,2024-04-29
2024042905002948,HRL,54,10,10.0,589.1,5891.0,2024-04-29
2024042901017272,MMKJL,90,21,10.0,415.2,4152.0,2024-04-29
2024042901017271,CKHL,57,41,40.0,498.7,19948.0,2024-04-29
2024042901017270,CKHL,14,41,20.0,498.7,9974.0,2024-04-29
2024042905002947,HRL,54,38,10.0,589.1,5891.0,2024-04-29
2024042903018496,RLFL,59,65,150.0,391.0,58650.0,2024-04-29
2024042903018495,BFC,62,52,405.0,408.2,165321.0,2024-04-29
2024042903018494,BFC,26,52,100.0,408.3,40830.0,2024-04-29
2024042903018493,BFC,6,52,495.0,408.3,202108.5,2024-04-29
2024042903018492,NFS,34,51,600.0,538.7,323220.0,2024-04-29
2024042903018491,JBBL,6,54,135.0,291.0,39285.0,2024-04-29
2024042903018490,GRDBL,32,36,10.0,422.0,4220.0,2024-04-29
2024042901017269,ILI,49,42,10.0,563.9,5639.0,2024-04-29
2024042903018489,RLFL,83,44,100.0,390.0,39000.0,2024-04-29
2024042904006200,HDHPC,38,52,136.0,130.0,17680.0,2024-04-29
2024042904006199,HDHPC,13,52,50.0,130.0,6500.0,2024-04-29
2024042904006198,HDHPC,34,52,500.0,130.0,65000.0,2024-04-29
2024042904006197,HDHPC,57,52,55.0,130.0,7150.0,2024-04-29
2024042904006196,HDHPC,32,52,20.0,130.0,2600.0,2024-04-29
2024042904006195,HDHPC,26,52,500.0,130.0,65000.0,2024-04-29
2024042904006194,HDHPC,28,52,500.0,130.0,65000.0,2024-04-29
2024042904006193,HDHPC,58,52,239.0,130.0,31070.0,2024-04-29
2024042901017268,HDL,37,53,15.0,1455.2,21828.0,2024-04-29
2024042901017267,HDL,58,53,85.0,1455.2,123692.0,2024-04-29
2024042901017266,ULHC,36,62,125.0,332.9,41612.5,2024-04-29
2024042903018488,GRDBL,49,34,100.0,422.0,42200.0,2024-04-29
2024042901017265,ANLB,17,29,10.0,1950.0,19500.0,2024-04-29
2024042901017264,ANLB,17,36,10.0,1950.0,19500.0,2024-04-29
2024042903018487,SJLIC,55,38,10.0,417.6,4176.0,2024-04-29
2024042901017263,NMB,50,43,500.0,170.4,85200.0,2024-04-29
2024042901017262,VLUCL,58,58,10.0,470.0,4700.0,2024-04-29
2024042901017261,NWCL,62,58,10.0,727.0,7270.0,2024-04-29
2024042903018486,GILB,45,43,99.0,1005.0,99495.0,2024-04-29
2024042904006192,AKPL,80,57,100.0,166.0,16600.0,2024-04-29
2024042904006191,AKPL,80,49,43.0,166.0,7138.0,2024-04-29
2024042903018485,PFL,45,35,25.0,648.0,16200.0,2024-04-29
2024042901017260,GCIL,26,94,100.0,490.0,49000.0,2024-04-29
2024042901017259,GCIL,88,94,531.0,490.0,260190.0,2024-04-29
2024042901017258,SHIVM,62,57,129.0,500.9,64616.1,2024-04-29
2024042901017257,SHIVM,62,50,151.0,500.9,75635.9,2024-04-29
2024042901017256,SHIVM,62,34,20.0,500.8,10016.0,2024-04-29
2024042901017255,PPL,62,25,10.0,604.1,6041.0,2024-04-29
2024042901017254,SONA,47,49,20.0,445.5,8910.0,2024-04-29
2024042903018484,GUFL,80,16,29.0,749.0,21721.0,2024-04-29
2024042901017253,RNLI,32,52,22.0,424.0,9328.0,2024-04-29
2024042901017252,RNLI,1,52,78.0,424.1,33079.8,2024-04-29
2024042901017251,VLUCL,42,68,10.0,470.8,4708.0,2024-04-29
2024042903018483,SJLIC,34,22,10.0,419.0,4190.0,2024-04-29
2024042903018482,SJLIC,34,33,20.0,418.9,8378.0,2024-04-29
2024042904006190,MEN,34,58,30.0,507.3,15219.0,2024-04-29
2024042901017250,SARBTM,32,53,50.0,781.0,39050.0,2024-04-29
2024042904006189,SJCL,11,40,90.0,269.0,24210.0,2024-04-29
2024042901017249,ULBSL,45,41,105.0,1400.0,147000.0,2024-04-29
2024042903018481,GLBSL,38,45,20.0,1919.0,38380.0,2024-04-29
2024042904006188,JOSHI,29,51,421.0,334.0,140614.0,2024-04-29
2024042904006187,JOSHI,49,51,500.0,334.1,167050.0,2024-04-29
2024042904006186,JOSHI,38,51,950.0,335.0,318250.0,2024-04-29
2024042903018480,GILB,62,6,70.0,1005.3,70371.0,2024-04-29
2024042904006185,API,52,63,422.0,169.1,71360.2,2024-04-29
2024042904006184,API,29,63,20.0,169.2,3384.0,2024-04-29
2024042903018479,NMBMF,38,58,100.0,595.0,59500.0,2024-04-29
2024042905002946,NTC,16,38,16.0,830.0,13280.0,2024-04-29
2024042905002945,NTC,22,38,70.0,830.0,58100.0,2024-04-29
2024042901017248,DLBS,33,19,98.0,1153.0,112994.0,2024-04-29
2024042901017247,JALPA,42,32,61.0,1208.0,73688.0,2024-04-29
2024042901017246,JALPA,34,32,39.0,1208.1,47115.9,2024-04-29
2024042903018478,GBBL,42,36,82.0,365.0,29930.0,2024-04-29
2024042901017245,MCHL,44,34,851.0,361.7,307806.7,2024-04-29
2024042901017244,MCHL,38,34,649.0,361.7,234743.3,2024-04-29
2024042901017243,MKHC,70,35,10.0,318.9,3189.0,2024-04-29
2024042901017242,SPC,45,4,60.0,510.0,30600.0,2024-04-29
2024042903018477,ICFC,5,17,50.0,537.0,26850.0,2024-04-29
2024042901017241,SMJC,19,60,1400.0,362.0,506800.0,2024-04-29
2024042901017240,SMJC,82,60,500.0,362.2,181100.0,2024-04-29
2024042901017239,SMJC,63,60,100.0,362.6,36260.0,2024-04-29
2024042903018476,MNBBL,39,58,263.0,341.0,89683.0,2024-04-29
2024042903018475,CORBL,21,1,90.0,442.0,39780.0,2024-04-29
2024042903018474,CORBL,21,18,10.0,441.0,4410.0,2024-04-29
2024042901017238,JBLB,42,50,16.0,1280.0,20480.0,2024-04-29
2024042901017237,JBLB,21,50,10.0,1280.0,12800.0,2024-04-29
2024042901017236,JBLB,58,50,14.0,1280.0,17920.0,2024-04-29
2024042903018473,LICN,26,16,50.0,1315.0,65750.0,2024-04-29
2024042901017235,BEDC,7,42,10.0,362.0,3620.0,2024-04-29
2024042904006183,BARUN,63,65,10.0,230.9,2309.0,2024-04-29
2024042901017234,TVCL,58,7,10.0,484.0,4840.0,2024-04-29
2024042901017233,TVCL,58,49,10.0,483.6,4836.0,2024-04-29
2024042901017232,TVCL,58,22,10.0,480.0,4800.0,2024-04-29
2024042901017231,CYCL,57,62,10.0,1476.0,14760.0,2024-04-29
2024042901017230,NABIL,6,35,20.0,429.0,8580.0,2024-04-29
2024042901017229,MEL,42,49,400.0,231.9,92760.0,2024-04-29
2024042901017228,GVL,49,42,20.0,410.5,8210.0,2024-04-29
2024042901017227,GVL,14,42,30.0,410.5,12315.0,2024-04-29
2024042901017226,SAHAS,65,58,10.0,500.0,5000.0,2024-04-29
2024042903018472,MNBBL,57,6,300.0,341.5,102450.0,2024-04-29
2024042901017225,NABIL,35,35,20.0,429.0,8580.0,2024-04-29
2024042901017224,SPL,19,33,35.0,637.7,22319.5,2024-04-29
2024042901017223,SPL,25,33,125.0,638.0,79750.0,2024-04-29
2024042901017222,SNLI,48,58,500.0,598.0,299000.0,2024-04-29
2024042905002944,HRL,54,40,10.0,589.1,5891.0,2024-04-29
2024042904006182,UAIL,85,37,18.0,537.4,9673.2,2024-04-29
2024042904006181,UAIL,85,37,800.0,537.4,429920.0,2024-04-29
2024042904006180,UAIL,17,37,30.0,537.4,16122.0,2024-04-29
2024042904006179,UAIL,39,37,71.0,537.5,38162.5,2024-04-29
2024042904006178,UAIL,44,37,81.0,537.5,43537.5,2024-04-29
2024042901017221,GCIL,88,10,10.0,490.0,4900.0,2024-04-29
2024042901017220,DLBS,21,19,90.0,1153.0,103770.0,2024-04-29
2024042901017219,BHL,68,49,20.0,323.0,6460.0,2024-04-29
2024042904006177,API,29,41,30.0,169.2,5076.0,2024-04-29
2024042901017218,ULBSL,45,55,50.0,1400.0,70000.0,2024-04-29
2024042905002943,HRL,54,58,10.0,589.1,5891.0,2024-04-29
2024042904006176,SJCL,11,57,220.0,269.0,59180.0,2024-04-29
2024042903018471,MERO,35,50,10.0,636.0,6360.0,2024-04-29
2024042901017217,HDL,58,53,15.0,1455.2,21828.0,2024-04-29
2024042901017216,HDL,58,53,45.0,1455.2,65484.0,2024-04-29
2024042901017215,HDL,58,53,40.0,1455.2,58208.0,2024-04-29
2024042901017214,SARBTM,21,53,250.0,781.0,195250.0,2024-04-29
2024042901017213,SARBTM,40,49,20.0,780.4,15608.0,2024-04-29
2024042904006175,CHL,58,52,200.0,316.0,63200.0,2024-04-29
2024042903018470,CFCL,58,69,10.0,409.0,4090.0,2024-04-29
2024042903018469,PROFL,57,26,50.0,363.0,18150.0,2024-04-29
2024042901017212,LSL,37,64,20.0,148.0,2960.0,2024-04-29
2024042901017211,CYCL,62,62,30.0,1476.1,44283.0,2024-04-29
2024042901017210,NYADI,46,35,50.0,292.0,14600.0,2024-04-29
2024042905002942,HRL,42,36,30.0,590.0,17700.0,2024-04-29
2024042903018468,CFCL,26,60,20.0,404.0,8080.0,2024-04-29
