transaction,symbol,buyer,seller,quantity,rate,amount,date
2025032501016724,HBL,39,74,19.0,230.2,4373.8,2025-03-25
2025032501016723,HBL,4,74,381.0,230.2,87706.2,2025-03-25
2025032501016722,MAKAR,84,41,10.0,690.0,6900.0,2025-03-25
2025032501016721,MAKAR,84,47,100.0,690.0,69000.0,2025-03-25
2025032501016720,MAKAR,84,35,10.0,690.0,6900.0,2025-03-25
2025032501016719,MAKAR,84,17,10.0,689.0,6890.0,2025-03-25
2025032501016718,MAKAR,84,65,20.0,688.0,13760.0,2025-03-25
2025032503014497,NLIC,33,39,10.0,748.0,7480.0,2025-03-25
2025032505013469,CHDC,39,52,10.0,2121.1,21211.0,2025-03-25
2025032503014496,RLFL,41,50,59.0,506.0,29854.0,2025-03-25
2025032504017331,GHL,21,21,65.0,268.1,17426.5,2025-03-25
2025032504017330,SPDL,51,49,10.0,317.0,3170.0,2025-03-25
2025032505013468,RNLI,38,32,200.0,520.1,104020.0,2025-03-25
2025032505013467,NRN,22,95,43.0,1369.0,58867.0,2025-03-25
2025032505013466,NRN,22,34,10.0,1368.0,13680.0,2025-03-25
2025032503014495,MSLB,43,17,60.0,1220.0,73200.0,2025-03-25
2025032503014494,PROFL,34,11,80.0,522.1,41768.0,2025-03-25
2025032503014493,PROFL,57,11,20.0,522.2,10444.0,2025-03-25
2025032503014492,PROFL,59,11,100.0,522.2,52220.0,2025-03-25
2025032505013465,HRL,3,91,20.0,938.5,18770.0,2025-03-25
2025032504017329,GHL,21,98,300.0,268.1,80430.0,2025-03-25
2025032504017328,GHL,22,98,200.0,268.1,53620.0,2025-03-25
2025032504017327,GHL,5,98,500.0,268.6,134300.0,2025-03-25
2025032505013464,CLI,44,29,100.0,492.0,49200.0,2025-03-25
2025032501016717,GMLI,29,38,30.0,2280.0,68400.0,2025-03-25
2025032501016716,GMLI,29,26,50.0,2279.9,113995.0,2025-03-25
2025032501016715,GMLI,29,81,50.0,2279.5,113975.0,2025-03-25
2025032501016714,GMLI,29,83,50.0,2279.0,113950.0,2025-03-25
2025032501016713,GMLI,29,40,10.0,2274.0,22740.0,2025-03-25
2025032501016712,GMLI,29,58,10.0,2274.0,22740.0,2025-03-25
2025032501016711,MKCL,13,49,10.0,1538.0,15380.0,2025-03-25
2025032504017326,GHL,13,42,100.0,268.7,26870.0,2025-03-25
2025032503014491,SKBBL,25,45,14.0,783.0,10962.0,2025-03-25
2025032501016710,RAWA,25,69,10.0,845.0,8450.0,2025-03-25
2025032501016709,USHEC,25,26,10.0,596.0,5960.0,2025-03-25
2025032501016708,USHEC,25,89,200.0,595.0,119000.0,2025-03-25
2025032501016707,USHEC,25,36,10.0,590.0,5900.0,2025-03-25
2025032501016706,USHEC,25,94,40.0,590.0,23600.0,2025-03-25
2025032501016705,USHEC,25,48,500.0,589.5,294750.0,2025-03-25
2025032505013463,GCIL,38,29,100.0,517.9,51790.0,2025-03-25
2025032501016704,SGHC,38,58,493.0,521.3,257000.9,2025-03-25
2025032503014490,NMLBBL,38,43,10.0,649.9,6499.0,2025-03-25
2025032501016703,HBL,47,7,50.0,230.4,11520.0,2025-03-25
2025032501016702,GMLI,28,37,10.0,2274.0,22740.0,2025-03-25
2025032503014489,WNLB,32,28,140.0,2900.0,406000.0,2025-03-25
2025032503014488,WNLB,28,28,10.0,2900.0,29000.0,2025-03-25
2025032503014487,WNLB,91,28,50.0,2900.0,145000.0,2025-03-25
2025032501016701,MMKJL,94,7,320.0,660.5,211360.0,2025-03-25
2025032501016700,MMKJL,48,7,180.0,660.6,118908.0,2025-03-25
2025032504017325,SJCL,41,1,50.0,312.6,15630.0,2025-03-25
2025032504017324,SJCL,3,1,50.0,312.7,15635.0,2025-03-25
2025032503014486,MLBL,1,72,334.0,387.0,129258.0,2025-03-25
2025032503014485,MLBL,1,57,66.0,386.0,25476.0,2025-03-25
2025032503014484,MLBL,1,48,600.0,385.9,231540.0,2025-03-25
2025032505013462,ILI,57,57,25.0,451.0,11275.0,2025-03-25
2025032503014483,JBBL,58,45,10.0,332.0,3320.0,2025-03-25
2025032501016699,SRLI,43,42,10.0,413.0,4130.0,2025-03-25
2025032501016698,NWCL,58,44,15.0,925.0,13875.0,2025-03-25
2025032501016697,MKHL,10,49,10.0,677.8,6778.0,2025-03-25
2025032505013461,SONA,26,62,40.0,457.9,18316.0,2025-03-25
2025032505013460,SONA,26,53,10.0,457.0,4570.0,2025-03-25
2025032505013459,SONA,26,32,50.0,457.0,22850.0,2025-03-25
2025032505013458,SONA,26,21,100.0,456.0,45600.0,2025-03-25
2025032505013457,GCIL,70,29,70.0,517.9,36253.0,2025-03-25
2025032505013456,GCIL,70,35,100.0,517.8,51780.0,2025-03-25
2025032505013455,GCIL,70,38,30.0,515.5,15465.0,2025-03-25
2025032505013454,HATHY,34,56,17.0,1202.0,20434.0,2025-03-25
2025032505013453,HATHY,34,49,38.0,1202.0,45676.0,2025-03-25
2025032501016696,SMHL,65,75,238.0,865.0,205870.0,2025-03-25
2025032501016695,SMHL,65,77,10.0,865.0,8650.0,2025-03-25
2025032501016694,SMHL,65,32,100.0,864.0,86400.0,2025-03-25
2025032501016693,SMHL,65,32,52.0,863.0,44876.0,2025-03-25
2025032504017323,AKJCL,4,39,1136.0,199.5,226632.0,2025-03-25
2025032504017322,AKJCL,49,39,450.0,199.6,89820.0,2025-03-25
2025032504017321,AKJCL,34,39,89.0,199.6,17764.4,2025-03-25
2025032501016692,SPC,53,39,10.0,514.5,5145.0,2025-03-25
2025032501016691,IHL,81,86,10.0,656.9,6569.0,2025-03-25
2025032501016690,IHL,81,45,90.0,655.0,58950.0,2025-03-25
2025032501016689,SBL,50,38,10.0,278.0,2780.0,2025-03-25
2025032501016688,SBL,50,32,190.0,277.0,52630.0,2025-03-25
2025032504017320,MHNL,7,51,50.0,252.0,12600.0,2025-03-25
2025032505013452,NRIC,6,44,200.0,1250.0,250000.0,2025-03-25
2025032505013451,NRIC,6,91,100.0,1250.0,125000.0,2025-03-25
2025032505013450,HRL,7,91,60.0,939.0,56340.0,2025-03-25
2025032503014482,SJLIC,42,29,10.0,433.0,4330.0,2025-03-25
2025032503014481,SJLIC,39,29,114.0,433.0,49362.0,2025-03-25
2025032504017319,PRIN,95,26,10.0,910.0,9100.0,2025-03-25
2025032504017318,CGH,4,35,20.0,858.0,17160.0,2025-03-25
2025032504017317,UPCL,35,58,20.0,278.0,5560.0,2025-03-25
2025032505013449,MEL,55,65,1964.0,308.2,605304.8,2025-03-25
2025032505013448,MEL,55,63,3000.0,308.1,924300.0,2025-03-25
2025032505013447,MEL,55,57,220.0,308.0,67760.0,2025-03-25
2025032505013446,MEL,55,57,169.0,306.9,51866.1,2025-03-25
2025032505013445,MEL,55,91,707.0,306.8,216907.6,2025-03-25
2025032505013444,MEL,55,54,90.0,306.0,27540.0,2025-03-25
2025032505013443,MEL,55,44,850.0,305.9,260015.0,2025-03-25
2025032501016687,MCHL,42,65,114.0,555.0,63270.0,2025-03-25
2025032501016686,MCHL,42,36,36.0,555.0,19980.0,2025-03-25
2025032501016685,MKHC,56,52,10.0,505.0,5050.0,2025-03-25
2025032501016684,MEHL,59,45,10.0,507.0,5070.0,2025-03-25
2025032505013442,NRIC,6,59,50.0,1250.0,62500.0,2025-03-25
2025032501016683,SPHL,60,41,20.0,751.1,15022.0,2025-03-25
2025032501016682,SPHL,60,28,40.0,750.0,30000.0,2025-03-25
2025032501016681,MAKAR,62,65,20.0,688.0,13760.0,2025-03-25
2025032501016680,ULHC,41,62,200.0,502.0,100400.0,2025-03-25
2025032503014480,ALICL,62,87,10.0,718.9,7189.0,2025-03-25
2025032503014479,SJLIC,39,38,72.0,433.0,31176.0,2025-03-25
2025032503014478,GMFIL,38,16,81.0,485.0,39285.0,2025-03-25
2025032505013441,NRIC,57,4,10.0,1250.5,12505.0,2025-03-25
2025032501016679,MAKAR,14,65,20.0,688.0,13760.0,2025-03-25
2025032505013440,NRN,58,49,10.0,1367.0,13670.0,2025-03-25
2025032505013439,SONA,49,45,145.0,455.1,65989.5,2025-03-25
2025032505013438,SONA,35,45,100.0,455.6,45560.0,2025-03-25
2025032504017316,SPDL,70,49,11.0,317.0,3487.0,2025-03-25
2025032501016678,EBL,91,34,86.0,601.0,51686.0,2025-03-25
2025032501016677,MCHL,34,36,10.0,555.0,5550.0,2025-03-25
2025032504017315,SPIL,41,6,10.0,800.0,8000.0,2025-03-25
2025032501016676,ULHC,41,48,300.0,502.0,150600.0,2025-03-25
2025032501016675,ULHC,41,70,100.0,502.0,50200.0,2025-03-25
2025032501016674,ULHC,41,48,10.0,502.0,5020.0,2025-03-25
2025032501016673,ULHC,41,40,300.0,501.9,150570.0,2025-03-25
2025032503014477,ICFC,50,98,10.0,596.0,5960.0,2025-03-25
2025032504017314,AKJCL,34,50,31.0,199.6,6187.6,2025-03-25
2025032504017313,AKJCL,42,50,19.0,199.6,3792.4,2025-03-25
2025032503014476,SMB,33,51,30.0,2316.0,69480.0,2025-03-25
2025032503014475,SMB,42,51,20.0,2317.0,46340.0,2025-03-25
2025032505013437,NRIC,22,4,70.0,1250.5,87535.0,2025-03-25
2025032504017312,HPPL,58,66,120.0,578.0,69360.0,2025-03-25
2025032504017311,HPPL,58,66,80.0,578.0,46240.0,2025-03-25
2025032504017310,UAIL,62,33,300.0,625.0,187500.0,2025-03-25
2025032504017309,UAIL,19,33,50.0,625.0,31250.0,2025-03-25
2025032504017308,UAIL,59,33,200.0,625.0,125000.0,2025-03-25
2025032504017307,UAIL,19,33,500.0,625.0,312500.0,2025-03-25
2025032504017306,UAIL,28,33,10.0,625.0,6250.0,2025-03-25
2025032504017305,UAIL,4,33,28.0,625.0,17500.0,2025-03-25
2025032501016672,GMLI,91,37,10.0,2274.0,22740.0,2025-03-25
2025032503014474,EDBL,33,64,41.0,623.0,25543.0,2025-03-25
2025032503014473,LICN,67,52,148.0,983.0,145484.0,2025-03-25
2025032504017304,RADHI,16,52,60.0,373.0,22380.0,2025-03-25
2025032501016671,AVYAN,40,98,290.0,997.0,289130.0,2025-03-25
2025032503014472,NFS,42,57,10.0,680.0,6800.0,2025-03-25
2025032501016670,LSL,52,42,1203.0,215.0,258645.0,2025-03-25
2025032501016669,SHLB,25,45,50.0,1999.0,99950.0,2025-03-25
2025032504017303,SHEL,57,25,1000.0,244.1,244100.0,2025-03-25
2025032503014471,HLI,59,58,30.0,411.3,12339.0,2025-03-25
2025032503014470,SMPDA,50,38,13.0,916.0,11908.0,2025-03-25
2025032503014469,SMPDA,19,38,20.0,920.0,18400.0,2025-03-25
2025032503014468,SMPDA,41,38,10.0,920.0,9200.0,2025-03-25
2025032503014467,SMPDA,7,38,20.0,920.0,18400.0,2025-03-25
2025032503014466,SMPDA,38,38,50.0,920.0,46000.0,2025-03-25
2025032503014465,SMPDA,54,38,47.0,920.0,43240.0,2025-03-25
2025032503014464,SMPDA,57,38,10.0,920.1,9201.0,2025-03-25
2025032503014463,SMPDA,41,38,100.0,920.2,92020.0,2025-03-25
2025032503014462,NLIC,47,51,100.0,750.0,75000.0,2025-03-25
2025032501016668,NWCL,16,47,80.0,923.0,73840.0,2025-03-25
2025032501016667,NWCL,26,47,20.0,923.0,18460.0,2025-03-25
2025032505013436,SAHAS,1,5,150.0,485.7,72855.0,2025-03-25
2025032505013435,MEL,58,45,250.0,304.4,76100.0,2025-03-25
2025032504017302,BPCL,58,57,10.0,385.0,3850.0,2025-03-25
2025032501016666,CYCL,45,26,11.0,1545.0,16995.0,2025-03-25
2025032501016665,CYCL,58,26,58.0,1545.0,89610.0,2025-03-25
2025032501016664,CYCL,4,26,10.0,1546.0,15460.0,2025-03-25
2025032501016663,CYCL,45,26,11.0,1546.1,17007.1,2025-03-25
2025032501016662,CYCL,46,26,10.0,1549.0,15490.0,2025-03-25
2025032504017301,HDHPC,33,34,466.0,195.0,90870.0,2025-03-25
2025032504017300,HDHPC,66,34,300.0,195.0,58500.0,2025-03-25
2025032504017299,HDHPC,42,34,193.0,195.0,37635.0,2025-03-25
2025032501016661,MMKJL,48,41,20.0,660.6,13212.0,2025-03-25
2025032501016660,SBI,14,41,200.0,402.1,80420.0,2025-03-25
2025032505013434,NRIC,6,50,173.0,1250.0,216250.0,2025-03-25
2025032503014461,NUBL,51,34,37.0,665.0,24605.0,2025-03-25
2025032504017298,SHL,51,58,100.0,474.0,47400.0,2025-03-25
2025032501016659,PPL,32,55,10.0,524.5,5245.0,2025-03-25
2025032503014460,SAPDBL,32,78,200.0,1085.0,217000.0,2025-03-25
2025032501016658,NBL,39,17,234.0,245.0,57330.0,2025-03-25
2025032501016657,NBL,19,17,100.0,245.0,24500.0,2025-03-25
2025032501016656,NBL,6,17,500.0,245.0,122500.0,2025-03-25
2025032501016655,NBL,6,17,38.0,245.0,9310.0,2025-03-25
2025032501016654,SRLI,5,44,53.0,411.0,21783.0,2025-03-25
2025032501016653,SRLI,19,44,25.0,411.0,10275.0,2025-03-25
2025032501016652,SRLI,38,44,22.0,411.0,9042.0,2025-03-25
2025032501016651,CKHL,49,99,100.0,685.0,68500.0,2025-03-25
2025032503014459,RLFL,91,50,200.0,506.0,101200.0,2025-03-25
2025032504017297,HURJA,29,67,10.0,228.9,2289.0,2025-03-25
2025032504017296,OHL,85,6,11.0,868.7,9555.7,2025-03-25
2025032504017295,SHPC,42,29,2900.0,450.7,1307030.0,2025-03-25
2025032504017294,SHPC,42,50,100.0,450.6,45060.0,2025-03-25
2025032504017293,UMHL,39,62,167.0,437.4,73045.8,2025-03-25
2025032504017292,UMHL,38,62,18.0,438.0,7884.0,2025-03-25
2025032503014458,NMFBS,7,4,26.0,1195.0,31070.0,2025-03-25
2025032503014457,NMFBS,28,4,25.0,1195.0,29875.0,2025-03-25
2025032503014456,NMFBS,38,4,20.0,1195.0,23900.0,2025-03-25
2025032503014455,NMFBS,32,4,11.0,1195.1,13146.1,2025-03-25
2025032503014454,NMFBS,38,4,10.0,1196.0,11960.0,2025-03-25
2025032501016650,MBL,21,7,152.0,220.8,33561.6,2025-03-25
2025032501016649,NICA,43,41,77.0,363.0,27951.0,2025-03-25
2025032504017291,BARUN,53,45,980.0,494.1,484218.0,2025-03-25
2025032504017290,BARUN,58,45,20.0,494.1,9882.0,2025-03-25
2025032505013433,GCIL,71,45,93.0,512.0,47616.0,2025-03-25
2025032505013432,GCIL,62,45,407.0,512.0,208384.0,2025-03-25
2025032505013431,SAHAS,32,58,189.0,485.5,91759.5,2025-03-25
2025032505013430,SAHAS,91,58,10.0,485.6,4856.0,2025-03-25
2025032505013429,SAHAS,28,58,301.0,485.6,146165.6,2025-03-25
2025032503014453,GRDBL,61,71,160.0,1350.0,216000.0,2025-03-25
2025032503014452,GRDBL,19,71,40.0,1350.0,54000.0,2025-03-25
2025032505013428,HRL,84,39,500.0,940.0,470000.0,2025-03-25
2025032501016648,RFPL,10,21,455.0,686.1,312175.5,2025-03-25
2025032501016647,RFPL,22,21,200.0,686.2,137240.0,2025-03-25
2025032501016646,RFPL,32,21,50.0,687.0,34350.0,2025-03-25
2025032501016645,RFPL,58,21,100.0,687.0,68700.0,2025-03-25
2025032501016644,RFPL,42,21,100.0,689.0,68900.0,2025-03-25
2025032501016643,RFPL,4,21,30.0,690.1,20703.0,2025-03-25
2025032501016642,RFPL,10,21,90.0,690.1,62109.0,2025-03-25
2025032501016641,RFPL,6,21,11.0,690.2,7592.2,2025-03-25
2025032501016640,SMHL,32,49,10.0,847.8,8478.0,2025-03-25
2025032501016639,HHL,34,32,50.0,478.8,23940.0,2025-03-25
2025032503014451,GRDBL,19,99,30.0,1350.0,40500.0,2025-03-25
2025032503014450,EDBL,33,85,100.0,623.0,62300.0,2025-03-25
2025032501016638,SIKLES,6,3,40.0,1111.8,44472.0,2025-03-25
2025032501016637,GBIME,28,21,500.0,214.0,107000.0,2025-03-25
2025032501016636,GBIME,28,32,400.0,214.0,85600.0,2025-03-25
2025032501016635,GBIME,28,43,10.0,214.0,2140.0,2025-03-25
2025032501016634,GBIME,28,56,39.0,214.0,8346.0,2025-03-25
2025032501016633,GBIME,28,45,64.0,214.0,13696.0,2025-03-25
2025032501016632,GBIME,28,32,173.0,214.0,37022.0,2025-03-25
2025032501016631,GBIME,28,45,399.0,214.0,85386.0,2025-03-25
2025032501016630,GBIME,28,29,500.0,214.0,107000.0,2025-03-25
2025032501016629,GBIME,28,29,1169.0,214.0,250166.0,2025-03-25
2025032501016628,GBIME,28,36,300.0,213.9,64170.0,2025-03-25
2025032501016627,GBIME,28,63,500.0,213.9,106950.0,2025-03-25
2025032501016626,GBIME,28,14,1100.0,213.9,235290.0,2025-03-25
2025032501016625,GBIME,28,44,380.0,213.9,81282.0,2025-03-25
2025032501016624,GBIME,28,55,1000.0,213.5,213500.0,2025-03-25
2025032501016623,GBIME,28,1,100.0,213.5,21350.0,2025-03-25
2025032501016622,GBIME,28,45,1121.0,213.5,239333.5,2025-03-25
2025032501016621,MKHC,38,38,10.0,503.0,5030.0,2025-03-25
2025032505013427,HRL,45,1,331.0,938.3,310577.3,2025-03-25
2025032505013426,HRL,53,1,100.0,938.5,93850.0,2025-03-25
2025032505013425,HRL,21,1,45.0,938.5,42232.5,2025-03-25
2025032505013424,HRL,34,1,50.0,939.0,46950.0,2025-03-25
2025032501016620,TPC,56,57,85.0,498.3,42355.5,2025-03-25
2025032501016619,TPC,16,57,45.0,499.0,22455.0,2025-03-25
2025032501016618,TPC,58,57,50.0,500.0,25000.0,2025-03-25
2025032501016617,TPC,34,57,10.0,501.0,5010.0,2025-03-25
2025032501016616,TPC,58,57,810.0,502.0,406620.0,2025-03-25
2025032503014449,SHINE,42,57,49.0,406.0,19894.0,2025-03-25
2025032503014448,SHINE,58,57,90.0,406.0,36540.0,2025-03-25
2025032503014447,SHINE,38,57,40.0,406.0,16240.0,2025-03-25
2025032503014446,SHINE,32,57,61.0,406.1,24772.1,2025-03-25
2025032503014445,SHINE,16,57,760.0,406.4,308864.0,2025-03-25
2025032503014444,SHINE,57,48,200.0,407.0,81400.0,2025-03-25
2025032504017289,UPPER,38,45,150.0,198.2,29730.0,2025-03-25
2025032501016615,MEHL,13,45,82.0,507.0,41574.0,2025-03-25
2025032504017288,LEC,45,39,30.0,205.0,6150.0,2025-03-25
2025032505013423,PHCL,65,50,100.0,559.0,55900.0,2025-03-25
2025032503014443,SAPDBL,72,78,139.0,1085.0,150815.0,2025-03-25
2025032503014442,SAPDBL,6,78,30.0,1085.1,32553.0,2025-03-25
2025032503014441,SAPDBL,72,78,11.0,1085.1,11936.1,2025-03-25
2025032503014440,SAPDBL,66,78,10.0,1085.3,10853.0,2025-03-25
2025032505013422,HDL,34,53,150.0,1190.0,178500.0,2025-03-25
2025032503014439,SFCL,50,16,158.0,515.0,81370.0,2025-03-25
2025032504017287,UMHL,38,39,100.0,438.0,43800.0,2025-03-25
2025032501016614,KBL,29,28,100.0,200.0,20000.0,2025-03-25
2025032503014438,GLBSL,56,29,50.0,2650.1,132505.0,2025-03-25
2025032501016613,NIMB,17,55,11.0,207.9,2286.9,2025-03-25
2025032501016612,NIMB,35,55,39.0,207.9,8108.1,2025-03-25
2025032501016611,PRVU,1,13,226.0,205.6,46465.6,2025-03-25
2025032503014437,NABBC,10,42,10.0,1736.0,17360.0,2025-03-25
2025032501016610,KBL,25,28,100.0,200.0,20000.0,2025-03-25
2025032501016609,KDL,25,51,10.0,1080.0,10800.0,2025-03-25
2025032504017286,GHL,10,42,2000.0,268.7,537400.0,2025-03-25
2025032501016608,NIMB,62,45,100.0,208.0,20800.0,2025-03-25
2025032501016607,KBL,57,28,190.0,200.0,38000.0,2025-03-25
2025032505013421,NICBF,21,4,1400.0,9.0,12600.0,2025-03-25
2025032504017285,AKJCL,42,36,190.0,199.6,37924.0,2025-03-25
2025032504017284,AKJCL,58,36,10.0,199.6,1996.0,2025-03-25
2025032503014436,SIFC,18,14,750.0,515.0,386250.0,2025-03-25
2025032503014435,SIFC,60,14,250.0,515.2,128800.0,2025-03-25
2025032505013420,CLI,14,29,200.0,492.0,98400.0,2025-03-25
2025032503014434,MLBL,38,43,80.0,385.0,30800.0,2025-03-25
2025032503014433,MLBL,44,43,20.0,385.1,7702.0,2025-03-25
2025032503014432,MLBL,50,43,400.0,385.1,154040.0,2025-03-25
2025032505013419,GCIL,72,38,10.0,515.5,5155.0,2025-03-25
2025032504017283,DHPL,38,38,20.0,383.0,7660.0,2025-03-25
2025032501016606,SARBTM,49,58,100.0,768.0,76800.0,2025-03-25
2025032503014431,FMDBL,63,58,15.0,748.9,11233.5,2025-03-25
2025032503014430,FMDBL,63,32,15.0,736.0,11040.0,2025-03-25
2025032505013418,HATHY,49,63,31.0,1198.2,37144.2,2025-03-25
2025032505013417,HATHY,47,63,10.0,1198.5,11985.0,2025-03-25
2025032505013416,HATHY,35,63,44.0,1198.8,52747.2,2025-03-25
2025032505013415,HATHY,38,63,15.0,1199.0,17985.0,2025-03-25
2025032503014429,RLFL,51,50,10.0,506.0,5060.0,2025-03-25
2025032503014428,RLFL,22,50,10.0,506.0,5060.0,2025-03-25
2025032503014427,RLFL,51,50,10.0,506.0,5060.0,2025-03-25
2025032504017282,UNHPL,49,62,10.0,294.9,2949.0,2025-03-25
2025032504017281,NHDL,62,45,80.0,785.3,62824.0,2025-03-25
2025032504017280,SHL,86,17,200.0,473.2,94640.0,2025-03-25
2025032501016605,SPC,66,39,10.0,514.5,5145.0,2025-03-25
2025032503014426,GMFIL,33,16,490.0,485.0,237650.0,2025-03-25
2025032505013414,HRL,34,42,150.0,939.0,140850.0,2025-03-25
2025032504017279,DHPL,74,29,7000.0,382.1,2674700.0,2025-03-25
2025032505013413,NTC,26,48,10.0,894.9,8949.0,2025-03-25
2025032503014425,GFCL,49,4,400.0,653.7,261480.0,2025-03-25
2025032503014424,GFCL,34,4,53.0,653.7,34646.1,2025-03-25
2025032505013412,NRIC,6,72,82.0,1250.0,102500.0,2025-03-25
2025032503014423,SINDU,41,58,13.0,1060.3,13783.9,2025-03-25
2025032503014422,ICFC,62,74,52.0,594.0,30888.0,2025-03-25
2025032503014421,ICFC,48,74,10.0,595.0,5950.0,2025-03-25
2025032503014420,ICFC,45,74,20.0,595.0,11900.0,2025-03-25
2025032503014419,SKBBL,36,45,100.0,783.0,78300.0,2025-03-25
2025032505013411,SHIVM,92,19,91.0,518.1,47147.1,2025-03-25
2025032505013410,SHIVM,42,19,50.0,518.2,25910.0,2025-03-25
2025032505013409,SHIVM,50,19,100.0,518.3,51830.0,2025-03-25
2025032505013408,SHIVM,21,19,20.0,518.3,10366.0,2025-03-25
2025032501016604,GMLI,54,38,10.0,2270.0,22700.0,2025-03-25
2025032501016603,GMLI,45,38,90.0,2271.3,204417.0,2025-03-25
2025032501016602,GMLI,48,38,100.0,2272.0,227200.0,2025-03-25
2025032503014418,MLBL,50,22,100.0,385.1,38510.0,2025-03-25
2025032503014417,EDBL,45,5,33.0,624.5,20608.5,2025-03-25
2025032503014416,SLBSL,66,44,50.0,1970.0,98500.0,2025-03-25
2025032504017278,CHL,34,25,20.0,511.0,10220.0,2025-03-25
2025032505013407,NRN,58,34,400.0,1367.0,546800.0,2025-03-25
2025032505013406,NRN,13,34,100.0,1367.1,136710.0,2025-03-25
2025032505013405,CLI,7,29,30.0,492.0,14760.0,2025-03-25
2025032505013404,CLI,46,29,120.0,492.0,59040.0,2025-03-25
2025032505013403,CLI,16,29,104.0,492.0,51168.0,2025-03-25
2025032505013402,CLI,6,29,100.0,492.0,49200.0,2025-03-25
2025032505013401,CLI,57,29,150.0,492.0,73800.0,2025-03-25
2025032505013400,CLI,54,29,40.0,492.0,19680.0,2025-03-25
2025032505013399,CLI,58,29,40.0,492.0,19680.0,2025-03-25
2025032505013398,CLI,57,29,100.0,492.1,49210.0,2025-03-25
2025032504017277,NLG,55,29,163.0,850.0,138550.0,2025-03-25
2025032504017276,AKPL,52,39,10.0,219.7,2197.0,2025-03-25
2025032503014415,GMFIL,25,16,111.0,485.0,53835.0,2025-03-25
2025032505013397,HRL,21,59,100.0,938.5,93850.0,2025-03-25
2025032505013396,NTC,35,25,20.0,895.0,17900.0,2025-03-25
2025032504017275,UMHL,35,5,10.0,438.5,4385.0,2025-03-25
2025032504017274,UMHL,35,22,90.0,438.5,39465.0,2025-03-25
2025032503014414,NLIC,6,51,100.0,750.0,75000.0,2025-03-25
2025032505013395,SONA,61,10,100.0,456.0,45600.0,2025-03-25
2025032504017273,HPPL,57,66,10.0,578.0,5780.0,2025-03-25
2025032501016601,SCB,36,26,150.0,625.0,93750.0,2025-03-25
2025032501016600,GBIME,26,14,150.0,213.4,32010.0,2025-03-25
2025032503014413,MFIL,58,57,140.0,598.0,83720.0,2025-03-25
2025032501016599,NABIL,58,14,10.0,479.0,4790.0,2025-03-25
2025032501016598,TVCL,45,58,20.0,501.0,10020.0,2025-03-25
2025032501016597,SMHL,65,32,48.0,863.0,41424.0,2025-03-25
2025032501016596,SMHL,65,74,80.0,863.0,69040.0,2025-03-25
2025032501016595,SMHL,65,16,182.0,862.0,156884.0,2025-03-25
2025032501016594,SMHL,65,32,100.0,862.0,86200.0,2025-03-25
2025032501016593,SMHL,65,39,200.0,861.9,172380.0,2025-03-25
2025032501016592,SMHL,65,59,490.0,858.1,420469.0,2025-03-25
2025032501016591,SMHL,65,38,400.0,850.0,340000.0,2025-03-25
2025032504017272,AHPC,35,32,340.0,246.0,83640.0,2025-03-25
2025032504017271,AHPC,44,32,100.0,246.0,24600.0,2025-03-25
2025032504017270,BPCL,44,57,10.0,385.0,3850.0,2025-03-25
2025032505013394,NIFRA,52,39,40.0,258.6,10344.0,2025-03-25
2025032505013393,CHDC,55,48,70.0,2118.0,148260.0,2025-03-25
2025032505013392,CHDC,71,48,100.0,2118.0,211800.0,2025-03-25
2025032505013391,CHDC,33,48,100.0,2118.0,211800.0,2025-03-25
2025032505013390,CHDC,78,48,100.0,2121.0,212100.0,2025-03-25
2025032505013389,CHDC,39,48,100.0,2121.1,212110.0,2025-03-25
2025032505013388,CHDC,56,48,40.0,2121.1,84844.0,2025-03-25
2025032504017269,BARUN,58,16,80.0,494.1,39528.0,2025-03-25
2025032504017268,BARUN,33,16,20.0,494.2,9884.0,2025-03-25
2025032501016590,SARBTM,45,25,10.0,765.0,7650.0,2025-03-25
2025032501016589,SARBTM,37,25,100.0,765.1,76510.0,2025-03-25
2025032501016588,SARBTM,42,25,100.0,767.0,76700.0,2025-03-25
2025032501016587,SARBTM,42,25,10.0,767.0,7670.0,2025-03-25
2025032505013387,NRIC,42,4,100.0,1250.5,125050.0,2025-03-25
2025032501016586,MKHL,10,10,10.0,677.8,6778.0,2025-03-25
2025032504017267,UMHL,38,26,100.0,438.0,43800.0,2025-03-25
2025032501016585,SGHC,81,58,10.0,521.3,5213.0,2025-03-25
2025032501016584,RAWA,6,41,210.0,831.0,174510.0,2025-03-25
2025032501016583,RAWA,58,41,50.0,831.2,41560.0,2025-03-25
2025032501016582,RAWA,44,41,30.0,833.0,24990.0,2025-03-25
2025032501016581,RAWA,58,41,10.0,833.1,8331.0,2025-03-25
2025032501016580,TVCL,57,11,190.0,501.0,95190.0,2025-03-25
2025032505013386,SONA,45,10,150.0,456.0,68400.0,2025-03-25
2025032503014412,NMBMF,45,36,30.0,705.0,21150.0,2025-03-25
2025032503014411,WNLB,37,22,10.0,2901.1,29011.0,2025-03-25
2025032503014410,HLI,48,38,170.0,411.1,69887.0,2025-03-25
2025032503014409,HLI,90,38,30.0,411.1,12333.0,2025-03-25
2025032501016579,BNHC,7,29,535.0,481.2,257442.0,2025-03-25
2025032501016578,BNHC,33,29,100.0,481.3,48130.0,2025-03-25
2025032501016577,BNHC,4,29,50.0,481.3,24065.0,2025-03-25
2025032501016576,BNHC,58,29,50.0,481.5,24075.0,2025-03-25
2025032501016575,BNHC,6,29,50.0,481.5,24075.0,2025-03-25
2025032501016574,BNHC,55,29,100.0,482.0,48200.0,2025-03-25
2025032501016573,BNHC,19,29,100.0,482.0,48200.0,2025-03-25
2025032501016572,BNHC,57,29,15.0,483.0,7245.0,2025-03-25
2025032504017266,NICL,55,45,72.0,800.0,57600.0,2025-03-25
2025032503014408,MERO,55,98,291.0,692.0,201372.0,2025-03-25
2025032503014407,HLBSL,56,10,60.0,941.0,56460.0,2025-03-25
2025032504017265,NIL,42,56,10.0,748.5,7485.0,2025-03-25
2025032503014406,SHINE,57,48,27.0,407.0,10989.0,2025-03-25
2025032503014405,SHINE,57,22,23.0,407.0,9361.0,2025-03-25
2025032501016571,KBL,57,48,300.0,200.0,60000.0,2025-03-25
2025032501016570,KBL,57,8,210.0,200.0,42000.0,2025-03-25
2025032505013385,HRL,21,18,355.0,938.5,333167.5,2025-03-25
2025032505013384,HRL,48,18,145.0,938.5,136082.5,2025-03-25
2025032505013383,HRL,22,18,500.0,938.6,469300.0,2025-03-25
2025032501016569,SPHL,74,28,80.0,750.0,60000.0,2025-03-25
2025032501016568,SPHL,74,10,10.0,743.9,7439.0,2025-03-25
2025032501016567,SPHL,74,10,10.0,743.5,7435.0,2025-03-25
2025032501016566,SPHL,74,10,10.0,743.0,7430.0,2025-03-25
2025032501016565,SPHL,74,14,10.0,739.0,7390.0,2025-03-25
2025032504017264,RURU,58,22,100.0,712.0,71200.0,2025-03-25
2025032501016564,IHL,81,45,100.0,655.0,65500.0,2025-03-25
2025032504017263,SHL,41,58,500.0,474.0,237000.0,2025-03-25
2025032503014404,CORBL,11,71,115.0,1790.0,205850.0,2025-03-25
2025032503014403,CORBL,11,35,100.0,1789.9,178990.0,2025-03-25
2025032503014402,CORBL,11,91,85.0,1789.0,152065.0,2025-03-25
2025032501016563,DOLTI,35,49,48.0,674.0,32352.0,2025-03-25
2025032504017262,UMRH,38,52,20.0,589.5,11790.0,2025-03-25
2025032503014401,FMDBL,50,29,79.0,735.0,58065.0,2025-03-25
2025032503014400,FMDBL,13,29,401.0,735.0,294735.0,2025-03-25
2025032503014399,MATRI,44,13,20.0,1166.0,23320.0,2025-03-25
2025032503014398,PROFL,48,42,100.0,524.0,52400.0,2025-03-25
2025032501016562,HIDCLP,91,25,100.0,169.2,16920.0,2025-03-25
2025032505013382,SAHAS,28,4,490.0,485.6,237944.0,2025-03-25
2025032501016561,NWCL,44,47,55.0,924.0,50820.0,2025-03-25
2025032504017261,AKJCL,58,41,180.0,199.6,35928.0,2025-03-25
2025032504017260,AKJCL,58,7,10.0,199.6,1996.0,2025-03-25
2025032501016560,SRLI,38,58,178.0,411.0,73158.0,2025-03-25
2025032501016559,SRLI,59,58,22.0,411.0,9042.0,2025-03-25
2025032501016558,BGWT,41,36,30.0,995.0,29850.0,2025-03-25
2025032501016557,BGWT,41,43,10.0,994.8,9948.0,2025-03-25
2025032501016556,BGWT,41,55,200.0,994.7,198940.0,2025-03-25
2025032501016555,BGWT,41,42,60.0,986.3,59178.0,2025-03-25
2025032501016554,IHL,80,45,110.0,655.0,72050.0,2025-03-25
2025032501016553,SRLI,59,45,10.0,411.0,4110.0,2025-03-25
2025032503014397,SJLIC,39,45,253.0,433.0,109549.0,2025-03-25
2025032503014396,SJLIC,22,45,20.0,433.0,8660.0,2025-03-25
2025032503014395,SJLIC,80,45,227.0,433.0,98291.0,2025-03-25
2025032501016552,NICA,38,41,96.0,363.0,34848.0,2025-03-25
2025032501016551,ANLB,39,64,10.0,5030.0,50300.0,2025-03-25
2025032504017259,LEC,16,39,569.0,205.0,116645.0,2025-03-25
2025032501016550,MHCL,1,34,150.0,495.3,74295.0,2025-03-25
2025032503014394,SFCL,14,55,31.0,510.1,15813.1,2025-03-25
2025032503014393,SFCL,58,55,100.0,510.2,51020.0,2025-03-25
2025032503014392,SFCL,16,55,10.0,510.5,5105.0,2025-03-25
2025032503014391,SFCL,34,55,10.0,510.5,5105.0,2025-03-25
2025032503014390,SFCL,49,55,100.0,511.0,51100.0,2025-03-25
2025032503014389,SFCL,50,55,39.0,511.0,19929.0,2025-03-25
2025032503014388,SFCL,53,55,50.0,511.0,25550.0,2025-03-25
2025032501016549,SPHL,60,10,20.0,739.0,14780.0,2025-03-25
2025032501016548,SPHL,60,10,20.0,737.9,14758.0,2025-03-25
2025032501016547,SPHL,60,17,10.0,730.4,7304.0,2025-03-25
2025032501016546,SPHL,60,49,50.0,730.0,36500.0,2025-03-25
2025032504017258,UAIL,4,62,272.0,625.0,170000.0,2025-03-25
2025032504017257,UAIL,43,62,100.0,625.0,62500.0,2025-03-25
2025032504017256,UAIL,40,62,174.0,625.0,108750.0,2025-03-25
2025032504017255,AHPC,10,42,200.0,246.9,49380.0,2025-03-25
2025032503014387,SJLIC,80,57,23.0,433.0,9959.0,2025-03-25
2025032503014386,SJLIC,59,57,77.0,433.0,33341.0,2025-03-25
2025032503014385,JBBL,58,45,30.0,332.0,9960.0,2025-03-25
2025032501016545,NBL,6,51,62.0,245.0,15190.0,2025-03-25
2025032501016544,NBL,53,51,238.0,245.0,58310.0,2025-03-25
2025032504017254,NLG,36,36,300.0,851.0,255300.0,2025-03-25
2025032505013381,GCIL,38,38,10.0,515.5,5155.0,2025-03-25
2025032504017253,UPPER,38,34,350.0,198.2,69370.0,2025-03-25
2025032501016543,ADBL,45,35,215.0,280.3,60264.5,2025-03-25
2025032504017252,RIDI,45,34,100.0,215.0,21500.0,2025-03-25
2025032505013380,VLUCL,22,86,135.0,654.0,88290.0,2025-03-25
2025032504017251,UNHPL,34,62,50.0,294.9,14745.0,2025-03-25
2025032504017250,GHL,66,55,79.0,268.0,21172.0,2025-03-25
2025032504017249,GHL,16,55,500.0,268.0,134000.0,2025-03-25
2025032504017248,GHL,26,55,1000.0,268.0,268000.0,2025-03-25
2025032504017247,GHL,53,55,171.0,268.0,45828.0,2025-03-25
2025032504017246,GHL,10,55,50.0,268.5,13425.0,2025-03-25
2025032501016542,GMLI,45,55,10.0,2271.3,22713.0,2025-03-25
2025032501016541,USHEC,52,49,10.0,589.5,5895.0,2025-03-25
2025032505013379,CIT,14,20,50.0,1947.0,97350.0,2025-03-25
2025032501016540,SBI,14,28,500.0,402.1,201050.0,2025-03-25
2025032504017245,SGIC,36,17,196.0,577.0,113092.0,2025-03-25
2025032504017244,SGIC,36,85,24.0,576.0,13824.0,2025-03-25
2025032504017243,SGIC,36,21,150.0,575.5,86325.0,2025-03-25
2025032504017242,SGIC,36,38,30.0,572.5,17175.0,2025-03-25
2025032503014384,LLBS,14,57,10.0,1036.0,10360.0,2025-03-25
2025032505013378,NRIC,6,14,100.0,1250.0,125000.0,2025-03-25
2025032503014383,GFCL,34,43,147.0,653.7,96093.9,2025-03-25
2025032504017241,SGIC,36,38,200.0,572.5,114500.0,2025-03-25
2025032505013377,HDL,49,5,65.0,1189.0,77285.0,2025-03-25
2025032505013376,NRIC,6,64,650.0,1250.0,812500.0,2025-03-25
2025032501016539,BHDC,29,48,66.0,571.0,37686.0,2025-03-25
2025032501016538,SNLI,13,59,66.0,622.0,41052.0,2025-03-25
2025032501016537,SNLI,18,59,100.0,622.0,62200.0,2025-03-25
2025032501016536,SNLI,5,59,10.0,622.0,6220.0,2025-03-25
2025032501016535,SNLI,16,59,200.0,622.0,124400.0,2025-03-25
2025032501016534,SNLI,35,59,50.0,622.0,31100.0,2025-03-25
2025032501016533,SNLI,45,59,224.0,622.0,139328.0,2025-03-25
2025032501016532,SRLI,56,42,95.0,413.0,39235.0,2025-03-25
2025032501016531,SRLI,56,57,11.0,412.0,4532.0,2025-03-25
2025032505013375,SAHAS,10,5,100.0,485.7,48570.0,2025-03-25
2025032505013374,NIFRA,81,35,665.0,258.3,171769.5,2025-03-25
2025032504017240,SHPC,42,42,500.0,450.0,225000.0,2025-03-25
2025032504017239,SHPC,42,58,500.0,450.0,225000.0,2025-03-25
2025032504017238,SHPC,42,36,37.0,450.0,16650.0,2025-03-25
2025032504017237,SHPC,42,29,1000.0,449.0,449000.0,2025-03-25
2025032504017236,SHPC,42,87,170.0,449.0,76330.0,2025-03-25
2025032504017235,SHPC,42,22,320.0,448.9,143648.0,2025-03-25
2025032501016530,NYADI,29,58,10.0,557.1,5571.0,2025-03-25
2025032504017234,RHPL,58,35,10.0,376.0,3760.0,2025-03-25
2025032504017233,HURJA,58,45,300.0,227.8,68340.0,2025-03-25
2025032505013373,NRIC,6,49,200.0,1250.0,250000.0,2025-03-25
2025032505013372,MBJC,56,17,77.0,315.1,24262.7,2025-03-25
2025032505013371,RNLI,38,45,189.0,520.1,98298.9,2025-03-25
2025032505013370,RNLI,42,45,20.0,520.1,10402.0,2025-03-25
2025032505013369,RNLI,16,45,30.0,520.2,15606.0,2025-03-25
2025032505013368,RNLI,42,45,39.0,520.2,20287.8,2025-03-25
2025032505013367,RNLI,19,45,20.0,520.3,10406.0,2025-03-25
2025032505013366,RNLI,39,45,52.0,520.3,27055.6,2025-03-25
2025032505013365,CLI,38,29,50.0,493.0,24650.0,2025-03-25
2025032503014382,BFC,38,26,100.0,538.0,53800.0,2025-03-25
2025032505013364,CHDC,56,34,100.0,2121.1,212110.0,2025-03-25
2025032501016529,CITY,13,16,30.0,820.0,24600.0,2025-03-25
2025032504017232,AKJCL,16,7,20.0,199.6,3992.0,2025-03-25
2025032501016528,PRVU,1,48,192.0,205.6,39475.2,2025-03-25
2025032503014381,CFCL,32,25,50.0,536.2,26810.0,2025-03-25
2025032503014380,SADBL,43,10,29.0,390.1,11312.9,2025-03-25
2025032505013363,HRL,35,42,50.0,939.0,46950.0,2025-03-25
2025032501016527,NABIL,7,14,34.0,479.0,16286.0,2025-03-25
2025032501016526,NABIL,7,42,16.0,479.0,7664.0,2025-03-25
2025032501016525,BHPL,25,61,100.0,1007.5,100750.0,2025-03-25
2025032501016524,NBL,53,1,50.0,245.0,12250.0,2025-03-25
2025032503014379,MFIL,80,57,10.0,598.0,5980.0,2025-03-25
2025032504017231,BARUN,57,45,805.0,495.0,398475.0,2025-03-25
2025032503014378,SAPDBL,66,8,90.0,1085.3,97677.0,2025-03-25
2025032503014377,SAPDBL,16,8,100.0,1085.3,108530.0,2025-03-25
2025032503014376,SAPDBL,43,8,140.0,1085.3,151942.0,2025-03-25
2025032503014375,SAPDBL,50,8,30.0,1085.6,32568.0,2025-03-25
2025032504017230,API,21,58,617.0,263.0,162271.0,2025-03-25
2025032504017229,API,21,52,150.0,263.0,39450.0,2025-03-25
2025032504017228,API,21,56,500.0,263.0,131500.0,2025-03-25
2025032504017227,API,21,43,300.0,263.0,78900.0,2025-03-25
2025032504017226,API,21,45,2641.0,263.0,694583.0,2025-03-25
2025032504017225,API,21,38,200.0,263.0,52600.0,2025-03-25
2025032504017224,API,21,58,100.0,263.0,26300.0,2025-03-25
2025032504017223,API,21,58,137.0,263.0,36031.0,2025-03-25
2025032504017222,API,21,33,60.0,262.9,15774.0,2025-03-25
2025032503014374,SJLIC,32,29,10.0,434.0,4340.0,2025-03-25
2025032504017221,NICL,38,45,50.0,800.0,40000.0,2025-03-25
2025032504017220,HEI,33,3,304.0,590.5,179512.0,2025-03-25
2025032504017219,PPCL,14,55,500.0,301.2,150600.0,2025-03-25
2025032504017218,PPCL,14,55,100.0,301.3,30130.0,2025-03-25
2025032504017217,NHPC,34,25,30.0,203.1,6093.0,2025-03-25
2025032504017216,NHPC,50,25,300.0,203.1,60930.0,2025-03-25
2025032504017215,NHPC,57,25,200.0,203.2,40640.0,2025-03-25
2025032504017214,NHPC,57,25,20.0,203.5,4070.0,2025-03-25
2025032501016523,PRVU,62,49,485.0,205.8,99813.0,2025-03-25
2025032503014373,ICFC,62,7,150.0,594.0,89100.0,2025-03-25
2025032503014372,JFL,96,26,100.0,498.0,49800.0,2025-03-25
2025032501016522,PPL,41,26,268.0,512.0,137216.0,2025-03-25
2025032501016521,PPL,77,26,50.0,512.2,25610.0,2025-03-25
2025032501016520,PPL,57,26,20.0,513.1,10262.0,2025-03-25
2025032501016519,PPL,50,26,200.0,513.1,102620.0,2025-03-25
2025032501016518,PPL,58,26,92.0,513.2,47214.4,2025-03-25
2025032501016517,PPL,58,26,20.0,514.1,10282.0,2025-03-25
2025032501016516,PPL,57,26,30.0,514.1,15423.0,2025-03-25
2025032501016515,PPL,42,26,100.0,514.1,51410.0,2025-03-25
2025032501016514,PPL,55,26,20.0,514.2,10284.0,2025-03-25
2025032504017213,IGI,53,47,50.0,560.0,28000.0,2025-03-25
2025032503014371,RSDC,17,58,20.0,688.0,13760.0,2025-03-25
2025032503014370,RSDC,48,58,50.0,688.0,34400.0,2025-03-25
2025032503014369,RSDC,46,58,50.0,688.0,34400.0,2025-03-25
2025032505013362,NRN,58,49,33.0,1367.0,45111.0,2025-03-25
2025032501016513,SGHC,38,46,10.0,524.5,5245.0,2025-03-25
2025032505013361,CLI,57,29,130.0,493.0,64090.0,2025-03-25
2025032505013360,CLI,56,29,20.0,495.0,9900.0,2025-03-25
2025032505013359,CLI,53,29,43.0,496.0,21328.0,2025-03-25
2025032505013358,NRIC,6,52,80.0,1250.0,100000.0,2025-03-25
2025032501016512,KBL,4,48,490.0,199.9,97951.0,2025-03-25
2025032501016511,LSL,52,48,1965.0,215.0,422475.0,2025-03-25
2025032501016510,LSL,10,48,35.0,215.1,7528.5,2025-03-25
2025032503014368,NLIC,46,51,40.0,750.0,30000.0,2025-03-25
2025032504017212,GHL,53,56,129.0,268.0,34572.0,2025-03-25
2025032504017211,GHL,6,56,591.0,268.0,158388.0,2025-03-25
2025032504017210,GHL,62,56,500.0,268.0,134000.0,2025-03-25
2025032504017209,GHL,68,56,1521.0,268.0,407628.0,2025-03-25
2025032504017208,GHL,58,56,1000.0,268.0,268000.0,2025-03-25
2025032504017207,GHL,26,56,200.0,268.0,53600.0,2025-03-25
2025032504017206,GHL,25,56,300.0,268.0,80400.0,2025-03-25
2025032504017205,GHL,39,56,659.0,268.0,176612.0,2025-03-25
2025032504017204,GHL,32,56,100.0,268.6,26860.0,2025-03-25
2025032501016509,ADBL,10,35,10.0,280.3,2803.0,2025-03-25
2025032501016508,GMLI,95,35,140.0,2271.4,317996.0,2025-03-25
2025032505013357,HATHY,5,49,20.0,1202.0,24040.0,2025-03-25
2025032503014367,MSLB,43,49,10.0,1220.0,12200.0,2025-03-25
2025032503014366,MSLB,43,52,10.0,1220.0,12200.0,2025-03-25
2025032503014365,MSLB,43,58,10.0,1220.0,12200.0,2025-03-25
2025032503014364,MSLB,43,58,10.0,1220.0,12200.0,2025-03-25
2025032504017203,NIL,48,71,200.0,745.0,149000.0,2025-03-25
2025032504017202,NIL,45,71,100.0,745.1,74510.0,2025-03-25
2025032504017201,NIL,52,71,190.0,745.1,141569.0,2025-03-25
2025032504017200,NIL,36,71,10.0,745.2,7452.0,2025-03-25
2025032504017199,AKJCL,26,7,40.0,199.6,7984.0,2025-03-25
2025032505013356,HDL,58,53,33.0,1187.5,39187.5,2025-03-25
2025032505013355,HDL,6,53,20.0,1187.5,23750.0,2025-03-25
2025032505013354,HDL,33,53,15.0,1188.0,17820.0,2025-03-25
2025032505013353,HDL,59,53,72.0,1188.0,85536.0,2025-03-25
2025032505013352,HDL,50,53,10.0,1188.1,11881.0,2025-03-25
2025032504017198,UPPER,52,34,100.0,198.2,19820.0,2025-03-25
2025032505013351,SMATA,4,42,200.0,802.0,160400.0,2025-03-25
2025032503014363,RLFL,43,50,100.0,507.0,50700.0,2025-03-25
2025032504017197,PRIN,58,18,78.0,900.0,70200.0,2025-03-25
2025032503014362,SAPDBL,72,35,10.0,1086.0,10860.0,2025-03-25
2025032504017196,API,42,33,20.0,262.9,5258.0,2025-03-25
2025032503014361,FOWAD,60,57,10.0,1157.0,11570.0,2025-03-25
2025032501016507,CZBIL,35,50,500.0,207.2,103600.0,2025-03-25
2025032503014360,GUFL,41,47,10.0,575.5,5755.0,2025-03-25
2025032503014359,LBBL,11,4,100.0,413.5,41350.0,2025-03-25
2025032504017195,NHPC,17,53,150.0,203.9,30585.0,2025-03-25
2025032505013350,SHIVM,52,36,98.0,519.0,50862.0,2025-03-25
2025032505013349,SAHAS,22,5,50.0,485.7,24285.0,2025-03-25
2025032501016506,SCB,39,26,100.0,625.0,62500.0,2025-03-25
2025032503014358,MLBL,49,48,300.0,385.9,115770.0,2025-03-25
2025032504017194,OHL,85,42,21.0,866.9,18204.9,2025-03-25
2025032505013348,CHDC,56,85,10.0,2121.1,21211.0,2025-03-25
2025032501016505,GMLI,95,34,10.0,2271.4,22714.0,2025-03-25
2025032501016504,HBL,4,57,150.0,230.2,34530.0,2025-03-25
2025032503014357,PFL,58,49,30.0,420.1,12603.0,2025-03-25
2025032505013347,NIFRA,81,58,160.0,258.3,41328.0,2025-03-25
2025032505013346,NIFRA,14,58,500.0,258.3,129150.0,2025-03-25
2025032504017193,AKPL,7,39,200.0,219.7,43940.0,2025-03-25
2025032504017192,AKPL,42,39,100.0,219.7,21970.0,2025-03-25
2025032504017191,AKPL,48,39,100.0,219.7,21970.0,2025-03-25
2025032504017190,BPCL,57,45,99.0,384.0,38016.0,2025-03-25
2025032504017189,BPCL,62,45,10.0,384.0,3840.0,2025-03-25
2025032504017188,RIDI,29,34,10.0,215.0,2150.0,2025-03-25
2025032505013345,HIDCL,32,13,200.0,258.0,51600.0,2025-03-25
2025032504017187,UPPER,5,34,50.0,198.2,9910.0,2025-03-25
2025032504017186,UPPER,32,34,150.0,198.2,29730.0,2025-03-25
2025032504017185,CHCL,25,49,200.0,477.0,95400.0,2025-03-25
2025032504017184,CHCL,25,13,41.0,477.0,19557.0,2025-03-25
2025032504017183,CHL,10,25,10.0,505.4,5054.0,2025-03-25
2025032503014356,JBBL,44,62,89.0,331.0,29459.0,2025-03-25
2025032503014355,JBBL,53,62,100.0,331.0,33100.0,2025-03-25
2025032503014354,JBBL,34,62,40.0,331.0,13240.0,2025-03-25
2025032503014353,JBBL,62,62,100.0,331.0,33100.0,2025-03-25
2025032503014352,JBBL,36,62,471.0,331.0,155901.0,2025-03-25
2025032503014351,JBBL,13,62,100.0,331.1,33110.0,2025-03-25
2025032503014350,JBBL,14,62,100.0,331.2,33120.0,2025-03-25
2025032504017182,SICL,56,1,10.0,759.0,7590.0,2025-03-25
2025032503014349,GBLBS,69,17,10.0,791.0,7910.0,2025-03-25
2025032503014348,GBLBS,69,55,10.0,790.0,7900.0,2025-03-25
2025032503014347,SKBBL,5,45,17.0,783.0,13311.0,2025-03-25
2025032503014346,SKBBL,5,28,283.0,783.0,221589.0,2025-03-25
2025032504017181,NGPL,8,1,800.0,263.7,210960.0,2025-03-25
2025032504017180,NGPL,57,1,500.0,263.8,131900.0,2025-03-25
2025032504017179,NGPL,49,1,300.0,264.0,79200.0,2025-03-25
2025032504017178,NGPL,54,1,100.0,264.0,26400.0,2025-03-25
2025032504017177,NGPL,45,1,180.0,264.0,47520.0,2025-03-25
2025032504017176,NGPL,58,1,120.0,264.0,31680.0,2025-03-25
2025032505013344,NIFRA,42,39,400.0,258.6,103440.0,2025-03-25
2025032504017175,HURJA,51,26,258.0,227.1,58591.8,2025-03-25
2025032504017174,HURJA,51,26,176.0,227.1,39969.6,2025-03-25
2025032504017173,HURJA,28,26,40.0,227.2,9088.0,2025-03-25
2025032504017172,HURJA,34,26,500.0,227.2,113600.0,2025-03-25
2025032504017171,HURJA,57,26,26.0,227.2,5907.2,2025-03-25
2025032504017170,HPPL,57,66,10.0,578.0,5780.0,2025-03-25
2025032503014345,NABBC,80,54,30.0,1735.5,52065.0,2025-03-25
2025032503014344,NABBC,56,54,20.0,1735.5,34710.0,2025-03-25
2025032501016503,MBL,21,45,848.0,220.5,186984.0,2025-03-25
2025032504017169,GHL,56,98,820.0,268.1,219842.0,2025-03-25
2025032504017168,GHL,22,98,180.0,268.2,48276.0,2025-03-25
2025032504017167,SHL,58,58,100.0,474.0,47400.0,2025-03-25
2025032505013343,GCIL,62,63,93.0,512.0,47616.0,2025-03-25
2025032505013342,GCIL,22,63,300.0,512.1,153630.0,2025-03-25
2025032505013341,GCIL,32,63,200.0,515.0,103000.0,2025-03-25
2025032505013340,GCIL,26,63,50.0,515.0,25750.0,2025-03-25
2025032505013339,GCIL,57,63,10.0,515.0,5150.0,2025-03-25
2025032505013338,GCIL,19,63,100.0,515.0,51500.0,2025-03-25
2025032505013337,GCIL,49,63,402.0,515.0,207030.0,2025-03-25
2025032505013336,GCIL,49,63,400.0,515.5,206200.0,2025-03-25
2025032505013335,GCIL,13,63,45.0,516.0,23220.0,2025-03-25
2025032503014343,SINDU,10,39,875.0,1060.2,927675.0,2025-03-25
2025032503014342,SINDU,22,39,25.0,1061.0,26525.0,2025-03-25
2025032503014341,SHINE,16,91,240.0,406.4,97536.0,2025-03-25
2025032503014340,SHINE,54,91,10.0,406.5,4065.0,2025-03-25
2025032501016502,MLBS,45,1,10.0,1744.0,17440.0,2025-03-25
2025032503014339,GILB,43,52,17.0,1209.2,20556.4,2025-03-25
2025032503014338,JFL,48,26,40.0,498.0,19920.0,2025-03-25
2025032503014337,JFL,48,57,10.0,498.0,4980.0,2025-03-25
2025032503014336,SKBBL,52,28,35.0,783.0,27405.0,2025-03-25
2025032501016501,GMLI,95,48,50.0,2271.4,113570.0,2025-03-25
2025032504017166,HURJA,57,56,174.0,227.2,39532.8,2025-03-25
2025032504017165,HURJA,42,56,50.0,227.3,11365.0,2025-03-25
2025032504017164,HURJA,10,56,100.0,227.5,22750.0,2025-03-25
2025032504017163,HURJA,36,56,337.0,227.6,76701.2,2025-03-25
2025032503014335,MLBL,38,6,644.0,385.0,247940.0,2025-03-25
2025032503014334,MLBL,17,6,126.0,385.0,48510.0,2025-03-25
2025032503014333,MLBL,38,6,20.0,385.1,7702.0,2025-03-25
2025032503014332,PMLI,8,6,35.0,548.0,19180.0,2025-03-25
2025032503014331,PMLI,41,6,30.0,548.0,16440.0,2025-03-25
2025032503014330,PMLI,58,6,15.0,548.0,8220.0,2025-03-25
2025032504017162,NHPC,42,53,225.0,203.9,45877.5,2025-03-25
2025032504017161,RURU,6,42,40.0,711.3,28452.0,2025-03-25
2025032504017160,RURU,50,42,60.0,711.5,42690.0,2025-03-25
2025032501016500,MKJC,80,26,60.0,521.0,31260.0,2025-03-25
2025032501016499,MKJC,19,26,50.0,521.0,26050.0,2025-03-25
2025032501016498,MKJC,48,26,100.0,523.0,52300.0,2025-03-25
2025032501016497,MKJC,45,26,40.0,523.0,20920.0,2025-03-25
2025032501016496,MKJC,49,26,1000.0,523.0,523000.0,2025-03-25
2025032501016495,MKJC,48,26,50.0,523.1,26155.0,2025-03-25
2025032501016494,MKJC,49,26,500.0,523.1,261550.0,2025-03-25
2025032505013334,ILI,57,48,49.0,451.0,22099.0,2025-03-25
2025032501016493,EBL,91,8,14.0,601.0,8414.0,2025-03-25
2025032501016492,GMLI,54,87,10.0,2272.0,22720.0,2025-03-25
2025032503014329,MNBBL,58,6,10.0,359.0,3590.0,2025-03-25
2025032505013333,CHDC,39,45,30.0,2124.0,63720.0,2025-03-25
2025032505013332,CHDC,39,16,20.0,2123.9,42478.0,2025-03-25
2025032505013331,NIFRA,57,45,35.0,258.2,9037.0,2025-03-25
2025032503014328,SIFC,60,43,250.0,515.2,128800.0,2025-03-25
2025032505013330,SHIVM,52,49,107.0,518.9,55522.3,2025-03-25
2025032505013329,SHIVM,52,35,195.0,518.5,101107.5,2025-03-25
2025032505013328,SHIVM,52,41,100.0,518.4,51840.0,2025-03-25
2025032505013327,GCIL,13,34,55.0,516.0,28380.0,2025-03-25
2025032504017159,LEC,16,10,431.0,205.0,88355.0,2025-03-25
2025032504017158,LEC,6,10,398.0,205.0,81590.0,2025-03-25
2025032503014327,DDBL,90,45,40.0,763.0,30520.0,2025-03-25
2025032503014326,NLIC,1,51,15.0,750.0,11250.0,2025-03-25
2025032503014325,NLIC,1,8,20.0,750.0,15000.0,2025-03-25
2025032504017157,NHPC,42,53,1000.0,203.9,203900.0,2025-03-25
2025032503014324,MERO,38,98,15.0,690.0,10350.0,2025-03-25
2025032501016491,MBL,45,45,652.0,220.5,143766.0,2025-03-25
2025032504017156,UAIL,40,45,45.0,625.0,28125.0,2025-03-25
2025032504017155,DHPL,45,38,100.0,383.0,38300.0,2025-03-25
2025032503014323,SFCL,45,16,72.0,515.0,37080.0,2025-03-25
2025032503014322,SFCL,45,43,28.0,511.5,14322.0,2025-03-25
2025032503014321,SJLIC,7,29,80.0,434.0,34720.0,2025-03-25
2025032503014320,SJLIC,45,29,30.0,434.1,13023.0,2025-03-25
2025032503014319,JFL,48,13,227.0,497.5,112932.5,2025-03-25
2025032505013326,NRIC,6,22,134.0,1250.0,167500.0,2025-03-25
2025032503014318,MATRI,44,7,25.0,1166.0,29150.0,2025-03-25
2025032503014317,MATRI,42,7,25.0,1166.1,29152.5,2025-03-25
2025032503014316,MATRI,29,7,50.0,1167.0,58350.0,2025-03-25
2025032503014315,MATRI,14,7,50.0,1167.2,58360.0,2025-03-25
2025032501016490,SANIMA,32,47,49.0,295.0,14455.0,2025-03-25
2025032501016489,SANIMA,50,47,151.0,295.0,44545.0,2025-03-25
2025032504017154,GHL,88,80,30.0,268.9,8067.0,2025-03-25
2025032504017153,GHL,88,57,100.0,268.8,26880.0,2025-03-25
2025032504017152,GHL,88,5,190.0,268.8,51072.0,2025-03-25
2025032504017151,GHL,88,38,380.0,268.6,102068.0,2025-03-25
2025032504017150,UMHL,48,26,126.0,439.0,55314.0,2025-03-25
2025032503014314,FMDBL,13,65,99.0,735.0,72765.0,2025-03-25
2025032503014313,FMDBL,19,65,101.0,735.0,74235.0,2025-03-25
2025032505013325,MBJC,56,14,23.0,315.1,7247.3,2025-03-25
2025032505013324,MBJC,52,14,40.0,315.1,12604.0,2025-03-25
2025032505013323,MBJC,57,14,10.0,315.1,3151.0,2025-03-25
2025032505013322,MBJC,45,14,17.0,315.1,5356.7,2025-03-25
2025032504017149,BPCL,58,57,10.0,385.0,3850.0,2025-03-25
2025032503014312,NICLBSL,21,49,10.0,635.1,6351.0,2025-03-25
2025032505013321,NRIC,6,29,750.0,1250.0,937500.0,2025-03-25
2025032505013320,MMF1,8,77,100.0,8.24,824.0,2025-03-25
2025032501016488,SGHC,38,46,161.0,524.5,84444.5,2025-03-25
2025032501016487,SGHC,38,52,100.0,522.0,52200.0,2025-03-25
2025032501016486,SGHC,38,16,139.0,521.3,72460.7,2025-03-25
2025032501016485,SGHC,38,49,100.0,521.0,52100.0,2025-03-25
2025032503014311,MFIL,48,57,142.0,598.0,84916.0,2025-03-25
2025032504017148,UMHL,48,52,474.0,438.9,208038.6,2025-03-25
2025032504017147,UMHL,56,52,26.0,439.0,11414.0,2025-03-25
2025032503014310,LICN,67,20,52.0,983.0,51116.0,2025-03-25
2025032503014309,LICN,57,20,10.0,983.2,9832.0,2025-03-25
2025032503014308,LICN,58,20,10.0,983.3,9833.0,2025-03-25
2025032503014307,LICN,50,20,29.0,984.1,28538.9,2025-03-25
2025032503014306,LICN,37,20,100.0,985.0,98500.0,2025-03-25
2025032503014305,LICN,35,20,31.0,985.0,30535.0,2025-03-25
2025032503014304,LICN,13,20,101.0,985.0,99485.0,2025-03-25
2025032503014303,LICN,8,20,10.0,985.0,9850.0,2025-03-25
2025032503014302,LICN,22,20,157.0,985.0,154645.0,2025-03-25
2025032504017146,UMHL,56,36,74.0,439.0,32486.0,2025-03-25
2025032501016484,MKHL,10,45,120.0,688.0,82560.0,2025-03-25
2025032501016483,MKHL,10,87,100.0,688.0,68800.0,2025-03-25
2025032501016482,MKHL,10,13,450.0,687.0,309150.0,2025-03-25
2025032501016481,MKHL,10,14,30.0,687.0,20610.0,2025-03-25
2025032501016480,MKHL,10,51,450.0,686.0,308700.0,2025-03-25
2025032501016479,MKHL,10,41,40.0,685.5,27420.0,2025-03-25
2025032501016478,MKHL,10,1,10.0,685.0,6850.0,2025-03-25
2025032504017145,GHL,21,6,300.0,268.2,80460.0,2025-03-25
2025032504017144,NLG,55,1,376.0,850.0,319600.0,2025-03-25
2025032504017143,GHL,21,43,400.0,268.2,107280.0,2025-03-25
2025032504017142,GHL,39,43,50.0,268.2,13410.0,2025-03-25
2025032504017141,GHL,55,43,300.0,268.4,80520.0,2025-03-25
2025032504017140,UPPER,70,35,450.0,198.4,89280.0,2025-03-25
2025032504017139,UPPER,70,36,50.0,198.4,9920.0,2025-03-25
2025032504017138,GHL,55,71,200.0,268.4,53680.0,2025-03-25
2025032504017137,RADHI,16,87,100.0,373.0,37300.0,2025-03-25
2025032504017136,RADHI,17,87,1000.0,373.1,373100.0,2025-03-25
2025032504017135,RADHI,53,87,200.0,373.2,74640.0,2025-03-25
2025032501016477,DOLTI,35,8,12.0,674.0,8088.0,2025-03-25
2025032501016476,SCB,53,26,10.0,625.0,6250.0,2025-03-25
2025032505013319,CLI,53,4,30.0,496.0,14880.0,2025-03-25
2025032501016475,RAWA,44,41,70.0,833.0,58310.0,2025-03-25
2025032501016474,RAWA,59,41,50.0,835.0,41750.0,2025-03-25
2025032501016473,RAWA,3,41,10.0,835.0,8350.0,2025-03-25
2025032501016472,RAWA,14,41,10.0,835.0,8350.0,2025-03-25
2025032501016471,RAWA,39,41,50.0,837.6,41880.0,2025-03-25
2025032501016470,RAWA,3,41,10.0,838.0,8380.0,2025-03-25
2025032503014301,NFS,34,17,72.0,678.1,48823.2,2025-03-25
2025032503014300,NFS,45,17,145.0,678.2,98339.0,2025-03-25
2025032503014299,NFS,42,17,10.0,678.2,6782.0,2025-03-25
2025032503014298,NFS,62,17,20.0,679.0,13580.0,2025-03-25
2025032503014297,NFS,7,17,10.0,679.0,6790.0,2025-03-25
2025032503014296,NFS,58,17,19.0,679.0,12901.0,2025-03-25
2025032503014295,NFS,34,17,100.0,679.0,67900.0,2025-03-25
2025032503014294,NFS,38,17,30.0,679.2,20376.0,2025-03-25
2025032503014293,NFS,4,17,60.0,679.5,40770.0,2025-03-25
2025032503014292,NFS,45,17,34.0,680.0,23120.0,2025-03-25
2025032501016469,BEDC,58,57,10.0,769.0,7690.0,2025-03-25
2025032504017134,NHPC,25,53,200.0,203.9,40780.0,2025-03-25
2025032504017133,API,34,33,300.0,262.9,78870.0,2025-03-25
2025032505013318,HDL,59,10,40.0,1190.0,47600.0,2025-03-25
2025032505013317,HRL,56,7,43.0,939.0,40377.0,2025-03-25
2025032505013316,SMJC,5,39,90.0,569.0,51210.0,2025-03-25
2025032505013315,SMJC,5,58,10.0,566.0,5660.0,2025-03-25
2025032504017132,AHPC,72,42,10.0,246.9,2469.0,2025-03-25
2025032503014291,PFL,47,70,18.0,420.0,7560.0,2025-03-25
2025032503014290,PFL,19,70,10.0,420.0,4200.0,2025-03-25
2025032503014289,PFL,49,70,10.0,420.0,4200.0,2025-03-25
2025032503014288,PFL,58,42,10.0,420.0,4200.0,2025-03-25
2025032503014287,NABBC,56,42,10.0,1735.5,17355.0,2025-03-25
2025032501016468,SMH,34,94,10.0,925.0,9250.0,2025-03-25
2025032504017131,HURJA,36,51,45.0,227.6,10242.0,2025-03-25
2025032501016467,SNLI,45,39,50.0,622.0,31100.0,2025-03-25
2025032501016466,SNLI,45,39,50.0,622.1,31105.0,2025-03-25
2025032504017130,UMHL,39,36,26.0,439.0,11414.0,2025-03-25
2025032504017129,UMHL,39,62,500.0,439.0,219500.0,2025-03-25
2025032504017128,UMHL,39,72,3474.0,439.0,1525086.0,2025-03-25
2025032505013314,NRM,58,49,330.0,448.0,147840.0,2025-03-25
2025032504017127,GHL,60,38,10.0,268.6,2686.0,2025-03-25
2025032504017126,RHPL,29,48,320.0,375.0,120000.0,2025-03-25
2025032504017125,RHPL,6,48,80.0,375.0,30000.0,2025-03-25
2025032504017124,LEC,6,55,102.0,205.0,20910.0,2025-03-25
2025032504017123,LEC,19,55,100.0,205.0,20500.0,2025-03-25
2025032504017122,LEC,42,55,22.0,205.0,4510.0,2025-03-25
2025032504017121,LEC,55,55,101.0,205.0,20705.0,2025-03-25
2025032504017120,LEC,72,55,1000.0,205.0,205000.0,2025-03-25
2025032504017119,LEC,22,55,1000.0,205.0,205000.0,2025-03-25
2025032504017118,LEC,32,55,675.0,205.0,138375.0,2025-03-25
2025032501016465,LSL,22,42,10.0,216.8,2168.0,2025-03-25
2025032501016464,CYCL,25,45,10.0,1552.0,15520.0,2025-03-25
2025032501016463,TVCL,57,62,130.0,501.0,65130.0,2025-03-25
2025032501016462,SRLI,59,45,10.0,411.0,4110.0,2025-03-25
2025032501016461,SRLI,59,56,268.0,411.0,110148.0,2025-03-25
2025032505013313,NRN,6,49,32.0,1368.9,43804.8,2025-03-25
2025032505013312,NRN,6,58,30.0,1368.9,41067.0,2025-03-25
2025032505013311,NRN,6,42,38.0,1368.0,51984.0,2025-03-25
2025032504017117,NHPC,50,53,646.0,203.9,131719.4,2025-03-25
2025032503014286,SFCL,57,43,11.0,511.5,5626.5,2025-03-25
2025032503014285,WNLB,51,3,65.0,2905.0,188825.0,2025-03-25
2025032503014284,MSLB,3,6,10.0,1219.0,12190.0,2025-03-25
2025032503014283,MSLB,3,58,20.0,1219.0,24380.0,2025-03-25
2025032501016460,SANIMA,50,41,390.0,295.0,115050.0,2025-03-25
2025032503014282,GMFIL,49,86,17.0,484.7,8239.9,2025-03-25
2025032501016459,USHL,52,45,20.0,725.0,14500.0,2025-03-25
2025032501016458,USHL,11,45,10.0,725.1,7251.0,2025-03-25
2025032505013310,HRL,49,7,400.0,939.0,375600.0,2025-03-25
2025032501016457,NBL,53,13,129.0,245.0,31605.0,2025-03-25
2025032501016456,NBL,22,13,100.0,245.1,24510.0,2025-03-25
2025032504017116,IGI,44,47,130.0,560.0,72800.0,2025-03-25
2025032504017115,GHL,39,5,950.0,268.2,254790.0,2025-03-25
2025032504017114,GHL,58,5,50.0,268.2,13410.0,2025-03-25
2025032505013309,HRL,45,7,40.0,939.0,37560.0,2025-03-25
2025032505013308,HRL,49,7,217.0,939.0,203763.0,2025-03-25
2025032505013307,NRIC,6,96,2000.0,1250.0,2500000.0,2025-03-25
2025032501016455,EHPL,42,28,40.0,697.9,27916.0,2025-03-25
2025032501016454,EHPL,42,45,10.0,697.8,6978.0,2025-03-25
2025032501016453,MSHL,57,21,10.0,887.5,8875.0,2025-03-25
2025032504017113,SSHL,3,45,100.0,226.0,22600.0,2025-03-25
2025032504017112,RIDI,63,34,10.0,215.0,2150.0,2025-03-25
2025032501016452,GMLI,95,33,50.0,2271.4,113570.0,2025-03-25
2025032505013306,CHDC,56,55,50.0,2121.1,106055.0,2025-03-25
2025032505013305,CLI,13,4,140.0,496.0,69440.0,2025-03-25
2025032505013304,CLI,13,34,660.0,496.0,327360.0,2025-03-25
2025032504017111,AKJCL,52,7,15.0,199.6,2994.0,2025-03-25
2025032503014281,LICN,22,52,90.0,985.0,88650.0,2025-03-25
2025032503014280,LICN,39,52,10.0,985.1,9851.0,2025-03-25
2025032503014279,NLIC,28,8,50.0,750.0,37500.0,2025-03-25
2025032501016451,TAMOR,48,44,100.0,499.1,49910.0,2025-03-25
2025032504017110,GHL,58,1,50.0,268.2,13410.0,2025-03-25
2025032504017109,GHL,6,1,150.0,268.3,40245.0,2025-03-25
2025032504017108,SHPC,33,52,331.0,446.0,147626.0,2025-03-25
2025032501016450,BHDC,45,60,50.0,575.0,28750.0,2025-03-25
2025032504017107,AKPL,48,34,100.0,219.7,21970.0,2025-03-25
2025032503014278,MFIL,34,57,20.0,598.0,11960.0,2025-03-25
2025032503014277,SADBL,4,45,50.0,391.0,19550.0,2025-03-25
2025032504017106,DHPL,4,42,140.0,383.0,53620.0,2025-03-25
2025032501016449,NIMB,35,38,13.0,207.9,2702.7,2025-03-25
2025032505013303,HRL,42,17,31.0,939.2,29115.2,2025-03-25
2025032505013302,HRL,42,42,63.0,939.2,59169.6,2025-03-25
2025032505013301,NRM,64,19,200.0,450.0,90000.0,2025-03-25
2025032505013300,NRM,49,19,50.0,450.0,22500.0,2025-03-25
2025032501016448,SBL,50,32,10.0,277.0,2770.0,2025-03-25
2025032503014276,SINDU,87,41,20.0,1060.1,21202.0,2025-03-25
2025032504017105,BARUN,64,32,100.0,495.0,49500.0,2025-03-25
2025032504017104,LEC,49,10,30.0,205.2,6156.0,2025-03-25
2025032504017103,LEC,49,63,450.0,205.1,92295.0,2025-03-25
2025032503014275,NFS,45,29,100.0,680.0,68000.0,2025-03-25
2025032503014274,NFS,45,42,150.0,680.0,102000.0,2025-03-25
2025032503014273,NFS,45,37,20.0,680.0,13600.0,2025-03-25
2025032503014272,NFS,45,57,165.0,680.0,112200.0,2025-03-25
2025032503014271,NFS,45,43,31.0,679.5,21064.5,2025-03-25
2025032503014270,NFS,22,43,50.0,679.5,33975.0,2025-03-25
2025032505013299,VLUCL,22,42,100.0,654.0,65400.0,2025-03-25
2025032501016447,NMB,7,35,100.0,240.8,24080.0,2025-03-25
2025032501016446,NMB,50,35,100.0,241.0,24100.0,2025-03-25
2025032504017102,HDHPC,42,38,322.0,195.0,62790.0,2025-03-25
2025032504017101,HDHPC,44,38,295.0,195.0,57525.0,2025-03-25
2025032504017100,HDHPC,49,38,100.0,195.0,19500.0,2025-03-25
2025032504017099,HDHPC,57,38,208.0,195.0,40560.0,2025-03-25
2025032504017098,HDHPC,57,38,50.0,195.1,9755.0,2025-03-25
2025032504017097,HDHPC,45,38,25.0,195.1,4877.5,2025-03-25
2025032501016445,SARBTM,14,58,130.0,768.0,99840.0,2025-03-25
2025032505013298,NTC,26,51,10.0,894.9,8949.0,2025-03-25
2025032501016444,NMB,57,45,20.0,242.0,4840.0,2025-03-25
2025032504017096,JOSHI,42,32,250.0,343.1,85775.0,2025-03-25
2025032503014269,HLI,34,91,1000.0,411.2,411200.0,2025-03-25
2025032503014268,HLI,52,91,30.0,411.2,12336.0,2025-03-25
2025032504017095,AKPL,95,34,101.0,219.9,22209.9,2025-03-25
2025032505013297,NRIC,6,39,1400.0,1250.0,1750000.0,2025-03-25
2025032503014267,SAPDBL,1,58,20.0,1086.0,21720.0,2025-03-25
2025032503014266,SAPDBL,38,58,30.0,1086.1,32583.0,2025-03-25
2025032504017094,GHL,6,58,270.0,268.3,72441.0,2025-03-25
2025032501016443,GMLI,95,58,10.0,2271.4,22714.0,2025-03-25
2025032503014265,WNLB,51,58,10.0,2905.0,29050.0,2025-03-25
2025032504017093,UPCL,17,62,1370.0,277.6,380312.0,2025-03-25
2025032504017092,UPCL,11,62,200.0,277.8,55560.0,2025-03-25
2025032504017091,UPCL,43,62,50.0,278.0,13900.0,2025-03-25
2025032504017090,UPCL,26,62,20.0,278.0,5560.0,2025-03-25
2025032504017089,UPCL,45,62,360.0,278.0,100080.0,2025-03-25
2025032505013296,SONA,59,48,150.0,455.2,68280.0,2025-03-25
2025032501016442,EBL,59,38,34.0,601.5,20451.0,2025-03-25
2025032501016441,EBL,59,51,393.0,601.4,236350.2,2025-03-25
2025032501016440,EBL,59,26,100.0,601.0,60100.0,2025-03-25
2025032505013295,GCIL,49,34,98.0,515.0,50470.0,2025-03-25
2025032505013294,GCIL,96,34,392.0,515.2,201958.4,2025-03-25
2025032501016439,MKJC,22,5,50.0,525.0,26250.0,2025-03-25
2025032501016438,MKJC,86,5,344.0,525.0,180600.0,2025-03-25
2025032503014264,NFS,45,43,30.0,679.5,20385.0,2025-03-25
2025032503014263,EDBL,33,47,50.0,623.0,31150.0,2025-03-25
2025032503014262,MPFL,18,47,369.0,613.0,226197.0,2025-03-25
2025032503014261,SAPDBL,56,11,80.0,1090.0,87200.0,2025-03-25
2025032503014260,SAPDBL,56,45,20.0,1089.0,21780.0,2025-03-25
2025032503014259,SAPDBL,56,72,300.0,1089.0,326700.0,2025-03-25
2025032503014258,CFCL,34,70,155.0,535.8,83049.0,2025-03-25
2025032503014257,CFCL,38,70,25.0,535.8,13395.0,2025-03-25
2025032503014256,CFCL,22,70,100.0,536.0,53600.0,2025-03-25
2025032503014255,CFCL,42,70,20.0,536.0,10720.0,2025-03-25
2025032503014254,CFCL,19,70,200.0,536.1,107220.0,2025-03-25
2025032503014253,MSLB,39,14,10.0,1219.0,12190.0,2025-03-25
2025032503014252,MLBL,17,14,74.0,385.0,28490.0,2025-03-25
2025032503014251,MLBL,37,14,100.0,385.0,38500.0,2025-03-25
2025032503014250,MLBL,53,14,200.0,385.0,77000.0,2025-03-25
2025032503014249,MLBL,17,14,40.0,385.0,15400.0,2025-03-25
2025032503014248,MLBL,33,14,86.0,385.0,33110.0,2025-03-25
2025032503014247,GUFL,17,38,48.0,575.1,27604.8,2025-03-25
2025032503014246,GUFL,26,38,100.0,575.1,57510.0,2025-03-25
2025032503014245,GUFL,41,38,10.0,575.2,5752.0,2025-03-25
2025032503014244,GUFL,1,38,10.0,575.2,5752.0,2025-03-25
2025032503014243,GUFL,1,38,10.0,575.3,5753.0,2025-03-25
2025032503014242,GUFL,41,38,10.0,575.3,5753.0,2025-03-25
2025032503014241,GUFL,45,38,125.0,575.4,71925.0,2025-03-25
2025032503014240,GUFL,58,38,87.0,575.4,50059.8,2025-03-25
2025032501016437,SGHC,6,42,900.0,519.0,467100.0,2025-03-25
2025032504017088,SPDL,14,42,2915.0,315.2,918808.0,2025-03-25
2025032504017087,RURU,6,44,25.0,711.3,17782.5,2025-03-25
2025032501016436,MBL,49,7,50.0,221.0,11050.0,2025-03-25
2025032503014239,PROFL,49,42,50.0,524.0,26200.0,2025-03-25
2025032504017086,API,49,33,100.0,262.9,26290.0,2025-03-25
2025032501016435,MKJC,6,17,100.0,526.0,52600.0,2025-03-25
2025032505013293,LUK,47,4,100.0,9.57,957.0,2025-03-25
2025032505013292,LUK,28,4,1000.0,9.6,9600.0,2025-03-25
2025032505013291,GCIL,96,43,108.0,515.2,55641.6,2025-03-25
2025032503014238,SWMF,34,36,20.0,719.0,14380.0,2025-03-25
2025032504017085,UPCL,45,42,40.0,278.0,11120.0,2025-03-25
2025032504017084,UPCL,57,42,1000.0,278.0,278000.0,2025-03-25
2025032504017083,UPCL,5,42,200.0,278.0,55600.0,2025-03-25
2025032504017082,UPCL,32,42,200.0,278.1,55620.0,2025-03-25
2025032504017081,UPCL,39,42,30.0,278.5,8355.0,2025-03-25
2025032503014237,PFL,57,49,100.0,420.1,42010.0,2025-03-25
2025032503014236,GMFIL,17,16,50.0,485.0,24250.0,2025-03-25
2025032503014235,MFIL,32,57,10.0,598.0,5980.0,2025-03-25
2025032501016434,GMLI,19,44,10.0,2273.0,22730.0,2025-03-25
2025032501016433,GMLI,19,58,10.0,2272.0,22720.0,2025-03-25
2025032505013290,CHDC,54,97,50.0,2119.0,105950.0,2025-03-25
2025032505013289,CHDC,77,97,200.0,2119.0,423800.0,2025-03-25
2025032505013288,CHDC,59,97,100.0,2119.0,211900.0,2025-03-25
2025032505013287,CHDC,29,97,100.0,2120.0,212000.0,2025-03-25
2025032505013286,CHDC,87,97,40.0,2120.0,84800.0,2025-03-25
2025032504017080,UAIL,40,29,781.0,625.0,488125.0,2025-03-25
2025032504017079,UAIL,26,29,41.0,625.0,25625.0,2025-03-25
2025032504017078,UAIL,34,29,13.0,625.1,8126.3,2025-03-25
2025032504017077,UAIL,45,29,75.0,625.1,46882.5,2025-03-25
2025032504017076,UAIL,45,29,90.0,625.3,56277.0,2025-03-25
2025032501016432,PRVU,1,13,43.0,205.6,8840.8,2025-03-25
2025032503014234,HLI,58,58,10.0,411.3,4113.0,2025-03-25
2025032503014233,HLI,45,58,10.0,411.3,4113.0,2025-03-25
2025032503014232,HLI,49,58,20.0,411.3,8226.0,2025-03-25
2025032503014231,HLI,33,58,200.0,411.4,82280.0,2025-03-25
2025032503014230,HLI,56,58,175.0,412.0,72100.0,2025-03-25
2025032501016431,MBL,49,7,42.0,221.0,9282.0,2025-03-25
2025032501016430,MBL,49,49,70.0,221.0,15470.0,2025-03-25
2025032504017075,UMHL,38,10,53.0,438.0,23214.0,2025-03-25
2025032501016429,GMLI,95,84,440.0,2271.4,999416.0,2025-03-25
2025032501016428,GMLI,28,84,50.0,2271.4,113570.0,2025-03-25
2025032501016427,GMLI,19,84,10.0,2272.0,22720.0,2025-03-25
2025032504017074,UPCL,38,56,10.0,279.0,2790.0,2025-03-25
2025032501016426,HIDCLP,91,38,500.0,169.2,84600.0,2025-03-25
2025032504017073,JOSHI,42,42,100.0,343.1,34310.0,2025-03-25
2025032501016425,BGWT,74,42,10.0,986.3,9863.0,2025-03-25
2025032501016424,SBI,14,8,700.0,402.1,281470.0,2025-03-25
2025032505013285,PHCL,26,50,200.0,559.0,111800.0,2025-03-25
2025032505013284,NRIC,39,72,50.0,1251.0,62550.0,2025-03-25
2025032501016423,CZBIL,21,8,10.0,207.8,2078.0,2025-03-25
2025032501016422,SANIMA,16,4,50.0,296.0,14800.0,2025-03-25
2025032503014229,DDBL,51,90,15.0,759.1,11386.5,2025-03-25
2025032503014228,DDBL,49,90,15.0,759.1,11386.5,2025-03-25
2025032503014227,DDBL,45,90,19.0,761.0,14459.0,2025-03-25
2025032505013283,MBJC,45,49,13.0,315.1,4096.3,2025-03-25
2025032501016421,NABIL,59,42,10.0,479.0,4790.0,2025-03-25
2025032505013282,ILI,35,48,20.0,451.0,9020.0,2025-03-25
2025032501016420,IHL,88,86,160.0,656.9,105104.0,2025-03-25
2025032501016419,IHL,88,45,90.0,656.7,59103.0,2025-03-25
2025032503014226,SWMF,34,38,11.0,719.0,7909.0,2025-03-25
2025032505013281,PHCL,26,26,100.0,559.0,55900.0,2025-03-25
2025032505013280,PHCL,57,26,300.0,559.2,167760.0,2025-03-25
2025032503014225,SLBBL,62,8,10.0,955.0,9550.0,2025-03-25
2025032503014224,SLBBL,36,8,20.0,955.0,19100.0,2025-03-25
2025032503014223,SLBBL,32,8,20.0,955.0,19100.0,2025-03-25
2025032503014222,SLBBL,41,8,10.0,955.0,9550.0,2025-03-25
2025032503014221,SLBBL,92,8,100.0,955.2,95520.0,2025-03-25
2025032503014220,SLBBL,33,8,110.0,955.4,105094.0,2025-03-25
2025032503014219,SLBBL,34,8,90.0,956.0,86040.0,2025-03-25
2025032501016418,NICA,54,41,27.0,363.0,9801.0,2025-03-25
2025032503014218,FMDBL,63,29,20.0,748.0,14960.0,2025-03-25
2025032503014217,FMDBL,63,29,40.0,745.0,29800.0,2025-03-25
2025032503014216,FMDBL,63,18,100.0,744.1,74410.0,2025-03-25
2025032503014215,FMDBL,63,65,100.0,742.9,74290.0,2025-03-25
2025032503014214,FMDBL,63,21,100.0,742.0,74200.0,2025-03-25
2025032503014213,FMDBL,63,17,150.0,740.0,111000.0,2025-03-25
2025032503014212,FMDBL,63,21,290.0,740.0,214600.0,2025-03-25
2025032503014211,FMDBL,63,65,200.0,739.0,147800.0,2025-03-25
2025032504017072,UMHL,39,72,626.0,439.0,274814.0,2025-03-25
2025032504017071,UMHL,39,59,2374.0,439.0,1042186.0,2025-03-25
2025032505013279,CHDC,87,64,60.0,2120.0,127200.0,2025-03-25
2025032505013278,CHDC,49,64,100.0,2120.0,212000.0,2025-03-25
2025032505013277,CHDC,34,64,100.0,2120.0,212000.0,2025-03-25
2025032505013276,CHDC,54,64,18.0,2120.0,38160.0,2025-03-25
2025032505013275,CHDC,7,64,25.0,2121.0,53025.0,2025-03-25
2025032505013274,CHDC,78,64,15.0,2121.0,31815.0,2025-03-25
2025032505013273,CHDC,62,64,182.0,2121.0,386022.0,2025-03-25
2025032505013272,SONA,58,19,20.0,455.0,9100.0,2025-03-25
2025032503014210,SFCL,21,43,69.0,511.5,35293.5,2025-03-25
2025032503014209,SFCL,21,34,31.0,511.0,15841.0,2025-03-25
2025032503014208,NABBC,11,48,10.0,1735.6,17356.0,2025-03-25
2025032503014207,NABBC,40,48,10.0,1735.7,17357.0,2025-03-25
2025032501016417,DOLTI,35,55,200.0,674.0,134800.0,2025-03-25
2025032504017070,NLG,55,35,500.0,850.0,425000.0,2025-03-25
2025032505013271,HATHY,59,14,10.0,1200.0,12000.0,2025-03-25
2025032503014206,NMFBS,1,57,210.0,1197.0,251370.0,2025-03-25
2025032505013270,SFEF,41,35,100.0,9.18,918.0,2025-03-25
2025032504017069,HURJA,36,32,38.0,227.6,8648.8,2025-03-25
2025032504017068,HURJA,17,32,12.0,227.7,2732.4,2025-03-25
2025032503014205,CBBL,39,7,50.0,825.2,41260.0,2025-03-25
2025032504017067,SSHL,19,45,10.0,226.0,2260.0,2025-03-25
2025032501016416,KBL,21,8,15.0,200.0,3000.0,2025-03-25
2025032504017066,AKJCL,29,7,15.0,199.6,2994.0,2025-03-25
2025032505013269,NRIC,6,29,200.0,1250.0,250000.0,2025-03-25
2025032505013268,NRIC,44,29,1000.0,1250.2,1250200.0,2025-03-25
2025032505013267,CHDC,62,22,20.0,2121.0,42420.0,2025-03-25
2025032504017065,SSHL,22,36,235.0,225.0,52875.0,2025-03-25
2025032504017064,NHPC,25,53,500.0,203.9,101950.0,2025-03-25
2025032503014204,ALBSL,25,17,10.0,823.0,8230.0,2025-03-25
2025032505013266,NRN,58,8,25.0,1367.0,34175.0,2025-03-25
2025032505013265,NMB50,21,4,7900.0,10.25,80975.0,2025-03-25
2025032503014203,WNLB,51,6,25.0,2905.0,72625.0,2025-03-25
2025032503014202,WNLB,53,6,25.0,2905.0,72625.0,2025-03-25
2025032505013264,SAHAS,28,7,209.0,485.6,101490.4,2025-03-25
2025032505013263,SAHAS,28,7,651.0,485.7,316190.7,2025-03-25
2025032501016415,MKCL,51,6,10.0,1530.0,15300.0,2025-03-25
2025032504017063,MHNL,45,14,30.0,252.0,7560.0,2025-03-25
2025032504017062,MHNL,45,44,30.0,252.0,7560.0,2025-03-25
2025032501016414,DLBS,55,45,27.0,1503.0,40581.0,2025-03-25
2025032501016413,DLBS,25,45,73.0,1504.0,109792.0,2025-03-25
2025032504017061,AHPC,72,45,20.0,246.0,4920.0,2025-03-25
2025032504017060,UMHL,38,35,50.0,438.0,21900.0,2025-03-25
2025032501016412,UHEWA,38,22,50.0,750.0,37500.0,2025-03-25
2025032501016411,UHEWA,38,22,30.0,750.0,22500.0,2025-03-25
2025032505013262,SAHAS,28,26,300.0,485.7,145710.0,2025-03-25
2025032505013261,SAHAS,25,26,100.0,485.8,48580.0,2025-03-25
2025032503014201,SINDU,42,50,40.0,1065.0,42600.0,2025-03-25
2025032503014200,RLFL,58,50,12.0,507.0,6084.0,2025-03-25
2025032503014199,RLFL,36,50,30.0,507.0,15210.0,2025-03-25
2025032503014198,RLFL,5,50,30.0,507.0,15210.0,2025-03-25
2025032503014197,RLFL,17,50,50.0,507.0,25350.0,2025-03-25
2025032503014196,RLFL,41,50,200.0,507.1,101420.0,2025-03-25
2025032501016410,SANIMA,41,4,30.0,296.0,8880.0,2025-03-25
2025032504017059,UPPER,32,25,50.0,198.2,9910.0,2025-03-25
2025032504017058,SJCL,3,33,450.0,312.7,140715.0,2025-03-25
2025032504017057,SJCL,38,33,30.0,313.0,9390.0,2025-03-25
2025032504017056,SJCL,35,33,1000.0,313.0,313000.0,2025-03-25
2025032504017055,SJCL,19,33,10.0,313.0,3130.0,2025-03-25
2025032504017054,SJCL,13,33,10.0,313.0,3130.0,2025-03-25
2025032503014195,GBLBS,35,22,70.0,785.3,54971.0,2025-03-25
2025032503014194,PFL,22,49,47.0,420.1,19744.7,2025-03-25
2025032501016409,NICA,22,41,10.0,363.0,3630.0,2025-03-25
2025032503014193,SINDU,4,81,10.0,1062.0,10620.0,2025-03-25
2025032503014192,MLBBL,5,33,10.0,1530.0,15300.0,2025-03-25
2025032501016408,SRLI,58,35,291.0,410.6,119484.6,2025-03-25
2025032501016407,SRLI,45,35,100.0,410.6,41060.0,2025-03-25
2025032501016406,SRLI,62,35,100.0,410.6,41060.0,2025-03-25
2025032504017053,SPDL,70,49,12.0,317.0,3804.0,2025-03-25
2025032503014191,HLI,49,36,480.0,411.3,197424.0,2025-03-25
2025032503014190,HLI,45,36,20.0,411.3,8226.0,2025-03-25
2025032504017052,HEI,38,47,120.0,590.0,70800.0,2025-03-25
2025032504017051,HEI,38,48,160.0,590.0,94400.0,2025-03-25
2025032504017050,HEI,38,72,100.0,589.9,58990.0,2025-03-25
2025032505013260,CIT,38,16,15.0,1948.0,29220.0,2025-03-25
2025032501016405,MHL,42,63,20.0,692.0,13840.0,2025-03-25
2025032503014189,SMB,35,8,50.0,2313.0,115650.0,2025-03-25
2025032503014188,SADBL,51,6,39.0,392.0,15288.0,2025-03-25
2025032501016404,KBL,58,8,200.0,200.0,40000.0,2025-03-25
2025032504017049,AKJCL,4,41,100.0,199.5,19950.0,2025-03-25
2025032504017048,AKJCL,4,7,225.0,199.5,44887.5,2025-03-25
2025032505013259,MBJC,6,38,10.0,315.5,3155.0,2025-03-25
2025032505013258,MBJC,6,34,90.0,315.5,28395.0,2025-03-25
2025032504017047,NHDL,62,6,20.0,785.3,15706.0,2025-03-25
2025032505013257,HRL,49,47,183.0,939.0,171837.0,2025-03-25
2025032505013256,HRL,26,47,69.0,939.0,64791.0,2025-03-25
2025032505013255,HRL,49,47,148.0,939.0,138972.0,2025-03-25
2025032505013254,HRL,1,47,500.0,939.1,469550.0,2025-03-25
2025032503014187,SIFC,18,44,39.0,515.0,20085.0,2025-03-25
2025032503014186,SIFC,46,44,11.0,515.0,5665.0,2025-03-25
2025032503014185,SMB,43,49,35.0,2340.0,81900.0,2025-03-25
2025032505013253,SHIVM,92,35,687.0,518.1,355934.7,2025-03-25
2025032505013252,SHIVM,92,35,1000.0,518.1,518100.0,2025-03-25
2025032505013251,SHIVM,92,35,508.0,518.1,263194.8,2025-03-25
2025032505013250,SHIVM,45,35,25.0,518.2,12955.0,2025-03-25
2025032505013249,SHIVM,81,35,438.0,518.2,226971.6,2025-03-25
2025032503014184,NLIC,59,8,25.0,750.0,18750.0,2025-03-25
2025032501016403,GBIME,14,14,235.0,213.4,50149.0,2025-03-25
2025032501016402,GBIME,14,59,15.0,213.3,3199.5,2025-03-25
2025032505013248,PHCL,56,6,10.0,562.0,5620.0,2025-03-25
2025032505013247,PHCL,56,58,10.0,561.0,5610.0,2025-03-25
2025032503014183,GLBSL,98,8,140.0,2660.0,372400.0,2025-03-25
2025032505013246,MEL,58,66,10.0,304.2,3042.0,2025-03-25
2025032504017046,AKJCL,19,7,20.0,199.5,3990.0,2025-03-25
2025032503014182,SMB,19,45,10.0,2315.0,23150.0,2025-03-25
2025032503014181,SKBBL,67,28,10.0,783.0,7830.0,2025-03-25
2025032503014180,EDBL,92,47,30.0,623.5,18705.0,2025-03-25
2025032503014179,EDBL,92,5,45.0,623.3,28048.5,2025-03-25
2025032505013245,SMJC,50,25,78.0,565.1,44077.8,2025-03-25
2025032503014178,JFL,48,45,10.0,497.5,4975.0,2025-03-25
2025032505013244,CLI,38,34,150.0,496.0,74400.0,2025-03-25
2025032503014177,MLBL,33,53,214.0,385.0,82390.0,2025-03-25
2025032503014176,MLBL,47,53,20.0,385.0,7700.0,2025-03-25
2025032503014175,MLBL,7,53,466.0,385.0,179410.0,2025-03-25
2025032504017045,GHL,56,91,180.0,268.1,48258.0,2025-03-25
2025032504017044,GHL,62,91,20.0,268.1,5362.0,2025-03-25
2025032503014174,WNLB,53,57,10.0,2905.0,29050.0,2025-03-25
2025032504017043,SSHL,59,36,100.0,225.0,22500.0,2025-03-25
2025032504017042,SSHL,32,36,265.0,225.0,59625.0,2025-03-25
2025032501016401,MHCL,59,60,80.0,495.4,39632.0,2025-03-25
2025032501016400,NICA,92,41,90.0,363.0,32670.0,2025-03-25
2025032501016399,NICA,92,70,50.0,363.0,18150.0,2025-03-25
2025032501016398,NICA,92,80,1110.0,363.0,402930.0,2025-03-25
2025032501016397,NICA,92,80,1200.0,363.0,435600.0,2025-03-25
2025032501016396,NICA,92,80,550.0,363.0,199650.0,2025-03-25
2025032503014173,NABBC,10,19,20.0,1740.0,34800.0,2025-03-25
2025032501016395,MAKAR,32,58,10.0,680.1,6801.0,2025-03-25
2025032503014172,JFL,58,57,10.0,498.0,4980.0,2025-03-25
2025032503014171,SINDU,87,47,90.0,1060.1,95409.0,2025-03-25
2025032503014170,SINDU,6,47,74.0,1060.1,78447.4,2025-03-25
2025032503014169,SINDU,48,47,196.0,1060.1,207779.6,2025-03-25
2025032503014168,SINDU,45,47,100.0,1060.2,106020.0,2025-03-25
2025032503014167,SINDU,1,47,100.0,1060.2,106020.0,2025-03-25
2025032501016394,NMB,14,74,500.0,241.1,120550.0,2025-03-25
2025032501016393,PRVU,57,49,50.0,205.8,10290.0,2025-03-25
2025032504017041,SPIL,19,6,10.0,800.0,8000.0,2025-03-25
2025032501016392,MEHL,13,48,218.0,507.0,110526.0,2025-03-25
2025032501016391,MEHL,36,48,100.0,507.0,50700.0,2025-03-25
2025032501016390,MEHL,51,48,190.0,507.1,96349.0,2025-03-25
2025032501016389,MEHL,69,48,492.0,507.2,249542.4,2025-03-25
2025032501016388,EBL,59,34,409.0,600.0,245400.0,2025-03-25
2025032505013243,NRIC,96,72,368.0,1251.0,460368.0,2025-03-25
2025032504017040,UPCL,58,56,50.0,279.0,13950.0,2025-03-25
2025032501016387,NBL,53,58,83.0,245.0,20335.0,2025-03-25
2025032501016386,NBL,57,58,417.0,245.0,102165.0,2025-03-25
2025032505013242,SAHAS,58,4,10.0,486.0,4860.0,2025-03-25
2025032501016385,UNLB,47,45,10.0,2232.0,22320.0,2025-03-25
2025032504017039,BARUN,58,65,100.0,494.1,49410.0,2025-03-25
2025032501016384,SGHC,38,16,111.0,521.3,57864.3,2025-03-25
2025032501016383,SGHC,38,49,10.0,520.0,5200.0,2025-03-25
2025032501016382,SGHC,38,56,10.0,520.0,5200.0,2025-03-25
2025032501016381,SGHC,38,16,60.0,520.0,31200.0,2025-03-25
2025032501016380,SGHC,38,16,19.0,519.9,9878.1,2025-03-25
2025032501016379,SGHC,38,35,600.0,519.0,311400.0,2025-03-25
2025032501016378,SGHC,38,53,190.0,519.0,98610.0,2025-03-25
2025032504017038,OHL,29,39,50.0,859.0,42950.0,2025-03-25
2025032503014166,SFCL,36,34,10.0,511.0,5110.0,2025-03-25
2025032504017037,KPCL,55,39,30.0,511.9,15357.0,2025-03-25
2025032501016377,SNLI,28,58,60.0,623.5,37410.0,2025-03-25
2025032503014165,MNBBL,35,6,10.0,359.0,3590.0,2025-03-25
2025032505013241,RNLI,44,45,10.0,523.9,5239.0,2025-03-25
2025032505013240,RNLI,44,32,100.0,523.0,52300.0,2025-03-25
2025032505013239,RNLI,44,94,10.0,523.0,5230.0,2025-03-25
2025032505013238,RNLI,44,91,169.0,521.0,88049.0,2025-03-25
2025032505013237,RNLI,44,20,11.0,520.5,5725.5,2025-03-25
2025032501016376,NWCL,59,44,15.0,925.0,13875.0,2025-03-25
2025032501016375,NWCL,54,44,60.0,925.0,55500.0,2025-03-25
2025032504017036,NLG,55,71,10.0,850.0,8500.0,2025-03-25
2025032504017035,UMHL,39,59,626.0,439.0,274814.0,2025-03-25
2025032501016374,USHEC,18,33,392.0,589.0,230888.0,2025-03-25
2025032501016373,GMLI,49,38,10.0,2273.0,22730.0,2025-03-25
2025032504017034,GHL,8,38,200.0,268.6,53720.0,2025-03-25
2025032501016372,RFPL,6,64,49.0,690.2,33819.8,2025-03-25
2025032501016371,EBL,59,57,21.0,600.0,12600.0,2025-03-25
2025032504017033,SHPC,28,52,290.0,446.0,129340.0,2025-03-25
2025032504017032,HDHPC,22,34,41.0,195.6,8019.6,2025-03-25
2025032504017031,SHPC,22,52,379.0,446.0,169034.0,2025-03-25
2025032503014164,MLBL,7,25,100.0,385.0,38500.0,2025-03-25
2025032503014163,MLBL,38,25,100.0,386.0,38600.0,2025-03-25
2025032504017030,LEC,6,10,941.0,205.2,193093.2,2025-03-25
2025032503014162,GMFIL,49,16,30.0,485.0,14550.0,2025-03-25
2025032503014161,SFCL,49,34,10.0,511.0,5110.0,2025-03-25
2025032503014160,SFCL,57,34,50.0,511.0,25550.0,2025-03-25
2025032503014159,SFCL,26,34,30.0,511.0,15330.0,2025-03-25
2025032503014158,SFCL,5,34,29.0,511.0,14819.0,2025-03-25
2025032503014157,SFCL,49,34,40.0,511.0,20440.0,2025-03-25
2025032503014156,NLICL,59,57,21.0,625.0,13125.0,2025-03-25
2025032503014155,NLICL,59,49,25.0,624.0,15600.0,2025-03-25
2025032503014154,NLICL,59,22,100.0,624.0,62400.0,2025-03-25
2025032503014153,NLICL,59,57,130.0,624.0,81120.0,2025-03-25
2025032503014152,NLICL,59,7,20.0,624.0,12480.0,2025-03-25
2025032503014151,NLICL,59,45,200.0,624.0,124800.0,2025-03-25
2025032503014150,NLICL,59,53,200.0,624.0,124800.0,2025-03-25
2025032503014149,NLICL,59,14,146.0,624.0,91104.0,2025-03-25
2025032503014148,NLICL,59,33,100.0,623.9,62390.0,2025-03-25
2025032503014147,NLICL,59,42,208.0,623.0,129584.0,2025-03-25
2025032501016370,NMB,59,45,50.0,242.0,12100.0,2025-03-25
2025032501016369,NIMB,35,58,26.0,207.9,5405.4,2025-03-25
2025032501016368,NIMB,35,35,172.0,207.9,35758.8,2025-03-25
2025032504017029,SJCL,13,38,10.0,313.0,3130.0,2025-03-25
2025032504017028,SJCL,13,38,10.0,313.0,3130.0,2025-03-25
2025032501016367,GMLI,26,8,10.0,2273.0,22730.0,2025-03-25
2025032505013236,NRIC,96,39,1000.0,1251.0,1251000.0,2025-03-25
2025032501016366,ADBL,29,35,65.0,280.3,18219.5,2025-03-25
2025032501016365,ADBL,29,14,35.0,280.2,9807.0,2025-03-25
2025032505013235,HDL,16,10,54.0,1190.0,64260.0,2025-03-25
2025032505013234,HDL,16,49,30.0,1189.9,35697.0,2025-03-25
2025032505013233,NIFRA,1,52,54.0,258.1,13937.4,2025-03-25
2025032503014146,SFCL,45,43,80.0,511.5,40920.0,2025-03-25
2025032503014145,JBBL,57,45,58.0,332.0,19256.0,2025-03-25
2025032504017027,NHPC,57,34,100.0,203.5,20350.0,2025-03-25
2025032504017026,SICL,34,34,280.0,760.0,212800.0,2025-03-25
2025032504017025,SICL,34,14,50.0,760.0,38000.0,2025-03-25
2025032504017024,SICL,34,4,20.0,760.0,15200.0,2025-03-25
2025032503014144,LICN,58,39,20.0,988.0,19760.0,2025-03-25
2025032503014143,MLBSL,34,6,10.0,2198.0,21980.0,2025-03-25
2025032505013232,NIFRA,1,49,64.0,258.1,16518.4,2025-03-25
2025032505013231,HRL,11,42,20.0,939.2,18784.0,2025-03-25
2025032501016364,NICA,42,80,20.0,363.0,7260.0,2025-03-25
2025032505013230,HRL,29,42,65.0,939.2,61048.0,2025-03-25
2025032505013229,HDL,59,53,28.0,1188.0,33264.0,2025-03-25
2025032505013228,HDL,45,53,20.0,1188.0,23760.0,2025-03-25
2025032505013227,HDL,6,53,37.0,1188.0,43956.0,2025-03-25
2025032505013226,HDL,42,53,15.0,1189.0,17835.0,2025-03-25
2025032504017023,GHL,60,38,10.0,268.6,2686.0,2025-03-25
2025032503014142,GLBSL,56,55,191.0,2650.1,506169.1,2025-03-25
2025032503014141,GLBSL,37,55,10.0,2650.2,26502.0,2025-03-25
2025032501016363,DOLTI,25,8,20.0,675.0,13500.0,2025-03-25
2025032501016362,RFPL,43,25,30.0,691.0,20730.0,2025-03-25
2025032503014140,SLBBL,59,45,10.0,958.0,9580.0,2025-03-25
2025032504017022,PPCL,58,22,65.0,302.0,19630.0,2025-03-25
2025032503014139,PFL,14,49,20.0,420.1,8402.0,2025-03-25
2025032501016361,NABIL,62,42,30.0,479.0,14370.0,2025-03-25
2025032501016360,NABIL,7,42,50.0,479.0,23950.0,2025-03-25
2025032505013225,CLI,50,44,150.0,496.0,74400.0,2025-03-25
2025032501016359,NABIL,22,42,83.0,479.0,39757.0,2025-03-25
2025032501016358,NABIL,59,42,500.0,479.0,239500.0,2025-03-25
2025032501016357,NABIL,49,42,20.0,479.0,9580.0,2025-03-25
2025032501016356,NABIL,59,42,30.0,479.0,14370.0,2025-03-25
2025032501016355,NABIL,28,42,10.0,479.0,4790.0,2025-03-25
2025032501016354,NABIL,42,42,50.0,479.0,23950.0,2025-03-25
2025032501016353,NABIL,4,42,16.0,479.0,7664.0,2025-03-25
2025032501016352,NABIL,8,42,100.0,479.0,47900.0,2025-03-25
2025032501016351,NABIL,96,42,50.0,479.0,23950.0,2025-03-25
2025032501016350,NABIL,52,42,35.0,479.0,16765.0,2025-03-25
2025032501016349,MKJC,35,17,50.0,526.0,26300.0,2025-03-25
2025032503014138,GMFBS,41,57,27.0,1560.4,42130.8,2025-03-25
2025032503014137,GBBL,52,32,21.0,380.0,7980.0,2025-03-25
2025032503014136,GBBL,28,32,30.0,380.0,11400.0,2025-03-25
2025032503014135,GBBL,35,32,100.0,380.0,38000.0,2025-03-25
2025032503014134,GBBL,32,32,25.0,380.0,9500.0,2025-03-25
2025032503014133,GBBL,4,32,10.0,380.0,3800.0,2025-03-25
2025032503014132,GBBL,32,32,50.0,380.0,19000.0,2025-03-25
2025032503014131,GBBL,14,32,20.0,380.0,7600.0,2025-03-25
2025032503014130,GBBL,48,32,100.0,380.0,38000.0,2025-03-25
2025032503014129,GBBL,45,32,100.0,380.0,38000.0,2025-03-25
2025032503014128,GBBL,33,32,1000.0,380.0,380000.0,2025-03-25
2025032503014127,GBBL,57,32,100.0,380.0,38000.0,2025-03-25
2025032503014126,GBBL,29,32,500.0,380.0,190000.0,2025-03-25
2025032503014125,GBBL,42,32,10.0,380.0,3800.0,2025-03-25
2025032503014124,GBBL,35,32,50.0,380.0,19000.0,2025-03-25
2025032503014123,GBBL,45,32,100.0,380.0,38000.0,2025-03-25
2025032503014122,GBBL,58,32,500.0,380.0,190000.0,2025-03-25
2025032503014121,GBBL,13,32,50.0,380.0,19000.0,2025-03-25
2025032503014120,GBBL,29,32,1000.0,380.0,380000.0,2025-03-25
2025032503014119,GBBL,51,32,200.0,380.0,76000.0,2025-03-25
2025032503014118,GBBL,40,32,500.0,380.0,190000.0,2025-03-25
2025032503014117,GBBL,57,32,15.0,380.0,5700.0,2025-03-25
2025032503014116,GBBL,58,32,100.0,380.0,38000.0,2025-03-25
2025032503014115,GBBL,58,32,20.0,380.0,7600.0,2025-03-25
2025032503014114,GBBL,46,32,50.0,380.0,19000.0,2025-03-25
2025032503014113,GBBL,88,32,150.0,380.1,57015.0,2025-03-25
2025032503014112,GBBL,14,32,15.0,380.1,5701.5,2025-03-25
2025032503014111,GBBL,42,32,84.0,380.1,31928.4,2025-03-25
2025032503014110,GBBL,49,32,100.0,380.2,38020.0,2025-03-25
2025032503014109,NMLBBL,55,1,43.0,650.0,27950.0,2025-03-25
2025032503014108,NMLBBL,55,29,57.0,649.9,37044.3,2025-03-25
2025032503014107,NMLBBL,55,57,50.0,649.0,32450.0,2025-03-25
2025032505013224,HIDCL,84,5,300.0,257.2,77160.0,2025-03-25
2025032501016348,NABIL,52,45,65.0,479.0,31135.0,2025-03-25
2025032501016347,NABIL,52,45,100.0,479.0,47900.0,2025-03-25
2025032501016346,NABIL,48,45,20.0,479.0,9580.0,2025-03-25
2025032501016345,NABIL,46,45,16.0,479.0,7664.0,2025-03-25
2025032504017021,NHPC,35,53,10.0,203.9,2039.0,2025-03-25
2025032505013223,ILI,58,48,18.0,451.0,8118.0,2025-03-25
2025032504017020,UPPER,91,14,156.0,198.1,30903.6,2025-03-25
2025032504017019,UPPER,46,14,50.0,198.1,9905.0,2025-03-25
2025032504017018,UPPER,58,14,70.0,198.1,13867.0,2025-03-25
2025032504017017,UPPER,41,14,50.0,198.1,9905.0,2025-03-25
2025032504017016,UPPER,58,14,200.0,198.1,39620.0,2025-03-25
2025032504017015,UPPER,25,14,100.0,198.1,19810.0,2025-03-25
2025032501016344,GMLI,26,1,10.0,2273.0,22730.0,2025-03-25
2025032503014106,CFCL,91,61,275.0,540.0,148500.0,2025-03-25
2025032503014105,CFCL,91,16,175.0,539.9,94482.5,2025-03-25
2025032503014104,CFCL,91,25,50.0,539.9,26995.0,2025-03-25
2025032505013222,GCIL,3,43,472.0,515.2,243174.4,2025-03-25
2025032504017014,PMHPL,51,29,65.0,276.1,17946.5,2025-03-25
2025032503014103,KMCDB,25,59,10.0,1025.0,10250.0,2025-03-25
2025032504017013,LEC,6,4,255.0,205.2,52326.0,2025-03-25
2025032505013221,GCIL,10,34,25.0,516.0,12900.0,2025-03-25
2025032501016343,GBIME,34,59,10.0,213.3,2133.0,2025-03-25
2025032501016342,SCB,13,26,70.0,625.0,43750.0,2025-03-25
2025032503014102,JBBL,57,41,45.0,332.0,14940.0,2025-03-25
2025032503014101,FOWAD,60,63,50.0,1157.0,57850.0,2025-03-25
2025032503014100,FOWAD,60,14,20.0,1150.0,23000.0,2025-03-25
2025032503014099,FOWAD,60,57,30.0,1150.0,34500.0,2025-03-25
2025032505013220,CLI,57,29,170.0,493.0,83810.0,2025-03-25
2025032505013219,CLI,45,29,10.0,493.0,4930.0,2025-03-25
2025032505013218,CLI,42,29,50.0,493.0,24650.0,2025-03-25
2025032505013217,CLI,58,29,100.0,493.0,49300.0,2025-03-25
2025032505013216,CLI,7,29,30.0,493.2,14796.0,2025-03-25
2025032505013215,CLI,41,29,620.0,494.0,306280.0,2025-03-25
2025032505013214,CLI,26,29,20.0,494.0,9880.0,2025-03-25
2025032505013213,CLI,26,29,200.0,494.0,98800.0,2025-03-25
2025032505013212,CLI,42,29,50.0,494.0,24700.0,2025-03-25
2025032505013211,CLI,53,29,200.0,494.0,98800.0,2025-03-25
2025032505013210,CLI,36,29,100.0,494.9,49490.0,2025-03-25
2025032505013209,CLI,6,29,10.0,495.0,4950.0,2025-03-25
2025032505013208,CLI,57,29,50.0,495.0,24750.0,2025-03-25
2025032505013207,CLI,62,29,130.0,495.0,64350.0,2025-03-25
2025032505013206,CLI,17,29,20.0,495.0,9900.0,2025-03-25
2025032505013205,CLI,86,29,50.0,495.0,24750.0,2025-03-25
2025032505013204,CLI,50,29,90.0,495.0,44550.0,2025-03-25
2025032505013203,CLI,83,29,100.0,495.1,49510.0,2025-03-25
2025032503014098,BFC,51,4,100.0,535.3,53530.0,2025-03-25
2025032503014097,MFIL,58,57,100.0,598.0,59800.0,2025-03-25
2025032505013202,GCIL,35,34,20.0,516.0,10320.0,2025-03-25
2025032503014096,NLICL,77,58,100.0,618.2,61820.0,2025-03-25
2025032505013201,SONA,58,34,100.0,455.0,45500.0,2025-03-25
2025032505013200,SONA,58,34,100.0,455.0,45500.0,2025-03-25
2025032505013199,SONA,17,34,500.0,455.1,227550.0,2025-03-25
2025032505013198,SONA,43,34,270.0,455.2,122904.0,2025-03-25
2025032504017012,NICL,42,45,200.0,800.0,160000.0,2025-03-25
2025032503014095,CBBL,42,7,100.0,825.2,82520.0,2025-03-25
2025032503014094,MLBL,38,42,100.0,386.0,38600.0,2025-03-25
2025032501016341,TPC,58,53,190.0,502.0,95380.0,2025-03-25
2025032501016340,TPC,56,53,10.0,503.0,5030.0,2025-03-25
2025032501016339,SGHC,62,33,360.0,518.9,186804.0,2025-03-25
2025032504017011,LEC,89,21,200.0,205.3,41060.0,2025-03-25
2025032504017010,GHL,39,48,341.0,268.0,91388.0,2025-03-25
2025032504017009,GHL,49,48,259.0,268.1,69437.9,2025-03-25
2025032504017008,GHL,16,48,400.0,268.6,107440.0,2025-03-25
2025032504017007,RHPL,6,81,120.0,375.0,45000.0,2025-03-25
2025032504017006,DHPL,75,42,10.0,383.2,3832.0,2025-03-25
2025032504017005,DHPL,75,48,120.0,383.0,45960.0,2025-03-25
2025032501016338,BGWT,58,42,10.0,986.3,9863.0,2025-03-25
2025032501016337,CITY,58,16,100.0,820.0,82000.0,2025-03-25
2025032503014093,SAPDBL,58,72,100.0,1089.0,108900.0,2025-03-25
2025032505013197,HRL,34,39,45.0,940.0,42300.0,2025-03-25
2025032505013196,HRL,34,37,60.0,940.0,56400.0,2025-03-25
2025032505013195,HRL,34,57,20.0,940.0,18800.0,2025-03-25
2025032505013194,HRL,34,44,25.0,940.0,23500.0,2025-03-25
2025032505013193,MBJC,42,11,90.0,315.1,28359.0,2025-03-25
2025032505013192,GCIL,3,34,265.0,515.2,136528.0,2025-03-25
2025032504017004,SGIC,94,38,315.0,571.2,179928.0,2025-03-25
2025032504017003,SGIC,50,38,500.0,571.3,285650.0,2025-03-25
2025032504017002,SGIC,44,38,20.0,571.3,11426.0,2025-03-25
2025032504017001,SGIC,19,38,165.0,572.0,94380.0,2025-03-25
2025032505013191,ILI,38,48,50.0,451.0,22550.0,2025-03-25
2025032503014092,SINDU,57,55,10.0,1061.0,10610.0,2025-03-25
2025032504017000,SHL,86,44,100.0,473.2,47320.0,2025-03-25
2025032501016336,GBIME,35,14,11.0,213.4,2347.4,2025-03-25
2025032503014091,SMPDA,57,65,90.0,920.1,82809.0,2025-03-25
2025032503014090,MLBL,7,14,284.0,385.0,109340.0,2025-03-25
2025032503014089,MLBL,35,14,100.0,385.0,38500.0,2025-03-25
2025032503014088,MLBL,6,14,200.0,385.0,77000.0,2025-03-25
2025032503014087,MLBL,41,14,500.0,385.0,192500.0,2025-03-25
2025032503014086,MLBL,51,14,1700.0,385.0,654500.0,2025-03-25
2025032503014085,MLBL,48,14,510.0,385.1,196401.0,2025-03-25
2025032503014084,MLBL,36,14,500.0,385.1,192550.0,2025-03-25
2025032503014083,MLBL,57,14,556.0,385.1,214115.6,2025-03-25
2025032503014082,MLBL,8,14,650.0,385.2,250380.0,2025-03-25
2025032501016335,ADBL,17,14,21.0,280.2,5884.2,2025-03-25
2025032501016334,ADBL,26,14,44.0,280.2,12328.8,2025-03-25
2025032501016333,KBSH,8,42,45.0,2405.0,108225.0,2025-03-25
2025032501016332,KBSH,53,42,10.0,2405.1,24051.0,2025-03-25
2025032501016331,SMHL,17,38,100.0,850.0,85000.0,2025-03-25
2025032501016330,GBIME,29,14,100.0,213.4,21340.0,2025-03-25
2025032504016999,UMHL,39,35,300.0,439.0,131700.0,2025-03-25
2025032504016998,UMHL,39,32,74.0,439.0,32486.0,2025-03-25
2025032504016997,CHCL,22,13,115.0,477.0,54855.0,2025-03-25
2025032505013190,MEL,58,6,10.0,304.2,3042.0,2025-03-25
2025032505013189,NRIC,96,6,134.0,1251.0,167634.0,2025-03-25
2025032501016329,SBI,14,35,170.0,402.1,68357.0,2025-03-25
2025032503014081,NFS,50,43,13.0,679.5,8833.5,2025-03-25
2025032501016328,SBI,38,35,15.0,403.0,6045.0,2025-03-25
2025032504016996,HURJA,36,52,175.0,227.6,39830.0,2025-03-25
2025032504016995,HURJA,36,3,80.0,227.5,18200.0,2025-03-25
2025032503014080,FMDBL,39,33,30.0,738.0,22140.0,2025-03-25
2025032503014079,FMDBL,39,35,28.0,738.0,20664.0,2025-03-25
2025032504016994,LEC,6,39,42.0,205.2,8618.4,2025-03-25
2025032505013188,SMJC,95,25,22.0,566.0,12452.0,2025-03-25
2025032505013187,NRM,25,91,10.0,451.0,4510.0,2025-03-25
2025032504016993,AKJCL,22,7,80.0,199.5,15960.0,2025-03-25
2025032501016327,HBL,45,7,11.0,230.4,2534.4,2025-03-25
2025032505013186,SAHAS,28,58,49.0,485.7,23799.3,2025-03-25
2025032505013185,SAHAS,42,58,200.0,485.7,97140.0,2025-03-25
2025032505013184,SAHAS,4,58,100.0,485.7,48570.0,2025-03-25
2025032505013183,SAHAS,43,58,11.0,485.8,5343.8,2025-03-25
2025032505013182,SAHAS,1,58,130.0,486.0,63180.0,2025-03-25
2025032504016992,HDHPC,42,58,170.0,195.7,33269.0,2025-03-25
2025032501016326,HIDCLP,28,38,500.0,169.1,84550.0,2025-03-25
2025032505013181,MMF1,77,48,100.0,8.4,840.0,2025-03-25
2025032503014078,NADEP,3,26,46.0,837.0,38502.0,2025-03-25
2025032504016991,GHL,16,39,100.0,268.6,26860.0,2025-03-25
2025032504016990,CGH,45,16,400.0,859.4,343760.0,2025-03-25
2025032504016989,CGH,45,37,20.0,859.0,17180.0,2025-03-25
2025032503014077,RLFL,45,50,20.0,508.0,10160.0,2025-03-25
2025032504016988,NICL,4,45,20.0,800.0,16000.0,2025-03-25
2025032501016325,MBL,45,7,1000.0,220.9,220900.0,2025-03-25
2025032505013180,SAHAS,34,66,50.0,487.0,24350.0,2025-03-25
2025032501016324,USHEC,38,33,100.0,589.0,58900.0,2025-03-25
2025032501016323,KBL,51,8,100.0,200.0,20000.0,2025-03-25
2025032501016322,MCHL,57,51,300.0,547.0,164100.0,2025-03-25
2025032504016987,CHCL,1,13,200.0,477.0,95400.0,2025-03-25
2025032504016986,CHCL,51,13,51.0,477.0,24327.0,2025-03-25
2025032504016985,CHCL,49,13,43.0,477.0,20511.0,2025-03-25
2025032505013179,HDL,22,45,5.0,1190.0,5950.0,2025-03-25
2025032505013178,HDL,22,13,45.0,1190.0,53550.0,2025-03-25
2025032503014076,MFIL,41,57,50.0,598.0,29900.0,2025-03-25
2025032505013177,SMJC,95,72,128.0,566.0,72448.0,2025-03-25
2025032505013176,SMJC,45,72,20.0,566.0,11320.0,2025-03-25
2025032504016984,UNHPL,35,35,69.0,295.0,20355.0,2025-03-25
2025032504016983,GHL,58,5,110.0,268.8,29568.0,2025-03-25
2025032504016982,GHL,58,65,90.0,268.7,24183.0,2025-03-25
2025032503014075,BFC,41,91,55.0,535.2,29436.0,2025-03-25
2025032504016981,SJCL,38,13,200.0,313.1,62620.0,2025-03-25
2025032505013175,HRL,29,32,35.0,939.2,32872.0,2025-03-25
2025032503014074,SLBBL,34,13,110.0,956.0,105160.0,2025-03-25
2025032503014073,SLBBL,26,13,10.0,956.1,9561.0,2025-03-25
2025032501016321,MKJC,86,6,156.0,525.0,81900.0,2025-03-25
2025032501016320,MKJC,44,6,382.0,525.1,200588.2,2025-03-25
2025032501016319,MKJC,57,6,1000.0,525.2,525200.0,2025-03-25
2025032501016318,MKJC,49,6,200.0,526.0,105200.0,2025-03-25
2025032501016317,MKJC,58,6,30.0,526.0,15780.0,2025-03-25
2025032501016316,MKJC,44,6,1232.0,526.0,648032.0,2025-03-25
2025032501016315,MLBS,48,70,19.0,1712.9,32545.1,2025-03-25
2025032503014072,PFL,14,32,10.0,420.1,4201.0,2025-03-25
2025032504016980,UMHL,38,58,179.0,438.0,78402.0,2025-03-25
2025032504016979,UMHL,62,58,821.0,438.0,359598.0,2025-03-25
2025032501016314,SRLI,48,56,32.0,411.0,13152.0,2025-03-25
2025032504016978,NHDL,25,42,20.0,785.4,15708.0,2025-03-25
2025032504016977,MHNL,34,51,100.0,251.0,25100.0,2025-03-25
2025032504016976,MHNL,45,51,100.0,251.0,25100.0,2025-03-25
2025032504016975,GHL,60,65,10.0,268.7,2687.0,2025-03-25
2025032504016974,SGIC,33,38,10.0,572.5,5725.0,2025-03-25
2025032504016973,RHPL,58,16,860.0,372.4,320264.0,2025-03-25
2025032504016972,RHPL,26,16,40.0,372.4,14896.0,2025-03-25
2025032504016971,RHPL,17,16,100.0,372.4,37240.0,2025-03-25
2025032504016970,RHPL,20,16,100.0,372.4,37240.0,2025-03-25
2025032504016969,RHPL,86,16,200.0,372.4,74480.0,2025-03-25
2025032504016968,RHPL,19,16,20.0,373.0,7460.0,2025-03-25
2025032504016967,RHPL,4,16,60.0,373.0,22380.0,2025-03-25
2025032504016966,RHPL,7,16,100.0,373.0,37300.0,2025-03-25
2025032504016965,RHPL,64,16,300.0,373.0,111900.0,2025-03-25
2025032504016964,RHPL,63,16,200.0,373.0,74600.0,2025-03-25
2025032504016963,RHPL,58,16,20.0,373.0,7460.0,2025-03-25
2025032505013174,SHIVM,81,52,62.0,518.2,32128.4,2025-03-25
2025032505013173,MEL,55,44,10.0,305.9,3059.0,2025-03-25
2025032505013172,MEL,55,57,50.0,305.0,15250.0,2025-03-25
2025032505013171,MEL,55,43,100.0,305.0,30500.0,2025-03-25
2025032504016962,DHPL,74,58,10.0,382.1,3821.0,2025-03-25
2025032504016961,HPPL,58,16,10.0,580.0,5800.0,2025-03-25
2025032504016960,RURU,6,34,50.0,711.3,35565.0,2025-03-25
2025032505013170,SHIVM,42,35,100.0,518.5,51850.0,2025-03-25
2025032505013169,CHDC,62,13,63.0,2121.0,133623.0,2025-03-25
2025032505013168,CHDC,25,13,37.0,2121.1,78480.7,2025-03-25
2025032503014071,SKBBL,28,45,19.0,783.0,14877.0,2025-03-25
2025032503014070,DDBL,22,90,12.0,760.0,9120.0,2025-03-25
2025032503014069,DDBL,55,90,110.0,760.0,83600.0,2025-03-25
2025032503014068,DDBL,39,90,21.0,762.0,16002.0,2025-03-25
2025032503014067,JBBL,57,55,97.0,332.0,32204.0,2025-03-25
2025032503014066,JBBL,17,55,38.0,332.0,12616.0,2025-03-25
2025032504016959,SALICO,49,55,59.0,685.3,40432.7,2025-03-25
2025032501016313,GMLI,26,48,10.0,2273.0,22730.0,2025-03-25
2025032503014065,CBBL,58,7,13.0,825.2,10727.6,2025-03-25
2025032503014064,FOWAD,50,57,10.0,1150.0,11500.0,2025-03-25
2025032505013167,CIT,34,16,10.0,1948.0,19480.0,2025-03-25
2025032501016312,MKHC,3,38,20.0,506.0,10120.0,2025-03-25
2025032501016311,MKCL,29,6,10.0,1538.9,15389.0,2025-03-25
2025032504016958,HURJA,29,3,10.0,227.5,2275.0,2025-03-25
2025032505013166,HDL,6,53,63.0,1188.0,74844.0,2025-03-25
2025032505013165,HDL,50,53,122.0,1188.0,144936.0,2025-03-25
2025032505013164,HDL,83,53,15.0,1189.1,17836.5,2025-03-25
2025032503014063,PFL,58,39,81.0,420.0,34020.0,2025-03-25
2025032503014062,PFL,58,39,50.0,420.0,21000.0,2025-03-25
2025032503014061,PFL,42,39,250.0,420.0,105000.0,2025-03-25
2025032503014060,PFL,40,39,10.0,420.0,4200.0,2025-03-25
2025032503014059,PFL,64,39,20.0,420.0,8400.0,2025-03-25
2025032503014058,PFL,58,39,12.0,420.0,5040.0,2025-03-25
2025032503014057,PFL,14,39,207.0,420.0,86940.0,2025-03-25
2025032503014056,PFL,10,39,50.0,420.0,21000.0,2025-03-25
2025032503014055,PFL,45,39,200.0,420.0,84000.0,2025-03-25
2025032503014054,PFL,16,39,50.0,420.0,21000.0,2025-03-25
2025032503014053,PFL,28,39,70.0,420.0,29400.0,2025-03-25
2025032504016957,API,75,33,20.0,262.9,5258.0,2025-03-25
2025032501016310,MKCL,38,3,10.0,1529.0,15290.0,2025-03-25
2025032501016309,NMB,48,45,35.0,242.0,8470.0,2025-03-25
2025032504016956,GHL,49,67,741.0,268.1,198662.1,2025-03-25
2025032504016955,GHL,5,67,260.0,268.1,69706.0,2025-03-25
2025032504016954,UPPER,57,25,100.0,198.2,19820.0,2025-03-25
2025032501016308,BNT,28,34,10.0,12998.0,129980.0,2025-03-25
2025032501016307,BNT,28,6,10.0,12900.0,129000.0,2025-03-25
2025032503014052,CBBL,59,7,106.0,825.2,87471.2,2025-03-25
2025032505013163,GCIL,3,70,198.0,515.2,102009.6,2025-03-25
2025032505013162,GCIL,45,70,39.0,515.3,20096.7,2025-03-25
2025032505013161,GCIL,34,70,10.0,515.3,5153.0,2025-03-25
2025032505013160,GCIL,7,70,10.0,515.4,5154.0,2025-03-25
2025032505013159,GCIL,91,70,523.0,515.5,269606.5,2025-03-25
2025032505013158,GCIL,65,70,100.0,516.0,51600.0,2025-03-25
2025032504016953,HPPL,58,4,1000.0,570.0,570000.0,2025-03-25
2025032504016952,BPCL,62,56,50.0,384.0,19200.0,2025-03-25
2025032504016951,BPCL,43,56,50.0,384.0,19200.0,2025-03-25
2025032501016306,CZBIL,35,45,13.0,207.0,2691.0,2025-03-25
2025032501016305,CZBIL,26,45,50.0,207.1,10355.0,2025-03-25
2025032501016304,CZBIL,21,45,50.0,207.1,10355.0,2025-03-25
2025032501016303,CZBIL,21,45,200.0,207.1,41420.0,2025-03-25
2025032501016302,GMLI,26,68,10.0,2273.0,22730.0,2025-03-25
2025032503014051,CBBL,59,38,48.0,825.2,39609.6,2025-03-25
2025032504016950,HPPL,58,16,82.0,580.0,47560.0,2025-03-25
2025032504016949,HPPL,58,16,360.0,579.0,208440.0,2025-03-25
2025032504016948,HPPL,58,55,500.0,578.5,289250.0,2025-03-25
2025032504016947,HPPL,58,25,10.0,578.4,5784.0,2025-03-25
2025032504016946,HPPL,58,35,600.0,578.0,346800.0,2025-03-25
2025032504016945,HPPL,58,57,10.0,578.0,5780.0,2025-03-25
2025032504016944,HPPL,58,16,309.0,578.0,178602.0,2025-03-25
2025032504016943,HPPL,58,11,10.0,576.9,5769.0,2025-03-25
2025032504016942,HPPL,58,53,119.0,576.0,68544.0,2025-03-25
2025032501016301,GMLI,26,42,10.0,2272.0,22720.0,2025-03-25
2025032503014050,GRDBL,43,52,32.0,1350.0,43200.0,2025-03-25
2025032503014049,GRDBL,8,52,28.0,1350.0,37800.0,2025-03-25
2025032503014048,MLBL,8,22,350.0,385.2,134820.0,2025-03-25
2025032505013157,NRIC,96,41,100.0,1251.0,125100.0,2025-03-25
2025032501016300,CZBIL,51,25,44.0,207.1,9112.4,2025-03-25
2025032504016941,GHL,56,65,770.0,268.7,206899.0,2025-03-25
2025032504016940,GHL,56,57,100.0,268.6,26860.0,2025-03-25
2025032501016299,MEHL,34,45,20.0,510.0,10200.0,2025-03-25
2025032505013156,PHCL,49,58,100.0,560.0,56000.0,2025-03-25
2025032505013155,HRL,49,58,10.0,939.0,9390.0,2025-03-25
2025032504016939,UPPER,57,60,19.0,198.1,3763.9,2025-03-25
2025032503014047,ICFC,62,26,250.0,594.0,148500.0,2025-03-25
2025032501016298,SCB,13,93,20.0,625.0,12500.0,2025-03-25
2025032504016938,GHL,5,5,740.0,268.1,198394.0,2025-03-25
2025032504016937,GHL,38,5,50.0,268.1,13405.0,2025-03-25
2025032504016936,GHL,34,5,210.0,268.1,56301.0,2025-03-25
2025032504016935,DHPL,91,48,500.0,382.3,191150.0,2025-03-25
2025032501016297,NBBD2085,38,46,2.0,1099.1,2198.2,2025-03-25
2025032503014046,MLBL,57,84,444.0,385.1,170984.4,2025-03-25
2025032503014045,MLBL,29,84,500.0,385.1,192550.0,2025-03-25
2025032503014044,MLBL,17,84,50.0,385.1,19255.0,2025-03-25
2025032503014043,MLBL,57,84,48.0,385.1,18484.8,2025-03-25
2025032503014042,MLBL,41,84,58.0,385.1,22335.8,2025-03-25
2025032504016934,NLG,55,44,123.0,850.0,104550.0,2025-03-25
2025032501016296,CZBIL,51,64,156.0,207.1,32307.6,2025-03-25
2025032501016295,CZBIL,45,64,144.0,207.1,29822.4,2025-03-25
2025032503014041,SINDU,48,42,80.0,1060.1,84808.0,2025-03-25
2025032503014040,SFCL,64,43,95.0,511.5,48592.5,2025-03-25
2025032501016294,KBL,29,8,75.0,200.0,15000.0,2025-03-25
2025032501016293,KBL,22,8,400.0,200.0,80000.0,2025-03-25
2025032501016292,KBL,8,8,1000.0,200.1,200100.0,2025-03-25
2025032504016933,AHPC,48,38,197.0,245.1,48284.7,2025-03-25
2025032504016932,AHPC,14,38,10.0,245.2,2452.0,2025-03-25
2025032503014039,ICFC,40,7,100.0,595.0,59500.0,2025-03-25
2025032504016931,RURU,6,57,100.0,711.3,71130.0,2025-03-25
2025032504016930,UMHL,62,36,100.0,438.0,43800.0,2025-03-25
2025032504016929,UMHL,62,41,191.0,438.0,83658.0,2025-03-25
2025032504016928,UMHL,62,58,2888.0,438.0,1264944.0,2025-03-25
2025032504016927,RIDI,34,22,20.0,214.0,4280.0,2025-03-25
2025032503014038,MATRI,16,13,28.0,1174.0,32872.0,2025-03-25
2025032503014037,EDBL,33,5,100.0,623.0,62300.0,2025-03-25
2025032501016291,MHL,58,25,50.0,691.1,34555.0,2025-03-25
2025032503014036,ALICL,62,48,155.0,717.2,111166.0,2025-03-25
2025032503014035,MLBBL,1,94,100.0,1510.0,151000.0,2025-03-25
2025032503014034,MLBBL,42,94,10.0,1515.0,15150.0,2025-03-25
2025032503014033,MLBBL,5,94,100.0,1515.0,151500.0,2025-03-25
2025032503014032,MLBBL,40,94,20.0,1515.0,30300.0,2025-03-25
2025032503014031,MLBBL,38,94,10.0,1515.1,15151.0,2025-03-25
2025032503014030,MLBBL,22,94,200.0,1516.0,303200.0,2025-03-25
2025032503014029,MLBBL,80,94,20.0,1516.0,30320.0,2025-03-25
2025032503014028,MLBBL,8,94,10.0,1516.2,15162.0,2025-03-25
2025032503014027,MLBBL,8,94,20.0,1516.3,30326.0,2025-03-25
2025032503014026,MLBBL,6,94,10.0,1517.0,15170.0,2025-03-25
2025032501016290,BEDC,14,44,27.0,764.0,20628.0,2025-03-25
2025032503014025,WNLB,13,58,15.0,2906.0,43590.0,2025-03-25
2025032501016289,LSL,10,58,10.0,215.1,2151.0,2025-03-25
2025032501016288,GBIME,17,14,109.0,213.4,23260.6,2025-03-25
2025032501016287,GBIME,17,44,91.0,213.4,19419.4,2025-03-25
2025032503014024,SHINE,1,22,77.0,407.0,31339.0,2025-03-25
2025032503014023,SHINE,1,34,143.0,407.0,58201.0,2025-03-25
2025032505013154,SONA,43,38,30.0,455.2,13656.0,2025-03-25
2025032504016926,UAIL,45,46,10.0,625.3,6253.0,2025-03-25
2025032503014022,NFS,44,43,20.0,679.5,13590.0,2025-03-25
2025032504016925,GLH,58,5,10.0,235.0,2350.0,2025-03-25
2025032505013153,MBJC,42,49,10.0,315.1,3151.0,2025-03-25
2025032501016286,MCHL,36,51,200.0,547.0,109400.0,2025-03-25
2025032504016924,SJCL,13,1,50.0,313.0,15650.0,2025-03-25
2025032504016923,SJCL,25,1,100.0,313.0,31300.0,2025-03-25
2025032504016922,KKHC,53,6,10.0,329.0,3290.0,2025-03-25
2025032503014021,DDBL,90,45,150.0,763.0,114450.0,2025-03-25
2025032503014020,ICFC,62,41,402.0,594.0,238788.0,2025-03-25
2025032503014019,ICFC,14,41,50.0,594.1,29705.0,2025-03-25
2025032503014018,ICFC,26,41,50.0,594.1,29705.0,2025-03-25
2025032503014017,JBBL,17,59,1000.0,332.0,332000.0,2025-03-25
2025032501016285,USHEC,18,19,41.0,587.0,24067.0,2025-03-25
2025032501016284,LSL,10,18,55.0,215.1,11830.5,2025-03-25
2025032501016283,NABIL,45,45,50.0,480.0,24000.0,2025-03-25
2025032501016282,NABIL,46,34,20.0,479.0,9580.0,2025-03-25
2025032503014016,RLFL,49,50,25.0,508.0,12700.0,2025-03-25
2025032505013152,SAHAS,43,43,39.0,485.8,18946.2,2025-03-25
2025032505013151,SAHAS,41,43,250.0,485.8,121450.0,2025-03-25
2025032505013150,SAHAS,59,43,36.0,485.8,17488.8,2025-03-25
2025032505013149,SAHAS,28,43,85.0,485.8,41293.0,2025-03-25
2025032505013148,GCIL,38,14,10.0,517.9,5179.0,2025-03-25
2025032503014015,FMDBL,19,13,99.0,735.0,72765.0,2025-03-25
2025032503014014,FMDBL,13,13,101.0,735.0,74235.0,2025-03-25
2025032504016921,SHEL,57,5,1000.0,245.0,245000.0,2025-03-25
2025032504016920,SHEL,57,26,200.0,245.0,49000.0,2025-03-25
2025032503014013,ICFC,35,42,100.0,594.5,59450.0,2025-03-25
2025032505013147,HDL,47,13,255.0,1190.0,303450.0,2025-03-25
2025032505013146,HDL,47,45,201.0,1190.0,239190.0,2025-03-25
2025032503014012,NMBMF,45,36,200.0,705.0,141000.0,2025-03-25
2025032505013145,HRL,49,45,242.0,939.0,227238.0,2025-03-25
2025032505013144,HRL,53,45,58.0,939.0,54462.0,2025-03-25
2025032504016919,HURJA,45,3,20.0,227.5,4550.0,2025-03-25
2025032501016281,EBL,59,34,1000.0,600.0,600000.0,2025-03-25
2025032505013143,NRM,34,91,139.0,451.0,62689.0,2025-03-25
2025032505013142,NRM,34,49,21.0,450.9,9468.9,2025-03-25
2025032505013141,NTC,51,51,196.0,894.9,175400.4,2025-03-25
2025032505013140,NTC,51,49,10.0,894.9,8949.0,2025-03-25
2025032504016918,SJCL,17,13,99.0,313.1,30996.9,2025-03-25
2025032505013139,RNLI,49,21,23.0,520.5,11971.5,2025-03-25
2025032504016917,AKPL,43,34,100.0,219.9,21990.0,2025-03-25
2025032504016916,AHPC,21,45,71.0,246.0,17466.0,2025-03-25
2025032504016915,AHPC,21,38,29.0,246.0,7134.0,2025-03-25
2025032505013138,NRIC,96,38,67.0,1251.0,83817.0,2025-03-25
2025032505013137,HDL,50,53,128.0,1188.0,152064.0,2025-03-25
2025032505013136,HDL,47,53,52.0,1188.0,61776.0,2025-03-25
2025032505013135,HDL,3,53,10.0,1189.0,11890.0,2025-03-25
2025032505013134,HDL,17,53,10.0,1189.0,11890.0,2025-03-25
2025032504016914,UPCL,42,56,20.0,279.0,5580.0,2025-03-25
2025032501016280,EBL,42,14,26.0,600.5,15613.0,2025-03-25
2025032504016913,UMHL,45,39,190.0,437.6,83144.0,2025-03-25
2025032504016912,UMHL,48,39,10.0,437.8,4378.0,2025-03-25
2025032504016911,KPCL,55,35,1.0,512.0,512.0,2025-03-25
2025032504016910,KPCL,55,22,559.0,512.0,286208.0,2025-03-25
2025032504016909,KPCL,55,34,100.0,511.9,51190.0,2025-03-25
2025032503014011,MDB,80,35,150.0,604.0,90600.0,2025-03-25
2025032501016279,TPC,36,34,100.0,503.8,50380.0,2025-03-25
2025032501016278,SHLB,19,48,10.0,1990.0,19900.0,2025-03-25
2025032501016277,SHLB,38,48,10.0,1995.0,19950.0,2025-03-25
2025032501016276,SHLB,34,48,10.0,1995.2,19952.0,2025-03-25
2025032505013133,SONA,59,32,10.0,455.3,4553.0,2025-03-25
2025032501016275,NICA,43,34,300.0,362.1,108630.0,2025-03-25
2025032505013132,HRL,51,32,8.0,941.0,7528.0,2025-03-25
2025032505013131,HRL,51,46,10.0,940.0,9400.0,2025-03-25
2025032505013130,HRL,51,29,50.0,940.0,47000.0,2025-03-25
2025032505013129,HRL,51,66,25.0,939.3,23482.5,2025-03-25
2025032504016908,SGIC,19,19,50.0,572.0,28600.0,2025-03-25
2025032504016907,SGIC,19,19,285.0,572.0,163020.0,2025-03-25
2025032501016274,RAWA,41,69,14.0,838.0,11732.0,2025-03-25
2025032504016906,HDHPC,45,22,110.0,195.8,21538.0,2025-03-25
2025032504016905,HDHPC,45,11,90.0,195.8,17622.0,2025-03-25
2025032505013128,SMATA,34,42,30.0,802.0,24060.0,2025-03-25
2025032504016904,LEC,6,1,762.0,205.2,156362.4,2025-03-25
2025032504016903,LEC,58,1,150.0,205.3,30795.0,2025-03-25
