transaction,symbol,buyer,seller,quantity,rate,amount,date
2024070904009962,PMHPL,42,46,20.0,227.0,4540.0,2024-07-09
2024070903025893,MDB,42,66,10.0,564.9,5649.0,2024-07-09
2024070903025892,GILB,39,41,10.0,1494.0,14940.0,2024-07-09
2024070901025295,MSHL,37,57,100.0,657.9,65790.0,2024-07-09
2024070901025294,CITY,40,39,65.0,743.0,48295.0,2024-07-09
2024070901025293,CITY,41,39,65.0,743.0,48295.0,2024-07-09
2024070901025292,CITY,16,39,10.0,743.0,7430.0,2024-07-09
2024070901025291,CITY,88,39,350.0,743.2,260120.0,2024-07-09
2024070901025290,CITY,4,39,10.0,746.0,7460.0,2024-07-09
2024070901025289,SAMAJ,25,62,20.0,3410.0,68200.0,2024-07-09
2024070901025288,EHPL,62,88,10.0,545.0,5450.0,2024-07-09
2024070901025287,CLI,62,16,500.0,523.5,261750.0,2024-07-09
2024070901025286,TVCL,62,21,10.0,479.5,4795.0,2024-07-09
2024070903025891,SADBL,49,21,105.0,359.0,37695.0,2024-07-09
2024070901025285,KDL,28,71,20.0,1164.0,23280.0,2024-07-09
2024070904009961,SHL,33,6,667.0,440.0,293480.0,2024-07-09
2024070904009960,SHL,6,6,333.0,440.0,146520.0,2024-07-09
2024070903025890,HLBSL,74,46,60.0,1278.0,76680.0,2024-07-09
2024070903025889,HLBSL,74,40,40.0,1277.0,51080.0,2024-07-09
2024070903025888,SAPDBL,88,32,100.0,441.9,44190.0,2024-07-09
2024070904009959,RURU,96,53,10.0,642.0,6420.0,2024-07-09
2024070901025284,BNHC,96,28,10.0,742.0,7420.0,2024-07-09
2024070903025887,NFS,96,58,10.0,815.0,8150.0,2024-07-09
2024070901025283,BNHC,96,28,11.0,742.0,8162.0,2024-07-09
2024070904009958,SHPC,47,49,100.0,318.4,31840.0,2024-07-09
2024070903025886,SFCL,49,32,10.0,453.0,4530.0,2024-07-09
2024070903025885,ACLBSL,35,34,10.0,1256.0,12560.0,2024-07-09
2024070903025884,KRBL,35,39,10.0,501.0,5010.0,2024-07-09
2024070903025883,MPFL,34,17,10.0,525.0,5250.0,2024-07-09
2024070903025882,GFCL,34,4,10.0,626.0,6260.0,2024-07-09
2024070905005566,ENL,34,51,10.0,1098.8,10988.0,2024-07-09
2024070901025282,VLUCL,41,34,10.0,513.0,5130.0,2024-07-09
2024070901025281,VLUCL,41,49,10.0,512.9,5129.0,2024-07-09
2024070901025280,BNHC,60,28,10.0,742.0,7420.0,2024-07-09
2024070903025881,MDB,69,66,50.0,564.9,28245.0,2024-07-09
2024070901025279,TAMOR,59,16,100.0,432.0,43200.0,2024-07-09
2024070901025278,SONA,59,3,20.0,450.0,9000.0,2024-07-09
2024070901025277,SONA,59,58,10.0,450.0,4500.0,2024-07-09
2024070901025276,SONA,59,58,10.0,450.0,4500.0,2024-07-09
2024070901025275,SONA,59,49,10.0,450.0,4500.0,2024-07-09
2024070903025880,MDB,69,66,20.0,564.9,11298.0,2024-07-09
2024070903025879,LLBS,69,1,10.0,1275.0,12750.0,2024-07-09
2024070903025878,HLBSL,38,40,10.0,1277.0,12770.0,2024-07-09
2024070901025274,BNHC,29,28,10.0,742.0,7420.0,2024-07-09
2024070901025273,MEL,63,42,290.0,223.8,64902.0,2024-07-09
2024070901025272,MEL,63,14,200.0,223.7,44740.0,2024-07-09
2024070901025271,MEL,63,52,10.0,223.6,2236.0,2024-07-09
2024070903025877,CFCL,50,14,10.0,524.0,5240.0,2024-07-09
2024070903025876,SFCL,50,32,50.0,453.0,22650.0,2024-07-09
2024070903025875,HLI,57,3,10.0,381.0,3810.0,2024-07-09
2024070904009957,NGPL,62,44,490.0,326.5,159985.0,2024-07-09
2024070901025270,PCBL,44,21,10.0,204.3,2043.0,2024-07-09
2024070901025269,PCBL,44,57,100.0,204.0,20400.0,2024-07-09
2024070901025268,SRLI,34,4,10.0,447.0,4470.0,2024-07-09
2024070901025267,EHPL,65,88,114.0,545.0,62130.0,2024-07-09
2024070901025266,EHPL,65,58,10.0,545.0,5450.0,2024-07-09
2024070901025265,EHPL,65,45,176.0,545.0,95920.0,2024-07-09
2024070901025264,ULHC,22,17,10.0,390.0,3900.0,2024-07-09
2024070903025874,KMCDB,77,43,10.0,1181.1,11811.0,2024-07-09
2024070901025263,CZBIL,43,13,20.0,179.0,3580.0,2024-07-09
2024070903025873,GILB,40,41,11.0,1494.0,16434.0,2024-07-09
2024070903025872,GILB,40,3,39.0,1489.0,58071.0,2024-07-09
2024070901025262,BNHC,70,28,10.0,742.0,7420.0,2024-07-09
2024070903025871,GILB,58,3,61.0,1489.0,90829.0,2024-07-09
2024070903025870,GILB,58,28,70.0,1489.0,104230.0,2024-07-09
2024070903025869,GILB,58,25,100.0,1489.0,148900.0,2024-07-09
2024070903025868,GILB,58,86,350.0,1488.0,520800.0,2024-07-09
2024070903025867,GILB,58,42,300.0,1488.0,446400.0,2024-07-09
2024070903025866,GILB,58,13,24.0,1488.0,35712.0,2024-07-09
2024070903025865,GILB,58,42,150.0,1488.0,223200.0,2024-07-09
2024070903025864,GILB,58,6,25.0,1488.0,37200.0,2024-07-09
2024070903025863,GILB,58,62,300.0,1488.0,446400.0,2024-07-09
2024070903025862,GILB,58,38,353.0,1488.0,525264.0,2024-07-09
2024070903025861,GILB,58,64,100.0,1487.1,148710.0,2024-07-09
2024070903025860,GILB,58,65,20.0,1487.1,29742.0,2024-07-09
2024070903025859,GILB,58,66,330.0,1487.1,490743.0,2024-07-09
2024070903025858,GILB,58,65,239.0,1487.0,355393.0,2024-07-09
2024070903025857,GILB,58,69,20.0,1487.0,29740.0,2024-07-09
2024070903025856,GILB,58,71,100.0,1487.0,148700.0,2024-07-09
2024070903025855,GILB,58,17,100.0,1485.0,148500.0,2024-07-09
2024070903025854,GILB,58,19,100.0,1485.0,148500.0,2024-07-09
2024070903025853,GILB,58,66,10.0,1484.1,14841.0,2024-07-09
2024070903025852,GILB,58,42,17.0,1484.1,25229.7,2024-07-09
2024070903025851,GILB,58,55,200.0,1484.0,296800.0,2024-07-09
2024070903025850,GILB,58,65,250.0,1484.0,371000.0,2024-07-09
2024070903025849,GILB,58,56,200.0,1484.0,296800.0,2024-07-09
2024070903025848,GILB,58,34,10.0,1484.0,14840.0,2024-07-09
2024070903025847,GILB,58,42,29.0,1483.0,43007.0,2024-07-09
2024070903025846,GILB,58,62,100.0,1482.0,148200.0,2024-07-09
2024070903025845,GILB,58,71,130.0,1481.0,192530.0,2024-07-09
2024070903025844,GILB,58,52,100.0,1481.0,148100.0,2024-07-09
2024070903025843,GILB,58,62,100.0,1480.2,148020.0,2024-07-09
2024070903025842,GILB,58,71,100.0,1480.1,148010.0,2024-07-09
2024070903025841,GILB,58,21,100.0,1480.0,148000.0,2024-07-09
2024070903025840,GILB,58,34,30.0,1480.0,44400.0,2024-07-09
2024070903025839,GILB,58,45,55.0,1480.0,81400.0,2024-07-09
2024070903025838,GILB,58,71,50.0,1480.0,74000.0,2024-07-09
2024070903025837,GILB,58,14,50.0,1480.0,74000.0,2024-07-09
2024070903025836,GILB,58,3,100.0,1479.0,147900.0,2024-07-09
2024070903025835,GILB,58,94,100.0,1478.9,147890.0,2024-07-09
2024070903025834,GILB,58,36,40.0,1477.7,59108.0,2024-07-09
2024070903025833,GILB,58,19,100.0,1475.0,147500.0,2024-07-09
2024070903025832,GILB,58,13,10.0,1475.0,14750.0,2024-07-09
2024070903025831,GILB,58,58,500.0,1475.0,737500.0,2024-07-09
2024070903025830,GILB,58,58,50.0,1474.9,73745.0,2024-07-09
2024070903025829,GILB,58,34,27.0,1473.7,39789.9,2024-07-09
2024070903025828,SJLIC,41,58,10.0,413.0,4130.0,2024-07-09
2024070903025827,MDB,56,66,11.0,564.9,6213.9,2024-07-09
2024070904009956,GLH,48,56,10.0,208.5,2085.0,2024-07-09
2024070901025261,BHPL,95,56,10.0,637.0,6370.0,2024-07-09
2024070903025826,KLBSL,47,8,100.0,1031.0,103100.0,2024-07-09
2024070905005565,ENL,1,51,10.0,1098.8,10988.0,2024-07-09
2024070901025260,MMKJL,58,7,1070.0,497.0,531790.0,2024-07-09
2024070903025825,FMDBL,48,11,10.0,695.0,6950.0,2024-07-09
2024070903025824,LBBL,48,21,10.0,416.8,4168.0,2024-07-09
2024070901025259,KBL,48,45,68.0,143.5,9758.0,2024-07-09
2024070901025258,KBL,48,41,100.0,143.0,14300.0,2024-07-09
2024070901025257,KBL,48,34,227.0,143.0,32461.0,2024-07-09
2024070901025256,KBL,48,1,40.0,143.0,5720.0,2024-07-09
2024070901025255,KBL,48,49,100.0,143.0,14300.0,2024-07-09
2024070901025254,KBL,48,3,195.0,143.0,27885.0,2024-07-09
2024070901025253,KBL,48,40,470.0,143.0,67210.0,2024-07-09
2024070904009955,RURU,6,19,50.0,640.0,32000.0,2024-07-09
2024070903025823,NFS,35,42,228.0,800.0,182400.0,2024-07-09
2024070903025822,NFS,49,42,100.0,800.0,80000.0,2024-07-09
2024070903025821,NFS,42,42,50.0,800.0,40000.0,2024-07-09
2024070903025820,NFS,92,42,111.0,800.0,88800.0,2024-07-09
2024070903025819,NFS,13,42,500.0,800.0,400000.0,2024-07-09
2024070903025818,NFS,16,42,100.0,800.0,80000.0,2024-07-09
2024070903025817,NFS,11,42,20.0,800.0,16000.0,2024-07-09
2024070903025816,NFS,71,42,500.0,800.0,400000.0,2024-07-09
2024070903025815,NFS,75,42,100.0,800.0,80000.0,2024-07-09
2024070903025814,NFS,57,42,10.0,800.0,8000.0,2024-07-09
2024070903025813,NFS,92,42,111.0,800.0,88800.0,2024-07-09
2024070903025812,NFS,42,42,10.0,800.0,8000.0,2024-07-09
2024070903025811,NFS,35,42,50.0,800.0,40000.0,2024-07-09
2024070903025810,NFS,45,42,100.0,800.1,80010.0,2024-07-09
2024070903025809,NFS,43,42,10.0,800.1,8001.0,2024-07-09
2024070901025252,GCIL,42,3,20.0,485.0,9700.0,2024-07-09
2024070903025808,FMDBL,71,11,10.0,695.0,6950.0,2024-07-09
2024070901025251,VLUCL,48,25,300.0,510.1,153030.0,2024-07-09
2024070901025250,BNHC,39,28,30.0,742.0,22260.0,2024-07-09
2024070903025807,ILBS,22,77,100.0,1238.0,123800.0,2024-07-09
2024070901025249,RAWA,55,35,10.0,569.9,5699.0,2024-07-09
2024070903025806,PMLI,62,52,10.0,538.0,5380.0,2024-07-09
2024070903025805,PMLI,62,52,60.0,538.0,32280.0,2024-07-09
2024070903025804,PMLI,62,54,100.0,537.9,53790.0,2024-07-09
2024070903025803,PMLI,62,51,20.0,537.9,10758.0,2024-07-09
2024070903025802,PMLI,62,42,50.0,537.9,26895.0,2024-07-09
2024070903025801,PMLI,62,58,200.0,537.0,107400.0,2024-07-09
2024070903025800,PMLI,62,42,10.0,533.1,5331.0,2024-07-09
2024070903025799,PMLI,62,4,50.0,533.0,26650.0,2024-07-09
2024070903025798,MDB,21,66,10.0,564.9,5649.0,2024-07-09
2024070903025797,MDB,62,66,270.0,564.9,152523.0,2024-07-09
2024070903025796,MDB,62,62,10.0,564.9,5649.0,2024-07-09
2024070903025795,MDB,62,50,100.0,563.0,56300.0,2024-07-09
2024070903025794,MDB,62,66,200.0,562.0,112400.0,2024-07-09
2024070903025793,MDB,62,58,180.0,561.9,101142.0,2024-07-09
2024070903025792,MDB,62,57,240.0,561.8,134832.0,2024-07-09
2024070901025248,MEL,87,52,20.0,223.6,4472.0,2024-07-09
2024070904009954,UPPER,29,28,1000.0,158.0,158000.0,2024-07-09
2024070901025247,GBIME,28,1,169.0,182.3,30808.7,2024-07-09
2024070901025246,GBIME,28,88,200.0,182.0,36400.0,2024-07-09
2024070901025245,GBIME,28,51,131.0,182.0,23842.0,2024-07-09
2024070901025244,BNHC,28,28,10.0,742.0,7420.0,2024-07-09
2024070901025243,EHPL,36,45,24.0,545.0,13080.0,2024-07-09
2024070901025242,EHPL,36,13,10.0,545.0,5450.0,2024-07-09
2024070901025241,EHPL,36,55,10.0,545.0,5450.0,2024-07-09
2024070901025240,EHPL,36,10,74.0,544.0,40256.0,2024-07-09
2024070901025239,EHPL,36,17,182.0,540.0,98280.0,2024-07-09
2024070901025238,CZBIL,52,13,10.0,179.0,1790.0,2024-07-09
2024070903025791,VLBS,91,19,10.0,1050.0,10500.0,2024-07-09
2024070903025790,MPFL,32,34,50.0,524.9,26245.0,2024-07-09
2024070901025237,NWCL,6,38,20.0,877.0,17540.0,2024-07-09
2024070904009953,MEN,6,36,34.0,573.5,19499.0,2024-07-09
2024070903025789,SAPDBL,88,45,200.0,444.0,88800.0,2024-07-09
2024070903025788,GMFIL,88,26,10.0,488.0,4880.0,2024-07-09
2024070903025787,GMFIL,88,50,30.0,487.0,14610.0,2024-07-09
2024070905005564,ENL,45,51,10.0,1098.8,10988.0,2024-07-09
2024070903025786,RSDC,45,67,20.0,686.0,13720.0,2024-07-09
2024070903025785,SLBSL,68,57,10.0,1273.0,12730.0,2024-07-09
2024070903025784,MLBL,3,44,192.0,357.9,68716.8,2024-07-09
2024070903025783,SLBSL,34,57,10.0,1273.0,12730.0,2024-07-09
2024070903025782,SLBSL,34,42,35.0,1269.9,44446.5,2024-07-09
2024070904009952,BARUN,60,64,10.0,293.0,2930.0,2024-07-09
2024070901025236,MAKAR,13,29,10.0,458.0,4580.0,2024-07-09
2024070901025235,MHCL,53,45,10.0,405.9,4059.0,2024-07-09
2024070901025234,CKHL,59,19,10.0,615.0,6150.0,2024-07-09
2024070901025233,CKHL,59,70,200.0,614.9,122980.0,2024-07-09
2024070901025232,CKHL,59,52,100.0,614.9,61490.0,2024-07-09
2024070901025231,CKHL,59,68,300.0,614.9,184470.0,2024-07-09
2024070901025230,CKHL,59,42,10.0,614.1,6141.0,2024-07-09
2024070901025229,CKHL,59,58,10.0,614.0,6140.0,2024-07-09
2024070901025228,CKHL,59,6,150.0,614.0,92100.0,2024-07-09
2024070901025227,CKHL,59,58,10.0,613.0,6130.0,2024-07-09
2024070901025226,CKHL,59,4,129.0,613.0,79077.0,2024-07-09
2024070901025225,CKHL,59,70,80.0,612.9,49032.0,2024-07-09
2024070901025224,SBL,50,81,81.0,266.5,21586.5,2024-07-09
2024070901025223,SBL,50,32,89.0,266.5,23718.5,2024-07-09
2024070904009951,AKPL,50,49,10.0,164.0,1640.0,2024-07-09
2024070901025222,BNHC,29,28,524.0,742.0,388808.0,2024-07-09
2024070901025221,BNHC,29,49,10.0,678.3,6783.0,2024-07-09
2024070901025220,BNHC,29,5,256.0,676.2,173107.2,2024-07-09
2024070901025219,BNHC,29,71,100.0,676.2,67620.0,2024-07-09
2024070901025218,BNHC,29,5,10.0,675.2,6752.0,2024-07-09
2024070901025217,BNHC,29,28,10.0,675.0,6750.0,2024-07-09
2024070901025216,BNHC,29,68,100.0,673.2,67320.0,2024-07-09
2024070901025215,BNHC,29,4,10.0,673.0,6730.0,2024-07-09
2024070901025214,BNHC,29,71,320.0,672.1,215072.0,2024-07-09
2024070901025213,BNHC,29,52,10.0,671.4,6714.0,2024-07-09
2024070901025212,BNHC,29,43,100.0,671.3,67130.0,2024-07-09
2024070901025211,BNHC,29,57,10.0,671.0,6710.0,2024-07-09
2024070901025210,BNHC,29,28,10.0,671.0,6710.0,2024-07-09
2024070901025209,BNHC,29,28,10.0,670.0,6700.0,2024-07-09
2024070901025208,BNHC,29,7,600.0,667.0,400200.0,2024-07-09
2024070901025207,BNHC,29,33,90.0,665.0,59850.0,2024-07-09
2024070901025206,BNHC,29,56,200.0,660.0,132000.0,2024-07-09
2024070901025205,BNHC,29,70,100.0,660.0,66000.0,2024-07-09
2024070901025204,BNHC,29,55,30.0,659.0,19770.0,2024-07-09
2024070905005563,HRL,45,4,10.0,564.8,5648.0,2024-07-09
2024070901025203,PRVU,22,35,10.0,147.9,1479.0,2024-07-09
2024070904009950,UNHPL,43,6,10.0,237.0,2370.0,2024-07-09
2024070901025202,MBL,55,47,38.0,184.0,6992.0,2024-07-09
2024070901025201,SAHAS,47,3,35.0,516.9,18091.5,2024-07-09
2024070901025200,SAHAS,47,80,35.0,515.0,18025.0,2024-07-09
2024070901025199,SAHAS,47,37,10.0,515.0,5150.0,2024-07-09
2024070901025198,SAHAS,47,65,10.0,515.0,5150.0,2024-07-09
2024070901025197,SAHAS,47,6,10.0,513.0,5130.0,2024-07-09
2024070905005562,ENL,47,51,10.0,1098.8,10988.0,2024-07-09
2024070903025781,MSLB,1,4,43.0,1399.0,60157.0,2024-07-09
2024070903025780,MSLB,1,19,25.0,1398.0,34950.0,2024-07-09
2024070903025779,LBBL,46,21,12.0,416.8,5001.6,2024-07-09
2024070903025778,SHINE,46,55,10.0,410.0,4100.0,2024-07-09
2024070903025777,NMLBBL,21,7,270.0,717.0,193590.0,2024-07-09
2024070903025776,NMLBBL,39,7,200.0,717.0,143400.0,2024-07-09
2024070903025775,NMLBBL,78,7,430.0,717.1,308353.0,2024-07-09
2024070903025774,NMLBBL,49,7,100.0,720.0,72000.0,2024-07-09
2024070903025773,CFCL,48,14,10.0,524.0,5240.0,2024-07-09
2024070903025772,SLBSL,35,42,70.0,1260.0,88200.0,2024-07-09
2024070903025771,SLBSL,41,42,30.0,1260.3,37809.0,2024-07-09
2024070901025196,SONA,71,49,10.0,449.0,4490.0,2024-07-09
2024070904009949,RURU,18,42,10.0,642.0,6420.0,2024-07-09
2024070901025195,MHCL,21,45,10.0,405.9,4059.0,2024-07-09
2024070901025194,RFPL,62,32,70.0,373.1,26117.0,2024-07-09
2024070901025193,RFPL,62,13,40.0,373.0,14920.0,2024-07-09
2024070901025192,RFPL,62,38,20.0,372.5,7450.0,2024-07-09
2024070901025191,RFPL,62,4,10.0,372.0,3720.0,2024-07-09
2024070901025190,RFPL,62,34,160.0,372.0,59520.0,2024-07-09
2024070901025189,RFPL,62,34,350.0,371.5,130025.0,2024-07-09
2024070901025188,RFPL,62,13,40.0,371.4,14856.0,2024-07-09
2024070901025187,RFPL,62,51,80.0,371.0,29680.0,2024-07-09
2024070901025186,RFPL,62,17,230.0,371.0,85330.0,2024-07-09
2024070903025770,NICLBSL,62,7,30.0,679.0,20370.0,2024-07-09
2024070903025769,NICLBSL,62,41,85.0,679.0,57715.0,2024-07-09
2024070903025768,NICLBSL,62,8,10.0,678.0,6780.0,2024-07-09
2024070903025767,MFIL,45,62,108.0,611.0,65988.0,2024-07-09
2024070901025185,AVYAN,62,52,10.0,984.0,9840.0,2024-07-09
2024070903025766,GILB,62,34,20.0,1473.7,29474.0,2024-07-09
2024070904009948,NIL,32,58,10.0,824.8,8248.0,2024-07-09
2024070904009947,OHL,49,6,250.0,791.1,197775.0,2024-07-09
2024070901025184,SBI,28,45,10.0,307.0,3070.0,2024-07-09
2024070903025765,MFIL,45,49,10.0,612.0,6120.0,2024-07-09
2024070905005561,NTC,45,57,20.0,821.1,16422.0,2024-07-09
2024070904009946,HPPL,21,14,600.0,282.5,169500.0,2024-07-09
2024070901025183,NRM,34,41,25.0,443.0,11075.0,2024-07-09
2024070904009945,UPPER,29,13,1000.0,158.0,158000.0,2024-07-09
2024070901025182,CKHL,34,70,20.0,612.9,12258.0,2024-07-09
2024070901025181,CKHL,34,72,100.0,612.8,61280.0,2024-07-09
2024070901025180,CKHL,34,41,10.0,612.7,6127.0,2024-07-09
2024070901025179,CKHL,34,34,190.0,611.0,116090.0,2024-07-09
2024070901025178,CKHL,34,14,180.0,606.0,109080.0,2024-07-09
2024070904009944,HEI,58,84,590.0,624.0,368160.0,2024-07-09
2024070904009943,NICL,69,48,10.0,857.0,8570.0,2024-07-09
2024070903025764,MDB,69,57,10.0,561.8,5618.0,2024-07-09
2024070903025763,GILB,58,8,823.0,1455.1,1197547.3,2024-07-09
2024070903025762,GILB,42,8,30.0,1455.5,43665.0,2024-07-09
2024070903025761,GILB,34,8,10.0,1456.1,14561.0,2024-07-09
2024070903025760,GILB,13,8,137.0,1457.0,199609.0,2024-07-09
2024070905005560,HRL,45,35,20.0,564.8,11296.0,2024-07-09
2024070905005559,NRN,29,53,10.0,735.0,7350.0,2024-07-09
2024070901025177,SHIVM,22,52,10.0,491.0,4910.0,2024-07-09
2024070903025759,MSLB,46,58,10.0,1389.0,13890.0,2024-07-09
2024070903025758,MSLB,29,58,50.0,1390.0,69500.0,2024-07-09
2024070903025757,MSLB,25,58,50.0,1390.0,69500.0,2024-07-09
2024070903025756,MFIL,45,58,500.0,611.0,305500.0,2024-07-09
2024070904009942,AHPC,58,58,100.0,154.8,15480.0,2024-07-09
2024070904009941,NGPL,19,14,68.0,327.9,22297.2,2024-07-09
2024070904009940,NGPL,19,80,70.0,327.9,22953.0,2024-07-09
2024070904009939,NGPL,19,47,152.0,327.6,49795.2,2024-07-09
2024070904009938,NGPL,19,17,10.0,327.5,3275.0,2024-07-09
2024070901025176,MKJC,58,42,341.0,590.0,201190.0,2024-07-09
2024070901025175,MKJC,33,42,29.0,591.0,17139.0,2024-07-09
2024070901025174,CLI,11,42,32.0,523.0,16736.0,2024-07-09
2024070901025173,CLI,29,42,20.0,523.0,10460.0,2024-07-09
2024070901025172,SPHL,42,22,10.0,566.0,5660.0,2024-07-09
2024070903025755,RSDC,42,67,50.0,686.0,34300.0,2024-07-09
2024070901025171,GBIME,17,42,10.0,181.0,1810.0,2024-07-09
2024070903025754,GBBL,22,39,50.0,384.0,19200.0,2024-07-09
2024070903025753,RSDC,56,67,20.0,686.0,13720.0,2024-07-09
2024070903025752,RSDC,45,67,600.0,686.0,411600.0,2024-07-09
2024070903025751,GILB,62,34,43.0,1473.7,63369.1,2024-07-09
2024070903025750,GILB,62,26,30.0,1473.0,44190.0,2024-07-09
2024070903025749,GILB,62,26,49.0,1471.0,72079.0,2024-07-09
2024070903025748,GILB,62,66,50.0,1470.9,73545.0,2024-07-09
2024070903025747,GILB,62,14,70.0,1470.0,102900.0,2024-07-09
2024070903025746,GILB,62,5,258.0,1470.0,379260.0,2024-07-09
2024070901025170,MEL,16,52,50.0,223.6,11180.0,2024-07-09
2024070903025745,GILB,62,5,20.0,1470.0,29400.0,2024-07-09
2024070903025744,GILB,62,21,50.0,1470.0,73500.0,2024-07-09
2024070903025743,GILB,62,19,180.0,1469.9,264582.0,2024-07-09
2024070903025742,GILB,62,54,40.0,1469.0,58760.0,2024-07-09
2024070903025741,GILB,62,45,210.0,1465.0,307650.0,2024-07-09
2024070903025740,ALICL,62,32,118.0,590.0,69620.0,2024-07-09
2024070903025739,ALICL,62,67,30.0,590.0,17700.0,2024-07-09
2024070903025738,ALICL,62,43,350.0,589.0,206150.0,2024-07-09
2024070903025737,ALICL,62,45,150.0,589.0,88350.0,2024-07-09
2024070903025736,ALICL,62,52,100.0,589.0,58900.0,2024-07-09
2024070903025735,ALICL,62,58,212.0,588.9,124846.8,2024-07-09
2024070903025734,ALICL,62,45,40.0,588.9,23556.0,2024-07-09
2024070901025169,KBL,93,40,10.0,143.0,1430.0,2024-07-09
2024070901025168,SPHL,32,57,10.0,565.0,5650.0,2024-07-09
2024070901025167,SPHL,32,58,10.0,565.0,5650.0,2024-07-09
2024070901025166,SPHL,32,28,470.0,565.0,265550.0,2024-07-09
2024070901025165,NRM,32,1,10.0,444.8,4448.0,2024-07-09
2024070901025164,NRM,32,38,120.0,444.0,53280.0,2024-07-09
2024070901025163,CITY,88,41,150.0,750.0,112500.0,2024-07-09
2024070901025162,CITY,88,52,10.0,749.0,7490.0,2024-07-09
2024070901025161,CITY,88,72,500.0,748.9,374450.0,2024-07-09
2024070901025160,CITY,88,42,50.0,747.0,37350.0,2024-07-09
2024070901025159,CITY,88,6,300.0,747.0,224100.0,2024-07-09
2024070901025158,CITY,88,67,400.0,747.0,298800.0,2024-07-09
2024070901025157,CITY,88,6,10.0,746.9,7469.0,2024-07-09
2024070901025156,CITY,88,36,30.0,746.1,22383.0,2024-07-09
2024070901025155,CITY,88,65,50.0,745.0,37250.0,2024-07-09
2024070903025733,SAPDBL,96,45,62.0,444.0,27528.0,2024-07-09
2024070903025732,SAPDBL,96,45,300.0,443.0,132900.0,2024-07-09
2024070903025731,SAPDBL,96,41,100.0,443.0,44300.0,2024-07-09
2024070903025730,SAPDBL,96,45,1000.0,443.0,443000.0,2024-07-09
2024070903025729,SAPDBL,96,41,1000.0,443.0,443000.0,2024-07-09
2024070903025728,SAPDBL,96,58,90.0,443.0,39870.0,2024-07-09
2024070903025727,SAPDBL,96,52,200.0,442.0,88400.0,2024-07-09
2024070903025726,SAPDBL,96,49,10.0,442.0,4420.0,2024-07-09
2024070903025725,SAPDBL,96,6,100.0,442.0,44200.0,2024-07-09
2024070903025724,SAPDBL,96,43,50.0,442.0,22100.0,2024-07-09
2024070903025723,SAPDBL,96,41,1000.0,442.0,442000.0,2024-07-09
2024070903025722,SAPDBL,96,41,778.0,442.0,343876.0,2024-07-09
2024070903025721,SAPDBL,96,42,10.0,441.0,4410.0,2024-07-09
2024070903025720,SAPDBL,96,49,300.0,441.0,132300.0,2024-07-09
2024070903025719,SDLBSL,6,71,50.0,1086.0,54300.0,2024-07-09
2024070904009937,LEC,16,49,229.0,181.9,41655.1,2024-07-09
2024070904009936,AHPC,45,58,500.0,154.8,77400.0,2024-07-09
2024070903025718,SADBL,49,53,170.0,359.0,61030.0,2024-07-09
2024070901025154,NICA,49,16,10.0,433.1,4331.0,2024-07-09
2024070901025153,CLI,29,41,10.0,523.0,5230.0,2024-07-09
2024070904009935,PMHPL,41,46,10.0,227.0,2270.0,2024-07-09
2024070901025152,MEL,34,52,100.0,223.6,22360.0,2024-07-09
2024070905005558,NRN,7,53,50.0,735.0,36750.0,2024-07-09
2024070905005557,NRN,16,53,410.0,735.0,301350.0,2024-07-09
2024070901025151,UNLB,8,36,50.0,2210.0,110500.0,2024-07-09
2024070903025717,JBBL,57,6,246.0,320.0,78720.0,2024-07-09
2024070903025716,JBBL,57,6,200.0,320.0,64000.0,2024-07-09
2024070903025715,JBBL,57,49,54.0,320.0,17280.0,2024-07-09
2024070903025714,JBBL,57,41,500.0,320.0,160000.0,2024-07-09
2024070901025150,AHL,4,32,100.0,521.3,52130.0,2024-07-09
2024070903025713,GFCL,75,4,10.0,626.0,6260.0,2024-07-09
2024070903025712,MLBSL,58,19,60.0,2133.0,127980.0,2024-07-09
2024070903025711,MLBSL,58,45,50.0,2130.0,106500.0,2024-07-09
2024070903025710,MLBSL,58,17,10.0,2130.0,21300.0,2024-07-09
2024070903025709,VLBS,45,19,100.0,1050.0,105000.0,2024-07-09
2024070903025708,VLBS,19,19,100.0,1050.0,105000.0,2024-07-09
2024070903025707,VLBS,45,19,20.0,1056.0,21120.0,2024-07-09
2024070903025706,VLBS,96,19,277.0,1056.1,292539.7,2024-07-09
2024070903025705,VLBS,58,19,10.0,1056.2,10562.0,2024-07-09
2024070903025704,VLBS,25,19,18.0,1056.2,19011.6,2024-07-09
2024070903025703,VLBS,54,19,48.0,1057.5,50760.0,2024-07-09
2024070901025149,SARBTM,72,38,10.0,798.0,7980.0,2024-07-09
2024070901025148,SARBTM,72,3,20.0,798.0,15960.0,2024-07-09
2024070901025147,DLBS,21,51,18.0,1375.0,24750.0,2024-07-09
2024070901025146,DLBS,21,21,10.0,1375.0,13750.0,2024-07-09
2024070904009934,HDHPC,25,16,18.0,130.0,2340.0,2024-07-09
2024070901025145,NYADI,32,44,10.0,339.6,3396.0,2024-07-09
2024070901025144,NYADI,32,14,200.0,339.5,67900.0,2024-07-09
2024070901025143,NYADI,32,29,190.0,339.4,64486.0,2024-07-09
2024070901025142,NYADI,32,4,100.0,339.0,33900.0,2024-07-09
2024070901025141,LVF2,6,58,100.0,8.55,855.0,2024-07-09
2024070901025140,HATHY,45,32,29.0,985.0,28565.0,2024-07-09
2024070901025139,HATHY,45,32,30.0,985.0,29550.0,2024-07-09
2024070901025138,HATHY,45,60,15.0,985.0,14775.0,2024-07-09
2024070901025137,HATHY,45,45,25.0,985.0,24625.0,2024-07-09
2024070901025136,HATHY,45,22,20.0,985.0,19700.0,2024-07-09
2024070901025135,HATHY,45,35,20.0,985.0,19700.0,2024-07-09
2024070901025134,HATHY,45,10,50.0,985.0,49250.0,2024-07-09
2024070901025133,HATHY,45,82,640.0,985.0,630400.0,2024-07-09
2024070901025132,HATHY,45,4,10.0,985.0,9850.0,2024-07-09
2024070901025131,HATHY,45,52,100.0,985.0,98500.0,2024-07-09
2024070901025130,HATHY,45,62,100.0,985.0,98500.0,2024-07-09
2024070901025129,HATHY,45,25,74.0,985.0,72890.0,2024-07-09
2024070901025128,HATHY,45,49,22.0,983.0,21626.0,2024-07-09
2024070901025127,HATHY,45,8,22.0,983.0,21626.0,2024-07-09
2024070901025126,HATHY,45,43,985.0,983.0,968255.0,2024-07-09
2024070901025125,HATHY,45,58,22.0,980.0,21560.0,2024-07-09
2024070901025124,HATHY,45,20,100.0,980.0,98000.0,2024-07-09
2024070901025123,HATHY,45,52,528.0,980.0,517440.0,2024-07-09
2024070901025122,HATHY,45,87,100.0,980.0,98000.0,2024-07-09
2024070901025121,HATHY,45,81,500.0,980.0,490000.0,2024-07-09
2024070901025120,HATHY,45,94,100.0,980.0,98000.0,2024-07-09
2024070901025119,HATHY,45,58,22.0,980.0,21560.0,2024-07-09
2024070901025118,HATHY,45,67,128.0,980.0,125440.0,2024-07-09
2024070901025117,HATHY,45,53,50.0,980.0,49000.0,2024-07-09
2024070901025116,HATHY,45,42,22.0,980.0,21560.0,2024-07-09
2024070901025115,HATHY,45,38,50.0,980.0,49000.0,2024-07-09
2024070901025114,HATHY,45,35,32.0,980.0,31360.0,2024-07-09
2024070901025113,HATHY,45,57,20.0,980.0,19600.0,2024-07-09
2024070901025112,HATHY,45,6,34.0,980.0,33320.0,2024-07-09
2024070901025111,HATHY,45,35,20.0,980.0,19600.0,2024-07-09
2024070901025110,HATHY,45,54,22.0,980.0,21560.0,2024-07-09
2024070901025109,HATHY,45,61,1000.0,980.0,980000.0,2024-07-09
2024070901025108,HATHY,45,22,21.0,980.0,20580.0,2024-07-09
2024070901025107,HATHY,45,49,12.0,980.0,11760.0,2024-07-09
2024070901025106,HATHY,45,40,12.0,980.0,11760.0,2024-07-09
2024070901025105,HATHY,45,38,22.0,980.0,21560.0,2024-07-09
2024070901025104,HATHY,45,58,22.0,980.0,21560.0,2024-07-09
2024070901025103,HATHY,45,58,22.0,980.0,21560.0,2024-07-09
2024070901025102,HATHY,45,20,50.0,980.0,49000.0,2024-07-09
2024070901025101,HATHY,45,36,163.0,980.0,159740.0,2024-07-09
2024070901025100,HATHY,45,55,250.0,980.0,245000.0,2024-07-09
2024070901025099,HATHY,45,10,200.0,980.0,196000.0,2024-07-09
2024070901025098,HATHY,45,58,12.0,980.0,11760.0,2024-07-09
2024070901025097,HATHY,45,42,22.0,980.0,21560.0,2024-07-09
2024070901025096,HATHY,45,32,200.0,980.0,196000.0,2024-07-09
2024070901025095,HATHY,45,66,100.0,979.3,97930.0,2024-07-09
2024070903025702,RLFL,74,81,500.0,458.7,229350.0,2024-07-09
2024070903025701,RLFL,7,81,500.0,458.7,229350.0,2024-07-09
2024070904009933,MHNL,33,45,200.0,235.6,47120.0,2024-07-09
2024070903025700,JFL,34,49,16.0,650.0,10400.0,2024-07-09
2024070903025699,JFL,17,49,425.0,650.0,276250.0,2024-07-09
2024070903025698,JFL,65,49,200.0,650.1,130020.0,2024-07-09
2024070903025697,JFL,58,49,230.0,651.0,149730.0,2024-07-09
2024070903025696,JFL,56,49,229.0,652.0,149308.0,2024-07-09
2024070903025695,JFL,56,10,21.0,652.0,13692.0,2024-07-09
2024070903025694,JFL,28,10,75.0,652.0,48900.0,2024-07-09
2024070903025693,JFL,58,10,200.0,652.0,130400.0,2024-07-09
2024070903025692,JFL,35,10,24.0,652.0,15648.0,2024-07-09
2024070903025691,JFL,72,10,90.0,706.0,63540.0,2024-07-09
2024070903025690,JFL,72,10,90.0,720.0,64800.0,2024-07-09
2024070903025689,RSDC,45,29,300.0,686.0,205800.0,2024-07-09
2024070903025688,RSDC,17,29,100.0,686.1,68610.0,2024-07-09
2024070904009932,JOSHI,4,81,10.0,293.4,2934.0,2024-07-09
2024070903025687,PFL,16,22,500.0,592.0,296000.0,2024-07-09
2024070903025686,PFL,71,22,185.0,592.0,109520.0,2024-07-09
2024070904009931,GLH,40,45,10.0,209.4,2094.0,2024-07-09
2024070903025685,SJLIC,41,56,10.0,413.0,4130.0,2024-07-09
2024070903025684,SWMF,56,81,10.0,914.0,9140.0,2024-07-09
2024070901025094,SGHC,1,52,10.0,334.1,3341.0,2024-07-09
2024070901025093,SGHC,1,34,10.0,333.0,3330.0,2024-07-09
2024070901025092,SGHC,1,57,50.0,332.9,16645.0,2024-07-09
2024070901025091,SGHC,1,48,20.0,332.0,6640.0,2024-07-09
2024070903025683,JBBL,47,46,10.0,320.0,3200.0,2024-07-09
2024070903025682,JBBL,47,74,17.0,319.0,5423.0,2024-07-09
2024070901025090,HDL,52,48,30.0,1243.0,37290.0,2024-07-09
2024070904009930,SGIC,26,51,10.0,558.9,5589.0,2024-07-09
2024070905005556,CIT,18,92,10.0,1902.0,19020.0,2024-07-09
2024070903025681,KMCDB,77,47,71.0,1184.0,84064.0,2024-07-09
2024070903025680,KMCDB,77,41,29.0,1183.0,34307.0,2024-07-09
2024070901025089,IHL,21,38,10.0,457.9,4579.0,2024-07-09
2024070903025679,GUFL,55,33,61.0,697.2,42529.2,2024-07-09
2024070903025678,GUFL,1,33,20.0,697.3,13946.0,2024-07-09
2024070903025677,GUFL,46,33,100.0,697.3,69730.0,2024-07-09
2024070903025676,GUFL,19,33,100.0,697.3,69730.0,2024-07-09
2024070903025675,GUFL,43,33,20.0,697.3,13946.0,2024-07-09
2024070903025674,GUFL,51,33,140.0,697.5,97650.0,2024-07-09
2024070903025673,GUFL,56,33,25.0,697.5,17437.5,2024-07-09
2024070903025672,GUFL,14,33,20.0,697.6,13952.0,2024-07-09
2024070903025671,GUFL,86,33,14.0,697.6,9766.4,2024-07-09
2024070903025670,SADBL,17,53,30.0,359.0,10770.0,2024-07-09
2024070903025669,SIFC,84,43,20.0,486.9,9738.0,2024-07-09
2024070903025668,SLBSL,41,59,50.0,1260.3,63015.0,2024-07-09
2024070903025667,SLBBL,14,59,10.0,857.0,8570.0,2024-07-09
2024070901025088,SMJC,34,29,100.0,402.4,40240.0,2024-07-09
2024070904009929,TRH,17,34,100.0,802.0,80200.0,2024-07-09
2024070904009928,MEN,37,38,87.0,573.3,49877.1,2024-07-09
2024070904009927,MEN,22,38,200.0,573.4,114680.0,2024-07-09
2024070903025666,ACLBSL,35,34,300.0,1256.0,376800.0,2024-07-09
2024070901025087,SAHAS,55,35,10.0,512.0,5120.0,2024-07-09
2024070901025086,BGWT,4,6,360.0,912.9,328644.0,2024-07-09
2024070901025085,BGWT,4,52,50.0,912.8,45640.0,2024-07-09
2024070901025084,BGWT,4,45,10.0,912.0,9120.0,2024-07-09
2024070903025665,GLBSL,52,57,19.0,1900.0,36100.0,2024-07-09
2024070903025664,GLBSL,35,57,17.0,1905.0,32385.0,2024-07-09
2024070903025663,NUBL,75,34,100.0,701.0,70100.0,2024-07-09
2024070903025662,NUBL,75,32,200.0,701.0,140200.0,2024-07-09
2024070903025661,JFL,72,71,10.0,720.0,7200.0,2024-07-09
2024070903025660,WNLB,39,60,10.0,1522.0,15220.0,2024-07-09
2024070903025659,CFCL,42,14,50.0,524.0,26200.0,2024-07-09
2024070903025658,CFCL,42,45,50.0,523.0,26150.0,2024-07-09
2024070901025083,GBIME,17,32,232.0,181.0,41992.0,2024-07-09
2024070903025657,RLFL,32,6,16.0,460.0,7360.0,2024-07-09
2024070904009926,UMHL,44,45,618.0,240.0,148320.0,2024-07-09
2024070904009925,UMHL,50,45,232.0,240.1,55703.2,2024-07-09
2024070904009924,SHPC,47,49,611.0,318.4,194542.4,2024-07-09
2024070904009923,SHPC,38,49,200.0,318.4,63680.0,2024-07-09
2024070904009922,SHPC,6,49,14.0,318.5,4459.0,2024-07-09
2024070904009921,SHPC,17,49,50.0,319.0,15950.0,2024-07-09
2024070901025082,TPC,42,49,55.0,545.0,29975.0,2024-07-09
2024070901025081,TPC,45,49,50.0,545.0,27250.0,2024-07-09
2024070903025656,CFCL,58,80,172.0,520.0,89440.0,2024-07-09
2024070903025655,CFCL,50,80,30.0,520.1,15603.0,2024-07-09
2024070903025654,CFCL,98,80,300.0,521.0,156300.0,2024-07-09
2024070903025653,CFCL,58,80,73.0,521.1,38040.3,2024-07-09
2024070905005555,NIFRA,13,58,50.0,208.0,10400.0,2024-07-09
2024070901025080,MBL,55,59,100.0,184.0,18400.0,2024-07-09
2024070901025079,BHL,34,58,100.0,348.4,34840.0,2024-07-09
2024070901025078,SMH,38,49,40.0,793.9,31756.0,2024-07-09
2024070903025652,FMDBL,4,34,100.0,694.9,69490.0,2024-07-09
2024070905005554,NIFRA,6,57,50.0,207.7,10385.0,2024-07-09
2024070903025651,LBBL,85,46,430.0,415.2,178536.0,2024-07-09
2024070904009920,CHL,48,49,251.0,314.9,79039.9,2024-07-09
2024070904009919,CHL,48,34,100.0,314.9,31490.0,2024-07-09
2024070904009918,CHL,48,38,20.0,314.8,6296.0,2024-07-09
2024070904009917,CHL,48,8,10.0,314.0,3140.0,2024-07-09
2024070904009916,CHL,48,19,19.0,314.0,5966.0,2024-07-09
2024070903025650,JFL,72,39,10.0,706.0,7060.0,2024-07-09
2024070901025077,TSHL,6,42,10.0,577.0,5770.0,2024-07-09
2024070903025649,SFCL,49,67,427.0,450.9,192534.3,2024-07-09
2024070903025648,SFCL,43,67,23.0,451.0,10373.0,2024-07-09
2024070903025647,SFCL,17,67,50.0,451.0,22550.0,2024-07-09
2024070901025076,CLI,6,16,300.0,523.6,157080.0,2024-07-09
2024070901025075,MCHL,52,17,10.0,427.9,4279.0,2024-07-09
2024070901025074,MCHL,52,49,10.0,426.0,4260.0,2024-07-09
2024070901025073,MCHL,52,49,10.0,426.0,4260.0,2024-07-09
2024070901025072,DOLTI,88,29,220.0,428.4,94248.0,2024-07-09
2024070901025071,DOLTI,88,54,500.0,428.3,214150.0,2024-07-09
2024070901025070,DOLTI,88,33,250.0,428.2,107050.0,2024-07-09
2024070901025069,DOLTI,88,7,30.0,427.9,12837.0,2024-07-09
2024070905005553,CHDC,32,44,10.0,1100.0,11000.0,2024-07-09
2024070901025068,CITY,88,45,420.0,743.2,312144.0,2024-07-09
2024070901025067,CITY,34,45,50.0,743.3,37165.0,2024-07-09
2024070901025066,ADBL,45,45,39.0,285.2,11122.8,2024-07-09
2024070901025065,ADBL,45,45,400.0,285.3,114120.0,2024-07-09
2024070901025064,ADBL,41,45,20.0,285.4,5708.0,2024-07-09
2024070901025063,ADBL,17,45,500.0,285.4,142700.0,2024-07-09
2024070901025062,ADBL,17,45,41.0,285.4,11701.4,2024-07-09
2024070901025061,KBSH,49,26,10.0,1449.9,14499.0,2024-07-09
2024070903025646,GUFL,17,57,20.0,698.0,13960.0,2024-07-09
2024070903025645,GUFL,17,57,30.0,698.0,20940.0,2024-07-09
2024070901025060,SONA,14,58,10.0,449.0,4490.0,2024-07-09
2024070901025059,SONA,14,14,40.0,449.0,17960.0,2024-07-09
2024070901025058,NBL,41,41,4550.0,219.9,1000545.0,2024-07-09
2024070901025057,NBL,41,7,450.0,219.9,98955.0,2024-07-09
2024070903025644,HLI,8,3,180.0,381.0,68580.0,2024-07-09
2024070903025643,HLI,8,57,120.0,381.0,45720.0,2024-07-09
2024070903025642,ACLBSL,35,34,350.0,1256.0,439600.0,2024-07-09
2024070905005552,SMATA,29,38,20.0,1008.1,20162.0,2024-07-09
2024070905005551,SMATA,32,38,100.0,1010.0,101000.0,2024-07-09
2024070901025056,NWCL,48,38,26.0,877.2,22807.2,2024-07-09
2024070903025641,MLBSL,34,34,18.0,2120.0,38160.0,2024-07-09
2024070903025640,MLBSL,34,48,20.0,2100.0,42000.0,2024-07-09
2024070903025639,MLBSL,34,51,19.0,2095.0,39805.0,2024-07-09
2024070903025638,MLBSL,34,17,58.0,2094.0,121452.0,2024-07-09
2024070901025055,NIMB,29,65,409.0,159.0,65031.0,2024-07-09
2024070903025637,MFIL,16,65,111.0,610.4,67754.4,2024-07-09
2024070903025636,MFIL,57,65,432.0,610.4,263692.8,2024-07-09
2024070903025635,MFIL,45,65,100.0,610.5,61050.0,2024-07-09
2024070903025634,MFIL,57,65,757.0,610.9,462451.3,2024-07-09
2024070904009915,HDHPC,25,22,127.0,130.0,16510.0,2024-07-09
2024070903025633,CFCL,58,43,27.0,521.1,14069.7,2024-07-09
2024070905005550,NRIC,49,18,32.0,680.0,21760.0,2024-07-09
2024070901025054,RAWA,77,48,20.0,570.0,11400.0,2024-07-09
2024070901025053,RAWA,77,44,90.0,570.0,51300.0,2024-07-09
2024070901025052,RAWA,77,35,10.0,570.0,5700.0,2024-07-09
2024070901025051,RAWA,77,7,20.0,569.2,11384.0,2024-07-09
2024070901025050,RAWA,77,1,40.0,569.0,22760.0,2024-07-09
2024070901025049,RAWA,77,35,10.0,568.0,5680.0,2024-07-09
2024070901025048,RAWA,77,42,10.0,568.0,5680.0,2024-07-09
2024070903025632,EDBL,3,19,10.0,462.0,4620.0,2024-07-09
2024070903025631,RSDC,58,42,78.0,687.0,53586.0,2024-07-09
2024070901025047,SBL,38,42,56.0,266.0,14896.0,2024-07-09
2024070904009914,CHCL,3,56,200.0,442.0,88400.0,2024-07-09
2024070901025046,MMKJL,58,10,10.0,497.0,4970.0,2024-07-09
2024070901025045,MMKJL,58,35,10.0,497.0,4970.0,2024-07-09
2024070901025044,MMKJL,58,42,200.0,495.0,99000.0,2024-07-09
2024070901025043,MMKJL,58,34,10.0,495.0,4950.0,2024-07-09
2024070901025042,MMKJL,58,6,140.0,495.0,69300.0,2024-07-09
2024070901025041,MMKJL,58,7,250.0,494.9,123725.0,2024-07-09
2024070901025040,MMKJL,58,6,225.0,493.0,110925.0,2024-07-09
2024070901025039,MMKJL,58,39,100.0,492.9,49290.0,2024-07-09
2024070901025038,MKCL,28,69,20.0,1312.0,26240.0,2024-07-09
2024070905005549,NRN,16,33,150.0,735.0,110250.0,2024-07-09
2024070901025037,AHL,52,1,10.0,520.0,5200.0,2024-07-09
2024070901025036,BEDC,52,14,100.0,426.0,42600.0,2024-07-09
2024070904009913,NHPC,32,1,10.0,143.0,1430.0,2024-07-09
2024070901025035,RHGCL,32,39,10.0,347.9,3479.0,2024-07-09
2024070901025034,RHGCL,32,26,200.0,347.0,69400.0,2024-07-09
2024070901025033,RHGCL,32,44,10.0,347.0,3470.0,2024-07-09
2024070901025032,RHGCL,32,22,10.0,346.0,3460.0,2024-07-09
2024070901025031,RHGCL,32,87,100.0,346.0,34600.0,2024-07-09
2024070901025030,RHGCL,32,41,10.0,345.0,3450.0,2024-07-09
2024070901025029,RHGCL,32,45,10.0,345.0,3450.0,2024-07-09
2024070901025028,RHGCL,32,21,450.0,345.0,155250.0,2024-07-09
2024070901025027,RHGCL,32,57,600.0,344.0,206400.0,2024-07-09
2024070903025630,RLFL,32,17,100.0,460.0,46000.0,2024-07-09
2024070903025629,RLFL,32,22,34.0,460.0,15640.0,2024-07-09
2024070903025628,RLFL,32,26,150.0,459.9,68985.0,2024-07-09
2024070901025026,GVL,66,69,100.0,599.0,59900.0,2024-07-09
2024070901025025,SBL,50,32,11.0,266.5,2931.5,2024-07-09
2024070903025627,MLBL,47,38,100.0,357.0,35700.0,2024-07-09
2024070901025024,KDL,44,71,50.0,1164.0,58200.0,2024-07-09
2024070904009912,RADHI,29,74,200.0,255.0,51000.0,2024-07-09
2024070903025626,MFIL,34,49,188.0,612.0,115056.0,2024-07-09
2024070903025625,MFIL,34,32,100.0,612.0,61200.0,2024-07-09
2024070903025624,MFIL,34,45,582.0,612.0,356184.0,2024-07-09
2024070903025623,MFIL,34,17,130.0,611.0,79430.0,2024-07-09
2024070901025023,USHEC,26,17,10.0,468.7,4687.0,2024-07-09
2024070901025022,USHEC,26,34,10.0,465.0,4650.0,2024-07-09
2024070901025021,SPHL,72,28,30.0,565.0,16950.0,2024-07-09
2024070901025020,SPHL,72,21,170.0,564.9,96033.0,2024-07-09
2024070905005548,HRL,58,40,18.0,564.9,10168.2,2024-07-09
2024070903025622,SMB,58,32,50.0,1805.0,90250.0,2024-07-09
2024070905005547,MMF1,58,28,2000.0,7.47,14940.0,2024-07-09
2024070901025019,SMH,16,49,10.0,793.9,7939.0,2024-07-09
2024070904009911,NLG,28,38,54.0,777.7,41995.8,2024-07-09
2024070904009910,AKPL,45,33,1610.0,163.1,262591.0,2024-07-09
2024070903025621,FMDBL,57,14,100.0,694.0,69400.0,2024-07-09
2024070901025018,MKCL,28,69,20.0,1312.0,26240.0,2024-07-09
2024070901025017,MKCL,96,69,50.0,1312.1,65605.0,2024-07-09
2024070903025620,NMBMF,65,7,140.0,777.0,108780.0,2024-07-09
2024070904009909,API,28,41,200.0,171.0,34200.0,2024-07-09
2024070903025619,JFL,41,46,100.0,693.6,69360.0,2024-07-09
2024070903025618,JFL,41,84,100.0,693.6,69360.0,2024-07-09
2024070903025617,JFL,41,44,85.0,693.6,58956.0,2024-07-09
2024070903025616,JFL,41,58,100.0,693.6,69360.0,2024-07-09
2024070903025615,JFL,41,41,100.0,693.6,69360.0,2024-07-09
2024070903025614,JFL,41,47,200.0,693.6,138720.0,2024-07-09
2024070903025613,JFL,41,45,110.0,693.6,76296.0,2024-07-09
2024070903025612,JFL,41,32,474.0,693.6,328766.4,2024-07-09
2024070903025611,JFL,41,32,10.0,693.6,6936.0,2024-07-09
2024070903025610,JFL,41,10,50.0,693.6,34680.0,2024-07-09
2024070903025609,JFL,41,45,200.0,693.0,138600.0,2024-07-09
2024070903025608,JFL,41,40,200.0,693.0,138600.0,2024-07-09
2024070903025607,JFL,41,58,2945.0,693.0,2040885.0,2024-07-09
2024070903025606,JFL,41,16,2000.0,693.0,1386000.0,2024-07-09
2024070903025605,JFL,41,43,100.0,690.0,69000.0,2024-07-09
2024070903025604,JFL,41,3,300.0,690.0,207000.0,2024-07-09
2024070903025603,JFL,41,57,920.0,690.0,634800.0,2024-07-09
2024070903025602,JFL,41,19,202.0,689.5,139279.0,2024-07-09
2024070903025601,JFL,41,46,150.0,686.6,102990.0,2024-07-09
2024070903025600,JFL,41,57,50.0,686.6,34330.0,2024-07-09
2024070903025599,JFL,41,7,500.0,686.3,343150.0,2024-07-09
2024070903025598,JFL,41,88,200.0,686.0,137200.0,2024-07-09
2024070903025597,JFL,41,19,500.0,686.0,343000.0,2024-07-09
2024070903025596,JFL,41,38,115.0,686.0,78890.0,2024-07-09
2024070903025595,JFL,41,26,150.0,686.0,102900.0,2024-07-09
2024070903025594,JFL,41,58,1000.0,686.0,686000.0,2024-07-09
2024070903025593,JFL,41,8,130.0,686.0,89180.0,2024-07-09
2024070903025592,JFL,41,50,100.0,685.3,68530.0,2024-07-09
2024070903025591,JFL,41,42,400.0,685.3,274120.0,2024-07-09
2024070903025590,JFL,41,71,10.0,685.3,6853.0,2024-07-09
2024070903025589,JFL,41,57,500.0,685.0,342500.0,2024-07-09
2024070903025588,JFL,41,96,500.0,685.0,342500.0,2024-07-09
2024070903025587,JFL,41,6,300.0,685.0,205500.0,2024-07-09
2024070903025586,JFL,41,34,200.0,685.0,137000.0,2024-07-09
2024070903025585,JFL,41,54,300.0,685.0,205500.0,2024-07-09
2024070903025584,JFL,41,32,100.0,685.0,68500.0,2024-07-09
2024070903025583,JFL,41,71,500.0,685.0,342500.0,2024-07-09
2024070903025582,JFL,41,58,20.0,685.0,13700.0,2024-07-09
2024070903025581,JFL,41,88,300.0,685.0,205500.0,2024-07-09
2024070903025580,JFL,41,55,1950.0,685.0,1335750.0,2024-07-09
2024070903025579,JFL,41,60,501.0,685.0,343185.0,2024-07-09
2024070904009908,RIDI,41,41,29.0,164.3,4764.7,2024-07-09
2024070903025578,JFL,41,41,1000.0,685.0,685000.0,2024-07-09
2024070903025577,JFL,41,6,50.0,685.0,34250.0,2024-07-09
2024070903025576,JFL,41,56,100.0,685.0,68500.0,2024-07-09
2024070903025575,JFL,41,22,100.0,685.0,68500.0,2024-07-09
2024070903025574,JFL,41,66,926.0,685.0,634310.0,2024-07-09
2024070903025573,JFL,41,70,300.0,684.1,205230.0,2024-07-09
2024070903025572,JFL,41,74,100.0,684.0,68400.0,2024-07-09
2024070903025571,JFL,41,71,10.0,684.0,6840.0,2024-07-09
2024070903025570,JFL,41,32,10.0,683.4,6834.0,2024-07-09
2024070903025569,JFL,41,56,300.0,683.4,205020.0,2024-07-09
2024070903025568,JFL,41,57,25.0,683.4,17085.0,2024-07-09
2024070903025567,JFL,41,35,400.0,683.0,273200.0,2024-07-09
2024070903025566,JFL,41,88,300.0,683.0,204900.0,2024-07-09
2024070903025565,JFL,41,6,500.0,683.0,341500.0,2024-07-09
2024070903025564,JFL,41,21,50.0,683.0,34150.0,2024-07-09
2024070903025563,JFL,41,58,50.0,683.0,34150.0,2024-07-09
2024070903025562,JFL,41,21,50.0,683.0,34150.0,2024-07-09
2024070903025561,JFL,41,71,10.0,682.0,6820.0,2024-07-09
2024070903025560,JFL,41,71,10.0,681.0,6810.0,2024-07-09
2024070903025559,JFL,41,58,2500.0,680.3,1700750.0,2024-07-09
2024070903025558,JFL,41,45,300.0,680.3,204090.0,2024-07-09
2024070903025557,JFL,41,35,144.0,680.0,97920.0,2024-07-09
2024070903025556,JFL,41,55,50.0,680.0,34000.0,2024-07-09
2024070903025555,JFL,41,6,200.0,680.0,136000.0,2024-07-09
2024070903025554,JFL,41,40,400.0,680.0,272000.0,2024-07-09
2024070903025553,JFL,41,6,2000.0,680.0,1360000.0,2024-07-09
2024070903025552,JFL,41,88,100.0,680.0,68000.0,2024-07-09
2024070903025551,JFL,41,58,135.0,680.0,91800.0,2024-07-09
2024070903025550,JFL,41,71,10.0,680.0,6800.0,2024-07-09
2024070903025549,JFL,41,6,500.0,679.0,339500.0,2024-07-09
2024070903025548,JFL,41,45,500.0,678.3,339150.0,2024-07-09
2024070903025547,JFL,41,48,100.0,678.3,67830.0,2024-07-09
2024070903025546,JFL,41,71,200.0,678.3,135660.0,2024-07-09
2024070903025545,JFL,41,58,115.0,678.3,78004.5,2024-07-09
2024070903025544,JFL,41,22,300.0,678.3,203490.0,2024-07-09
2024070903025543,JFL,41,63,200.0,678.3,135660.0,2024-07-09
2024070903025542,JFL,41,91,1000.0,678.3,678300.0,2024-07-09
2024070903025541,JFL,41,46,20.0,678.3,13566.0,2024-07-09
2024070903025540,JFL,41,19,100.0,678.3,67830.0,2024-07-09
2024070903025539,JFL,41,43,20.0,678.3,13566.0,2024-07-09
2024070903025538,JFL,41,18,100.0,678.0,67800.0,2024-07-09
2024070903025537,JFL,41,88,300.0,678.0,203400.0,2024-07-09
2024070903025536,JFL,41,34,200.0,678.0,135600.0,2024-07-09
2024070903025535,JFL,41,32,300.0,678.0,203400.0,2024-07-09
2024070903025534,JFL,41,49,100.0,678.0,67800.0,2024-07-09
2024070903025533,JFL,41,6,500.0,678.0,339000.0,2024-07-09
2024070903025532,JFL,41,58,150.0,678.0,101700.0,2024-07-09
2024070903025531,JFL,41,71,200.0,678.0,135600.0,2024-07-09
2024070903025530,JFL,41,81,500.0,678.0,339000.0,2024-07-09
2024070903025529,JFL,41,53,210.0,678.0,142380.0,2024-07-09
2024070903025528,JFL,41,39,500.0,678.0,339000.0,2024-07-09
2024070903025527,JFL,41,39,1000.0,678.0,678000.0,2024-07-09
2024070903025526,JFL,41,44,50.0,678.0,33900.0,2024-07-09
2024070903025525,JFL,41,13,150.0,678.0,101700.0,2024-07-09
2024070903025524,JFL,41,41,46.0,678.0,31188.0,2024-07-09
2024070903025523,JFL,41,3,100.0,678.0,67800.0,2024-07-09
2024070903025522,JFL,41,58,170.0,678.0,115260.0,2024-07-09
2024070903025521,JFL,41,32,500.0,678.0,339000.0,2024-07-09
2024070903025520,JFL,41,34,100.0,678.0,67800.0,2024-07-09
2024070903025519,JFL,41,58,15.0,677.2,10158.0,2024-07-09
2024070903025518,JFL,41,52,50.0,677.2,33860.0,2024-07-09
2024070903025517,JFL,41,7,50.0,677.2,33860.0,2024-07-09
2024070903025516,JFL,41,4,10.0,677.2,6772.0,2024-07-09
2024070903025515,JFL,41,29,85.0,677.1,57553.5,2024-07-09
2024070903025514,JFL,41,43,25.0,677.0,16925.0,2024-07-09
2024070903025513,JFL,41,58,170.0,677.0,115090.0,2024-07-09
2024070903025512,JFL,41,71,10.0,677.0,6770.0,2024-07-09
2024070903025511,JFL,41,55,50.0,677.0,33850.0,2024-07-09
2024070903025510,JFL,41,39,30.0,676.2,20286.0,2024-07-09
2024070903025509,JFL,41,48,170.0,676.2,114954.0,2024-07-09
2024070903025508,JFL,41,16,100.0,676.0,67600.0,2024-07-09
2024070903025507,JFL,41,6,20.0,676.0,13520.0,2024-07-09
2024070903025506,JFL,41,45,100.0,676.0,67600.0,2024-07-09
2024070903025505,JFL,41,57,100.0,676.0,67600.0,2024-07-09
2024070903025504,JFL,41,34,550.0,676.0,371800.0,2024-07-09
2024070903025503,JFL,41,58,25.0,676.0,16900.0,2024-07-09
2024070903025502,JFL,41,71,10.0,676.0,6760.0,2024-07-09
2024070903025501,JFL,41,53,12.0,675.9,8110.8,2024-07-09
2024070903025500,JFL,41,58,11.0,675.2,7427.2,2024-07-09
2024070903025499,JFL,41,32,100.0,675.1,67510.0,2024-07-09
2024070903025498,JFL,41,46,200.0,675.0,135000.0,2024-07-09
2024070903025497,JFL,41,60,500.0,675.0,337500.0,2024-07-09
2024070903025496,JFL,41,55,1000.0,675.0,675000.0,2024-07-09
2024070903025495,JFL,41,34,500.0,675.0,337500.0,2024-07-09
2024070903025494,JFL,41,11,250.0,675.0,168750.0,2024-07-09
2024070903025493,JFL,41,32,20.0,675.0,13500.0,2024-07-09
2024070903025492,JFL,41,49,200.0,675.0,135000.0,2024-07-09
2024070903025491,JFL,41,11,50.0,675.0,33750.0,2024-07-09
2024070903025490,JFL,41,17,200.0,675.0,135000.0,2024-07-09
2024070903025489,JFL,41,38,500.0,675.0,337500.0,2024-07-09
2024070903025488,JFL,41,86,10.0,675.0,6750.0,2024-07-09
2024070903025487,JFL,41,19,100.0,675.0,67500.0,2024-07-09
2024070903025486,JFL,41,43,500.0,675.0,337500.0,2024-07-09
2024070903025485,JFL,41,6,400.0,675.0,270000.0,2024-07-09
2024070903025484,JFL,41,16,200.0,675.0,135000.0,2024-07-09
2024070903025483,JFL,41,41,110.0,675.0,74250.0,2024-07-09
2024070903025482,JFL,41,11,50.0,674.5,33725.0,2024-07-09
2024070903025481,JFL,41,53,10.0,674.2,6742.0,2024-07-09
2024070903025480,JFL,41,48,100.0,674.1,67410.0,2024-07-09
2024070903025479,JFL,41,63,200.0,674.0,134800.0,2024-07-09
2024070903025478,JFL,41,35,1500.0,674.0,1011000.0,2024-07-09
2024070903025477,JFL,41,88,300.0,674.0,202200.0,2024-07-09
2024070903025476,JFL,41,71,10.0,674.0,6740.0,2024-07-09
2024070903025475,JFL,41,6,100.0,674.0,67400.0,2024-07-09
2024070903025474,JFL,41,6,200.0,674.0,134800.0,2024-07-09
2024070903025473,JFL,41,6,50.0,674.0,33700.0,2024-07-09
2024070903025472,JFL,41,6,500.0,674.0,337000.0,2024-07-09
2024070903025471,JFL,41,52,500.0,674.0,337000.0,2024-07-09
2024070903025470,JFL,41,6,500.0,674.0,337000.0,2024-07-09
2024070903025469,JFL,41,6,250.0,674.0,168500.0,2024-07-09
2024070903025468,JFL,41,6,200.0,674.0,134800.0,2024-07-09
2024070903025467,JFL,41,40,221.0,674.0,148954.0,2024-07-09
2024070903025466,JFL,41,7,100.0,673.2,67320.0,2024-07-09
2024070903025465,JFL,41,58,400.0,673.2,269280.0,2024-07-09
2024070903025464,JFL,41,63,300.0,673.2,201960.0,2024-07-09
2024070903025463,JFL,41,57,150.0,673.2,100980.0,2024-07-09
2024070903025462,JFL,41,45,100.0,673.2,67320.0,2024-07-09
2024070903025461,JFL,41,5,100.0,673.2,67320.0,2024-07-09
2024070903025460,JFL,41,57,700.0,673.2,471240.0,2024-07-09
2024070903025459,JFL,41,34,100.0,673.2,67320.0,2024-07-09
2024070903025458,JFL,41,59,100.0,673.1,67310.0,2024-07-09
2024070903025457,JFL,41,28,300.0,673.1,201930.0,2024-07-09
2024070903025456,JFL,41,58,600.0,673.1,403860.0,2024-07-09
2024070903025455,JFL,41,1,200.0,673.0,134600.0,2024-07-09
2024070903025454,JFL,41,33,500.0,673.0,336500.0,2024-07-09
2024070903025453,JFL,41,57,1500.0,673.0,1009500.0,2024-07-09
2024070903025452,JFL,41,34,400.0,673.0,269200.0,2024-07-09
2024070903025451,JFL,41,14,2000.0,673.0,1346000.0,2024-07-09
2024070903025450,JFL,41,71,400.0,673.0,269200.0,2024-07-09
2024070903025449,JFL,41,87,100.0,673.0,67300.0,2024-07-09
2024070903025448,JFL,41,87,26.0,673.0,17498.0,2024-07-09
2024070903025447,JFL,41,58,200.0,673.0,134600.0,2024-07-09
2024070903025446,JFL,41,14,100.0,672.1,67210.0,2024-07-09
2024070903025445,JFL,41,32,300.0,672.1,201630.0,2024-07-09
2024070903025444,JFL,41,65,250.0,672.1,168025.0,2024-07-09
2024070903025443,JFL,41,28,200.0,672.1,134420.0,2024-07-09
2024070903025442,JFL,41,56,500.0,672.0,336000.0,2024-07-09
2024070903025441,JFL,41,56,500.0,672.0,336000.0,2024-07-09
2024070903025440,JFL,41,72,2000.0,672.0,1344000.0,2024-07-09
2024070903025439,JFL,41,25,100.0,672.0,67200.0,2024-07-09
2024070903025438,JFL,41,88,300.0,672.0,201600.0,2024-07-09
2024070903025437,JFL,41,65,2000.0,672.0,1344000.0,2024-07-09
2024070903025436,JFL,41,58,120.0,672.0,80640.0,2024-07-09
2024070903025435,JFL,41,3,200.0,672.0,134400.0,2024-07-09
2024070903025434,JFL,41,26,300.0,672.0,201600.0,2024-07-09
2024070903025433,JFL,41,20,25.0,672.0,16800.0,2024-07-09
2024070903025432,JFL,41,6,200.0,672.0,134400.0,2024-07-09
2024070903025431,JFL,41,38,100.0,671.0,67100.0,2024-07-09
2024070903025430,JFL,41,21,147.0,670.1,98504.7,2024-07-09
2024070903025429,JFL,41,38,100.0,670.0,67000.0,2024-07-09
2024070903025428,JFL,41,41,50.0,670.0,33500.0,2024-07-09
2024070903025427,JFL,41,34,550.0,670.0,368500.0,2024-07-09
2024070903025426,JFL,41,32,505.0,670.0,338350.0,2024-07-09
2024070903025425,JFL,41,25,100.0,670.0,67000.0,2024-07-09
2024070903025424,JFL,41,1,50.0,670.0,33500.0,2024-07-09
2024070903025423,JFL,41,42,200.0,670.0,134000.0,2024-07-09
2024070903025422,JFL,41,6,200.0,670.0,134000.0,2024-07-09
2024070903025421,JFL,41,17,100.0,670.0,67000.0,2024-07-09
2024070903025420,JFL,41,25,400.0,669.0,267600.0,2024-07-09
2024070903025419,JFL,41,34,500.0,669.0,334500.0,2024-07-09
2024070903025418,JFL,41,45,175.0,668.0,116900.0,2024-07-09
2024070903025417,JFL,41,70,257.0,668.0,171676.0,2024-07-09
2024070903025416,JFL,41,29,630.0,668.0,420840.0,2024-07-09
2024070903025415,JFL,41,56,100.0,668.0,66800.0,2024-07-09
2024070903025414,JFL,41,57,125.0,668.0,83500.0,2024-07-09
2024070903025413,JFL,41,34,100.0,668.0,66800.0,2024-07-09
2024070903025412,JFL,41,17,100.0,668.0,66800.0,2024-07-09
2024070903025411,JFL,41,21,100.0,668.0,66800.0,2024-07-09
2024070903025410,JFL,41,58,50.0,666.1,33305.0,2024-07-09
2024070903025409,JFL,41,44,310.0,666.0,206460.0,2024-07-09
2024070903025408,JFL,41,45,450.0,665.0,299250.0,2024-07-09
2024070903025407,JFL,41,49,25.0,665.0,16625.0,2024-07-09
2024070903025406,JFL,41,53,607.0,665.0,403655.0,2024-07-09
2024070903025405,JFL,41,42,200.0,665.0,133000.0,2024-07-09
2024070903025404,JFL,41,49,350.0,665.0,232750.0,2024-07-09
2024070903025403,JFL,41,65,150.0,665.0,99750.0,2024-07-09
2024070903025402,JFL,41,45,575.0,665.0,382375.0,2024-07-09
2024070903025401,JFL,41,22,100.0,664.0,66400.0,2024-07-09
2024070903025400,JFL,41,58,415.0,664.0,275560.0,2024-07-09
2024070903025399,JFL,41,38,660.0,663.9,438174.0,2024-07-09
2024070903025398,JFL,41,38,321.0,663.0,212823.0,2024-07-09
2024070903025397,JFL,41,4,300.0,660.0,198000.0,2024-07-09
2024070903025396,JFL,41,34,20.0,660.0,13200.0,2024-07-09
2024070903025395,JFL,41,14,150.0,660.0,99000.0,2024-07-09
2024070903025394,JFL,41,22,57.0,660.0,37620.0,2024-07-09
2024070903025393,JFL,41,6,100.0,660.0,66000.0,2024-07-09
2024070903025392,JFL,41,53,300.0,660.0,198000.0,2024-07-09
2024070903025391,JFL,41,4,100.0,660.0,66000.0,2024-07-09
2024070903025390,JFL,41,58,22.0,660.0,14520.0,2024-07-09
2024070903025389,JFL,41,42,1790.0,660.0,1181400.0,2024-07-09
2024070903025388,JFL,41,47,100.0,660.0,66000.0,2024-07-09
2024070903025387,JFL,41,1,285.0,660.0,188100.0,2024-07-09
2024070903025386,JFL,41,49,1000.0,659.9,659900.0,2024-07-09
2024070903025385,JFL,41,41,50.0,659.0,32950.0,2024-07-09
2024070903025384,JFL,41,35,100.0,656.0,65600.0,2024-07-09
2024070903025383,JFL,41,26,70.0,655.0,45850.0,2024-07-09
2024070903025382,JFL,41,21,200.0,655.0,131000.0,2024-07-09
2024070903025381,JFL,41,46,50.0,655.0,32750.0,2024-07-09
2024070904009907,JOSHI,70,41,50.0,291.2,14560.0,2024-07-09
2024070904009906,JOSHI,14,41,100.0,291.4,29140.0,2024-07-09
2024070903025380,JSLBB,1,70,50.0,1436.5,71825.0,2024-07-09
2024070901025016,CLI,6,58,100.0,523.6,52360.0,2024-07-09
2024070903025379,SLBBL,14,33,31.0,857.0,26567.0,2024-07-09
2024070901025015,GCIL,58,3,20.0,485.0,9700.0,2024-07-09
2024070905005546,HRL,58,40,109.0,564.9,61574.1,2024-07-09
2024070905005545,SMATA,32,54,50.0,1010.0,50500.0,2024-07-09
2024070901025014,MEL,11,6,100.0,222.0,22200.0,2024-07-09
2024070901025013,BNHC,49,55,50.0,659.0,32950.0,2024-07-09
2024070904009905,API,57,22,10.0,171.8,1718.0,2024-07-09
2024070905005544,NTC,57,57,88.0,821.1,72256.8,2024-07-09
2024070905005543,NTC,57,35,12.0,821.0,9852.0,2024-07-09
2024070903025378,KRBL,21,45,100.0,500.8,50080.0,2024-07-09
2024070901025012,SONA,33,14,460.0,449.0,206540.0,2024-07-09
2024070904009904,KPCL,14,85,200.0,453.0,90600.0,2024-07-09
2024070904009903,KPCL,57,85,6800.0,453.0,3080400.0,2024-07-09
2024070904009902,KPCL,5,85,1000.0,454.0,454000.0,2024-07-09
2024070904009901,KPCL,42,85,155.0,454.0,70370.0,2024-07-09
2024070904009900,KPCL,36,85,10.0,454.1,4541.0,2024-07-09
2024070904009899,KPCL,62,85,20.0,454.1,9082.0,2024-07-09
2024070904009898,UNHPL,51,6,10.0,237.0,2370.0,2024-07-09
2024070901025011,GVL,66,69,10.0,599.0,5990.0,2024-07-09
2024070903025377,SHINE,44,4,70.0,409.0,28630.0,2024-07-09
2024070903025376,NMLBBL,78,48,19.0,720.0,13680.0,2024-07-09
2024070903025375,NMLBBL,78,20,196.0,720.0,141120.0,2024-07-09
2024070903025374,NMLBBL,78,58,50.0,720.0,36000.0,2024-07-09
2024070903025373,NMLBBL,78,41,100.0,720.0,72000.0,2024-07-09
2024070903025372,NMLBBL,78,71,435.0,720.0,313200.0,2024-07-09
2024070903025371,NLIC,46,38,20.0,598.5,11970.0,2024-07-09
2024070905005542,CHDC,54,55,20.0,1100.0,22000.0,2024-07-09
2024070905005541,CHDC,54,55,50.0,1100.0,55000.0,2024-07-09
2024070905005540,HIDCL,29,47,50.0,169.6,8480.0,2024-07-09
2024070905005539,HIDCL,39,47,250.0,169.6,42400.0,2024-07-09
2024070901025010,BHL,48,58,10.0,348.4,3484.0,2024-07-09
2024070901025009,BHL,48,49,10.0,346.0,3460.0,2024-07-09
2024070901025008,AVYAN,36,52,25.0,977.0,24425.0,2024-07-09
2024070901025007,AVYAN,49,52,75.0,978.0,73350.0,2024-07-09
2024070901025006,MHL,32,48,10.0,555.0,5550.0,2024-07-09
2024070901025005,MHL,32,8,10.0,555.0,5550.0,2024-07-09
2024070901025004,MHL,32,4,10.0,555.0,5550.0,2024-07-09
2024070901025003,MHL,32,51,10.0,555.0,5550.0,2024-07-09
2024070901025002,MHL,32,39,10.0,555.0,5550.0,2024-07-09
2024070901025001,MHL,32,47,250.0,555.0,138750.0,2024-07-09
2024070901025000,MHL,32,32,10.0,554.0,5540.0,2024-07-09
2024070901024999,MHL,32,45,10.0,554.0,5540.0,2024-07-09
2024070901024998,MHL,32,38,10.0,554.0,5540.0,2024-07-09
2024070901024997,MHL,32,58,10.0,553.0,5530.0,2024-07-09
2024070901024996,MHL,32,52,10.0,552.5,5525.0,2024-07-09
2024070901024995,MHL,32,72,100.0,551.0,55100.0,2024-07-09
2024070901024994,CLI,6,34,500.0,523.6,261800.0,2024-07-09
2024070901024993,CLI,6,49,50.0,523.6,26180.0,2024-07-09
2024070901024992,CLI,6,58,10.0,523.5,5235.0,2024-07-09
2024070901024991,JBLB,6,36,44.0,1465.0,64460.0,2024-07-09
2024070901024990,MEHL,14,57,40.0,343.0,13720.0,2024-07-09
2024070901024989,MEHL,72,57,200.0,343.1,68620.0,2024-07-09
2024070901024988,MEHL,26,57,172.0,343.3,59047.6,2024-07-09
2024070903025370,SMB,49,32,28.0,1805.0,50540.0,2024-07-09
2024070901024987,SNLI,17,43,200.0,487.0,97400.0,2024-07-09
2024070903025369,JFL,35,14,190.0,652.0,123880.0,2024-07-09
2024070901024986,CITY,51,65,30.0,745.0,22350.0,2024-07-09
2024070901024985,SNLI,51,43,100.0,487.0,48700.0,2024-07-09
2024070905005538,NTC,34,35,148.0,821.0,121508.0,2024-07-09
2024070904009897,NGPL,38,47,410.0,327.6,134316.0,2024-07-09
2024070904009896,NGPL,38,17,90.0,327.5,29475.0,2024-07-09
2024070901024984,CITY,54,65,20.0,745.0,14900.0,2024-07-09
2024070901024983,NRM,41,38,150.0,444.0,66600.0,2024-07-09
2024070903025368,NICLBSL,34,41,10.0,679.0,6790.0,2024-07-09
2024070901024982,BNHC,71,55,100.0,659.0,65900.0,2024-07-09
2024070904009895,AKJCL,13,26,94.0,221.0,20774.0,2024-07-09
2024070904009894,AKJCL,35,26,500.0,221.0,110500.0,2024-07-09
2024070904009893,AKJCL,35,26,300.0,221.0,66300.0,2024-07-09
2024070904009892,AKJCL,48,26,1000.0,221.1,221100.0,2024-07-09
2024070904009891,AKJCL,69,26,106.0,221.3,23457.8,2024-07-09
2024070903025367,MLBL,47,48,100.0,357.0,35700.0,2024-07-09
2024070904009890,HPPL,19,1,10.0,283.5,2835.0,2024-07-09
2024070903025366,KSBBL,19,14,50.0,419.0,20950.0,2024-07-09
2024070903025365,KSBBL,19,4,450.0,419.0,188550.0,2024-07-09
2024070904009889,NGPL,42,17,10.0,327.5,3275.0,2024-07-09
2024070901024981,LSL,36,59,3150.0,162.0,510300.0,2024-07-09
2024070901024980,LSL,36,25,100.0,162.0,16200.0,2024-07-09
2024070901024979,LSL,36,11,50.0,161.9,8095.0,2024-07-09
2024070903025364,JBBL,4,74,483.0,319.0,154077.0,2024-07-09
2024070903025363,NMBMF,58,7,250.0,777.0,194250.0,2024-07-09
2024070904009888,HDHPC,25,58,100.0,130.0,13000.0,2024-07-09
2024070904009887,RIDI,6,41,130.0,164.3,21359.0,2024-07-09
2024070901024978,CZBIL,49,13,50.0,179.0,8950.0,2024-07-09
2024070903025362,GBBL,49,66,94.0,385.4,36227.6,2024-07-09
2024070903025361,GBBL,49,45,906.0,385.0,348810.0,2024-07-09
2024070903025360,GUFL,86,57,15.0,697.6,10464.0,2024-07-09
2024070904009886,HURJA,45,45,670.0,185.0,123950.0,2024-07-09
2024070904009885,HURJA,45,45,830.0,185.0,153550.0,2024-07-09
2024070901024977,NRM,45,38,100.0,444.0,44400.0,2024-07-09
2024070904009884,NIL,26,50,100.0,816.0,81600.0,2024-07-09
2024070905005537,NRIC,49,35,13.0,680.0,8840.0,2024-07-09
2024070903025359,ACLBSL,35,34,96.0,1256.0,120576.0,2024-07-09
2024070903025358,ACLBSL,35,26,200.0,1256.0,251200.0,2024-07-09
2024070903025357,ACLBSL,35,45,54.0,1255.0,67770.0,2024-07-09
2024070901024976,CYCL,43,38,40.0,1669.1,66764.0,2024-07-09
2024070904009883,JOSHI,41,81,10.0,293.4,2934.0,2024-07-09
2024070905005536,HRL,34,4,180.0,565.0,101700.0,2024-07-09
2024070903025356,GFCL,47,34,50.0,621.0,31050.0,2024-07-09
2024070905005535,NIFRA,42,58,50.0,208.0,10400.0,2024-07-09
2024070901024975,NRM,36,38,100.0,444.0,44400.0,2024-07-09
2024070905005534,NRN,16,36,400.0,735.0,294000.0,2024-07-09
2024070901024974,GCIL,57,3,21.0,485.0,10185.0,2024-07-09
2024070903025355,NUBL,62,57,50.0,700.8,35040.0,2024-07-09
2024070901024973,TAMOR,19,85,480.0,430.0,206400.0,2024-07-09
2024070901024972,TAMOR,80,85,110.0,430.2,47322.0,2024-07-09
2024070901024971,TAMOR,41,85,410.0,431.0,176710.0,2024-07-09
2024070901024970,SAMAJ,5,8,10.0,3450.0,34500.0,2024-07-09
2024070901024969,SAMAJ,38,8,10.0,3450.0,34500.0,2024-07-09
2024070903025354,KRBL,65,39,85.0,501.0,42585.0,2024-07-09
2024070903025353,KRBL,65,36,215.0,501.0,107715.0,2024-07-09
2024070903025352,GBLBS,65,1,130.0,809.9,105287.0,2024-07-09
2024070903025351,GBLBS,65,25,20.0,809.9,16198.0,2024-07-09
2024070903025350,GBLBS,65,13,100.0,809.8,80980.0,2024-07-09
2024070903025349,GBLBS,65,13,100.0,809.7,80970.0,2024-07-09
2024070903025348,GBLBS,65,49,150.0,809.5,121425.0,2024-07-09
2024070903025347,LBBL,85,4,850.0,415.2,352920.0,2024-07-09
2024070903025346,LBBL,7,4,150.0,415.2,62280.0,2024-07-09
2024070901024968,PRVU,22,35,10.0,147.9,1479.0,2024-07-09
2024070901024967,DORDI,43,58,160.0,474.0,75840.0,2024-07-09
2024070901024966,DORDI,43,58,10.0,473.0,4730.0,2024-07-09
2024070901024965,DORDI,43,14,100.0,473.0,47300.0,2024-07-09
2024070901024964,ULHC,26,17,47.0,390.0,18330.0,2024-07-09
2024070903025345,BFC,72,39,10.0,502.0,5020.0,2024-07-09
2024070903025344,JBBL,4,21,500.0,319.0,159500.0,2024-07-09
2024070904009882,GHL,36,49,60.0,148.5,8910.0,2024-07-09
2024070904009881,GHL,36,17,330.0,148.4,48972.0,2024-07-09
2024070905005533,NRN,16,33,40.0,735.0,29400.0,2024-07-09
2024070905005532,NRN,49,33,25.0,735.0,18375.0,2024-07-09
2024070905005531,NRN,49,33,135.0,735.0,99225.0,2024-07-09
2024070903025343,LBBL,7,58,200.0,415.2,83040.0,2024-07-09
2024070903025342,PMLI,7,58,10.0,532.2,5322.0,2024-07-09
2024070905005530,SMATA,49,54,100.0,1010.0,101000.0,2024-07-09
2024070901024963,NICA,8,57,185.0,432.2,79957.0,2024-07-09
2024070901024962,NICA,55,57,25.0,432.3,10807.5,2024-07-09
2024070901024961,GVL,66,66,10.0,599.7,5997.0,2024-07-09
2024070903025341,GBBL,29,45,94.0,385.0,36190.0,2024-07-09
2024070903025340,GFCL,53,4,10.0,626.0,6260.0,2024-07-09
2024070903025339,MLBBL,42,44,12.0,1412.0,16944.0,2024-07-09
2024070905005529,ENL,45,43,10.0,1078.3,10783.0,2024-07-09
2024070901024960,SCB,41,25,123.0,583.8,71807.4,2024-07-09
2024070901024959,SCB,41,1,27.0,583.0,15741.0,2024-07-09
2024070903025338,SJLIC,41,41,50.0,413.0,20650.0,2024-07-09
2024070904009880,NGPL,7,47,438.0,327.6,143488.8,2024-07-09
2024070904009879,NGPL,7,14,100.0,327.0,32700.0,2024-07-09
2024070904009878,NGPL,7,44,1462.0,327.0,478074.0,2024-07-09
2024070903025337,NMLBBL,78,25,20.0,717.1,14342.0,2024-07-09
2024070903025336,NMFBS,58,62,34.0,1378.1,46855.4,2024-07-09
2024070901024958,SARBTM,52,49,31.0,796.0,24676.0,2024-07-09
2024070901024957,SARBTM,52,49,50.0,796.0,39800.0,2024-07-09
2024070901024956,SHLB,35,58,10.0,1906.0,19060.0,2024-07-09
2024070901024955,TVCL,60,49,239.0,477.0,114003.0,2024-07-09
2024070901024954,TVCL,48,49,500.0,477.1,238550.0,2024-07-09
2024070901024953,TVCL,48,49,500.0,477.5,238750.0,2024-07-09
2024070901024952,TVCL,34,49,50.0,478.0,23900.0,2024-07-09
2024070903025335,GUFL,86,50,70.0,697.6,48832.0,2024-07-09
2024070903025334,SDLBSL,48,35,30.0,1085.5,32565.0,2024-07-09
2024070901024951,IHL,5,29,450.0,455.3,204885.0,2024-07-09
2024070901024950,IHL,4,29,550.0,455.4,250470.0,2024-07-09
2024070905005528,NRN,41,41,60.0,735.0,44100.0,2024-07-09
2024070905005527,NRN,1,41,437.0,735.0,321195.0,2024-07-09
2024070905005526,NRN,50,41,500.0,735.5,367750.0,2024-07-09
2024070905005525,NRN,16,41,300.0,736.0,220800.0,2024-07-09
2024070905005524,NRN,16,41,700.0,736.0,515200.0,2024-07-09
2024070901024949,ADBL,42,48,100.0,286.0,28600.0,2024-07-09
2024070903025333,MLBL,47,62,150.0,357.0,53550.0,2024-07-09
2024070903025332,NICLBSL,62,41,10.0,679.0,6790.0,2024-07-09
2024070901024948,SGHC,58,16,100.0,331.0,33100.0,2024-07-09
2024070901024947,SGHC,56,16,900.0,331.1,297990.0,2024-07-09
2024070903025331,SWBBL,59,28,100.0,912.2,91220.0,2024-07-09
2024070904009877,SHEL,52,11,484.0,158.7,76810.8,2024-07-09
2024070904009876,SHEL,52,26,498.0,158.0,78684.0,2024-07-09
2024070901024946,UNLB,22,88,100.0,2207.0,220700.0,2024-07-09
2024070904009875,GHL,47,17,100.0,148.4,14840.0,2024-07-09
2024070904009874,SPDL,17,26,12.0,240.0,2880.0,2024-07-09
2024070903025330,MFIL,45,17,10.0,611.0,6110.0,2024-07-09
2024070903025329,SDLBSL,45,62,199.0,1086.0,216114.0,2024-07-09
2024070903025328,ACLBSL,35,45,47.0,1255.0,58985.0,2024-07-09
2024070903025327,ACLBSL,35,45,253.0,1254.0,317262.0,2024-07-09
2024070901024945,NABIL,32,1,50.0,490.2,24510.0,2024-07-09
2024070901024944,MAKAR,74,54,230.0,456.0,104880.0,2024-07-09
2024070901024943,MAKAR,74,54,150.0,456.1,68415.0,2024-07-09
2024070901024942,MAKAR,58,54,120.0,456.3,54756.0,2024-07-09
2024070901024941,MMKJL,35,39,415.0,490.0,203350.0,2024-07-09
2024070901024940,MMKJL,77,39,250.0,490.5,122625.0,2024-07-09
2024070901024939,HATHY,39,66,400.0,979.3,391720.0,2024-07-09
2024070903025326,PFL,71,56,500.0,592.0,296000.0,2024-07-09
2024070901024938,NABIL,19,58,10.0,490.5,4905.0,2024-07-09
2024070901024937,PBD88,39,36,100.0,1050.0,105000.0,2024-07-09
2024070901024936,SMJC,39,19,76.0,402.0,30552.0,2024-07-09
2024070901024935,SMJC,34,19,74.0,402.4,29777.6,2024-07-09
2024070901024934,SANIMA,7,19,174.0,262.2,45622.8,2024-07-09
2024070901024933,SANIMA,34,19,40.0,262.5,10500.0,2024-07-09
2024070901024932,SANIMA,43,19,78.0,263.1,20521.8,2024-07-09
2024070904009873,HPPL,21,36,288.0,282.5,81360.0,2024-07-09
2024070904009872,HPPL,3,36,12.0,283.0,3396.0,2024-07-09
2024070901024931,BHDC,25,88,242.0,570.0,137940.0,2024-07-09
2024070901024930,BHDC,58,88,135.0,570.2,76977.0,2024-07-09
2024070901024929,BHDC,13,88,200.0,570.4,114080.0,2024-07-09
2024070905005523,NTC,34,6,10.0,821.0,8210.0,2024-07-09
2024070901024928,MEL,83,58,10.0,221.0,2210.0,2024-07-09
2024070903025325,GLBSL,58,57,28.0,1907.0,53396.0,2024-07-09
2024070903025324,GLBSL,58,57,72.0,1907.0,137304.0,2024-07-09
2024070901024927,MEL,83,58,10.0,221.0,2210.0,2024-07-09
2024070901024926,NESDO,59,39,10.0,2131.0,21310.0,2024-07-09
2024070903025323,MSLB,34,49,19.0,1390.0,26410.0,2024-07-09
2024070903025322,MSLB,43,49,24.0,1390.0,33360.0,2024-07-09
2024070901024925,ILI,14,49,10.0,437.5,4375.0,2024-07-09
2024070903025321,ILBS,58,34,50.0,1240.0,62000.0,2024-07-09
2024070905005522,NRN,16,58,100.0,736.0,73600.0,2024-07-09
2024070901024924,GCIL,45,33,10.0,484.0,4840.0,2024-07-09
2024070904009871,NGPL,64,44,100.0,327.0,32700.0,2024-07-09
2024070905005521,NRN,54,34,600.0,737.0,442200.0,2024-07-09
2024070905005520,NRN,54,51,50.0,736.9,36845.0,2024-07-09
2024070903025320,RSDC,58,54,30.0,687.0,20610.0,2024-07-09
2024070903025319,SMFBS,34,46,10.0,1460.0,14600.0,2024-07-09
2024070901024923,USHEC,26,17,10.0,468.7,4687.0,2024-07-09
2024070901024922,USHEC,26,38,10.0,468.0,4680.0,2024-07-09
2024070901024921,USHEC,26,74,10.0,468.0,4680.0,2024-07-09
2024070903025318,JBBL,42,46,135.0,320.0,43200.0,2024-07-09
2024070903025317,JBBL,42,41,35.0,320.0,11200.0,2024-07-09
2024070903025316,JBBL,42,25,100.0,319.9,31990.0,2024-07-09
2024070903025315,JBBL,42,5,30.0,319.9,9597.0,2024-07-09
2024070904009870,MEN,21,36,300.0,573.5,172050.0,2024-07-09
2024070904009869,MEN,6,36,50.0,574.0,28700.0,2024-07-09
2024070904009868,MEN,45,36,60.0,574.0,34440.0,2024-07-09
2024070904009867,MEN,6,36,10.0,574.0,5740.0,2024-07-09
2024070904009866,MEN,54,36,29.0,574.0,16646.0,2024-07-09
2024070904009865,MEN,58,36,10.0,574.1,5741.0,2024-07-09
2024070904009864,RADHI,45,74,186.0,255.0,47430.0,2024-07-09
2024070903025314,SWBBL,35,38,100.0,913.9,91390.0,2024-07-09
2024070903025313,PROFL,88,45,81.0,425.3,34449.3,2024-07-09
2024070903025312,PROFL,47,45,100.0,425.3,42530.0,2024-07-09
2024070903025311,PROFL,88,45,319.0,425.4,135702.6,2024-07-09
2024070901024920,NRM,34,50,100.0,443.0,44300.0,2024-07-09
2024070904009863,LEC,16,35,40.0,181.9,7276.0,2024-07-09
2024070904009862,NGPL,26,44,100.0,327.0,32700.0,2024-07-09
2024070904009861,NGPL,16,44,1000.0,327.0,327000.0,2024-07-09
2024070904009860,NGPL,70,44,388.0,327.0,126876.0,2024-07-09
2024070903025310,SLBBL,14,41,20.0,857.0,17140.0,2024-07-09
2024070901024919,CLI,29,38,10.0,523.0,5230.0,2024-07-09
2024070904009859,KKHC,34,34,10.0,228.0,2280.0,2024-07-09
2024070903025309,MDB,39,58,10.0,561.9,5619.0,2024-07-09
2024070904009858,IGI,36,39,420.0,537.5,225750.0,2024-07-09
2024070904009857,IGI,45,39,500.0,537.7,268850.0,2024-07-09
2024070904009856,IGI,36,39,80.0,538.0,43040.0,2024-07-09
2024070905005519,NTC,34,56,10.0,821.0,8210.0,2024-07-09
2024070903025308,JBBL,4,55,392.0,319.0,125048.0,2024-07-09
2024070903025307,HLBSL,25,46,10.0,1278.0,12780.0,2024-07-09
2024070904009855,API,52,44,67.0,171.9,11517.3,2024-07-09
2024070904009854,API,52,58,10.0,171.8,1718.0,2024-07-09
2024070901024918,BNT,55,6,20.0,12651.0,253020.0,2024-07-09
2024070901024917,ILI,6,63,200.0,438.0,87600.0,2024-07-09
2024070901024916,MHCL,14,42,20.0,405.0,8100.0,2024-07-09
2024070901024915,MHCL,14,49,10.0,404.5,4045.0,2024-07-09
2024070903025306,FMDBL,57,58,100.0,694.9,69490.0,2024-07-09
2024070903025305,FMDBL,57,45,150.0,694.8,104220.0,2024-07-09
2024070903025304,FMDBL,57,48,100.0,694.8,69480.0,2024-07-09
2024070903025303,HLI,36,14,235.0,380.6,89441.0,2024-07-09
2024070903025302,HLI,52,14,15.0,380.7,5710.5,2024-07-09
2024070903025301,HLI,32,14,100.0,380.9,38090.0,2024-07-09
2024070903025300,CORBL,14,58,90.0,594.5,53505.0,2024-07-09
2024070903025299,SIFC,57,56,180.0,486.0,87480.0,2024-07-09
2024070901024914,PRVU,65,81,206.0,146.7,30220.2,2024-07-09
2024070901024913,PRVU,13,81,20.0,146.8,2936.0,2024-07-09
2024070901024912,PRVU,22,81,84.0,146.8,12331.2,2024-07-09
2024070903025298,VLBS,34,45,1000.0,1058.0,1058000.0,2024-07-09
2024070903025297,VLBS,74,45,179.0,1058.1,189399.9,2024-07-09
2024070903025296,ACLBSL,35,45,47.0,1254.0,58938.0,2024-07-09
2024070903025295,ACLBSL,35,39,59.0,1253.5,73956.5,2024-07-09
2024070903025294,ACLBSL,35,58,244.0,1253.5,305854.0,2024-07-09
2024070901024911,TSHL,6,35,10.0,577.0,5770.0,2024-07-09
2024070901024910,NWCL,58,65,10.0,878.8,8788.0,2024-07-09
2024070904009853,UMRH,25,22,150.0,422.0,63300.0,2024-07-09
2024070904009852,MHNL,33,38,100.0,235.6,23560.0,2024-07-09
2024070903025293,NLIC,54,38,350.0,598.5,209475.0,2024-07-09
2024070903025292,NADEP,58,34,46.0,870.0,40020.0,2024-07-09
2024070903025291,JFL,35,34,86.0,652.0,56072.0,2024-07-09
2024070903025290,JFL,38,34,500.0,652.1,326050.0,2024-07-09
2024070903025289,JFL,52,34,39.0,652.1,25431.9,2024-07-09
2024070903025288,JFL,21,34,85.0,653.0,55505.0,2024-07-09
2024070903025287,JFL,58,34,80.0,653.1,52248.0,2024-07-09
2024070903025286,JFL,35,34,200.0,653.2,130640.0,2024-07-09
2024070903025285,JFL,1,34,10.0,653.4,6534.0,2024-07-09
2024070904009851,NGPL,70,67,612.0,327.0,200124.0,2024-07-09
2024070904009850,NGPL,29,67,50.0,327.0,16350.0,2024-07-09
2024070904009849,NGPL,45,67,500.0,327.0,163500.0,2024-07-09
2024070904009848,NGPL,58,67,500.0,327.0,163500.0,2024-07-09
2024070904009847,NGPL,81,67,338.0,327.5,110695.0,2024-07-09
2024070904009846,RURU,6,19,100.0,640.0,64000.0,2024-07-09
2024070901024909,BHL,45,25,20.0,345.0,6900.0,2024-07-09
2024070901024908,BHL,43,25,30.0,345.0,10350.0,2024-07-09
2024070901024907,MEL,25,52,10.0,223.6,2236.0,2024-07-09
2024070901024906,RHGCL,32,57,100.0,344.0,34400.0,2024-07-09
2024070901024905,PRVU,22,49,400.0,146.8,58720.0,2024-07-09
2024070904009845,RBCL,49,56,10.0,13250.0,132500.0,2024-07-09
2024070905005518,NRN,16,44,100.0,736.0,73600.0,2024-07-09
2024070903025284,NMLBBL,29,48,20.0,718.5,14370.0,2024-07-09
2024070904009844,UPPER,29,43,36.0,158.0,5688.0,2024-07-09
2024070904009843,UPPER,59,43,1774.0,158.1,280469.4,2024-07-09
2024070904009842,UPPER,25,43,282.0,158.2,44612.4,2024-07-09
2024070901024904,MKHL,58,58,265.0,503.0,133295.0,2024-07-09
2024070905005517,CHDC,54,59,920.0,1100.0,1012000.0,2024-07-09
2024070905005516,CHDC,54,16,10.0,1100.0,11000.0,2024-07-09
2024070905005515,CHDC,54,13,10.0,1100.0,11000.0,2024-07-09
2024070905005514,CHDC,54,44,58.0,1100.0,63800.0,2024-07-09
2024070905005513,NMB50,7,57,100.0,10.24,1024.0,2024-07-09
2024070904009841,NGPL,81,19,20.0,327.5,6550.0,2024-07-09
2024070903025283,GBLBS,42,49,50.0,809.5,40475.0,2024-07-09
2024070903025282,GBLBS,42,7,50.0,809.0,40450.0,2024-07-09
2024070903025281,GBLBS,42,29,10.0,809.0,8090.0,2024-07-09
2024070903025280,GBLBS,42,16,90.0,809.0,72810.0,2024-07-09
2024070903025279,FMDBL,57,36,200.0,694.0,138800.0,2024-07-09
2024070903025278,FMDBL,49,36,300.0,694.0,208200.0,2024-07-09
2024070904009840,NICL,67,34,239.0,855.0,204345.0,2024-07-09
2024070904009839,NICL,56,34,20.0,857.0,17140.0,2024-07-09
2024070904009838,NICL,19,34,200.0,857.0,171400.0,2024-07-09
2024070904009837,NICL,57,34,41.0,857.1,35141.1,2024-07-09
2024070901024903,NABIL,32,17,50.0,490.2,24510.0,2024-07-09
2024070901024902,SMJC,34,63,100.0,402.4,40240.0,2024-07-09
2024070903025277,JBBL,4,57,100.0,319.0,31900.0,2024-07-09
2024070903025276,VLBS,74,44,416.0,1058.1,440169.6,2024-07-09
2024070903025275,JBBL,4,67,100.0,319.0,31900.0,2024-07-09
2024070903025274,JBBL,4,20,50.0,319.0,15950.0,2024-07-09
2024070903025273,JBBL,4,6,500.0,319.0,159500.0,2024-07-09
2024070903025272,JBBL,4,58,151.0,319.0,48169.0,2024-07-09
2024070903025271,JBBL,4,25,1043.0,319.0,332717.0,2024-07-09
2024070903025270,JBBL,4,26,140.0,318.9,44646.0,2024-07-09
2024070903025269,JBBL,4,53,1864.0,318.8,594243.2,2024-07-09
2024070904009836,PPCL,58,38,371.0,234.2,86888.2,2024-07-09
2024070901024901,GCIL,7,38,200.0,483.0,96600.0,2024-07-09
2024070903025268,MLBSL,39,17,54.0,2094.0,113076.0,2024-07-09
2024070903025267,MLBSL,39,74,21.0,2092.0,43932.0,2024-07-09
2024070903025266,HLI,48,57,30.0,381.0,11430.0,2024-07-09
2024070903025265,MDB,42,58,10.0,561.9,5619.0,2024-07-09
2024070901024900,RNLI,67,42,11.0,445.6,4901.6,2024-07-09
2024070905005512,NRN,16,36,100.0,736.0,73600.0,2024-07-09
2024070903025264,ICFC,6,25,180.0,617.2,111096.0,2024-07-09
2024070903025263,ICFC,50,25,50.0,617.3,30865.0,2024-07-09
2024070903025262,ICFC,21,25,100.0,617.3,61730.0,2024-07-09
2024070903025261,ICFC,45,25,20.0,617.3,12346.0,2024-07-09
2024070903025260,ICFC,49,25,100.0,617.3,61730.0,2024-07-09
2024070903025259,ICFC,45,25,200.0,618.0,123600.0,2024-07-09
2024070901024899,GVL,66,45,10.0,588.0,5880.0,2024-07-09
2024070903025258,JFL,45,4,5.0,655.0,3275.0,2024-07-09
2024070903025257,JFL,13,4,10.0,655.0,6550.0,2024-07-09
2024070903025256,MFIL,57,34,55.0,610.5,33577.5,2024-07-09
2024070901024898,SNLI,44,43,460.0,487.0,224020.0,2024-07-09
2024070901024897,SNLI,44,35,20.0,487.0,9740.0,2024-07-09
2024070904009835,NHPC,5,58,200.0,142.9,28580.0,2024-07-09
2024070901024896,GBIME,38,51,29.0,182.0,5278.0,2024-07-09
2024070901024895,GBIME,38,35,190.0,181.0,34390.0,2024-07-09
2024070903025255,SABSL,22,18,54.0,1068.0,57672.0,2024-07-09
2024070903025254,NLICL,25,39,10.0,559.0,5590.0,2024-07-09
2024070903025253,JSLBB,25,70,72.0,1436.5,103428.0,2024-07-09
2024070901024894,SONA,33,57,40.0,449.0,17960.0,2024-07-09
2024070901024893,JBLB,33,55,100.0,1467.0,146700.0,2024-07-09
2024070901024892,TVCL,34,32,150.0,478.0,71700.0,2024-07-09
2024070901024891,TVCL,52,32,40.0,478.0,19120.0,2024-07-09
2024070903025252,GBLBS,4,86,85.0,806.2,68527.0,2024-07-09
2024070903025251,GBLBS,50,86,15.0,806.2,12093.0,2024-07-09
2024070903025250,GBLBS,7,86,50.0,806.3,40315.0,2024-07-09
2024070903025249,GBLBS,19,86,100.0,806.6,80660.0,2024-07-09
2024070903025248,SLBSL,41,59,250.0,1260.3,315075.0,2024-07-09
2024070901024890,SGHC,56,57,100.0,331.1,33110.0,2024-07-09
2024070904009834,MEN,53,58,70.0,575.0,40250.0,2024-07-09
2024070903025247,SDLBSL,48,49,10.0,1085.5,10855.0,2024-07-09
2024070901024889,SPC,49,49,10.0,572.0,5720.0,2024-07-09
2024070901024888,SPC,49,22,80.0,571.0,45680.0,2024-07-09
2024070905005511,SMATA,4,49,15.0,1011.0,15165.0,2024-07-09
2024070903025246,SKBBL,13,11,23.0,825.2,18979.6,2024-07-09
2024070905005510,NTC,34,41,25.0,821.0,20525.0,2024-07-09
2024070901024887,SMJC,34,41,10.0,402.4,4024.0,2024-07-09
2024070903025245,PROFL,46,47,50.0,425.8,21290.0,2024-07-09
2024070905005509,HIDCL,39,34,31.0,170.0,5270.0,2024-07-09
2024070905005508,HIDCL,39,58,31.0,170.0,5270.0,2024-07-09
2024070905005507,HIDCL,39,39,294.0,170.0,49980.0,2024-07-09
2024070905005506,HIDCL,39,57,94.0,170.0,15980.0,2024-07-09
2024070905005505,HIDCL,39,35,50.0,169.7,8485.0,2024-07-09
2024070904009833,GLH,48,38,200.0,208.5,41700.0,2024-07-09
2024070903025244,LBBL,7,32,150.0,415.2,62280.0,2024-07-09
2024070901024886,SBL,38,32,1420.0,266.0,377720.0,2024-07-09
2024070901024885,HATHY,69,36,200.0,979.0,195800.0,2024-07-09
2024070901024884,HATHY,69,35,20.0,979.0,19580.0,2024-07-09
2024070901024883,HATHY,69,92,100.0,978.9,97890.0,2024-07-09
2024070901024882,HATHY,69,45,50.0,978.0,48900.0,2024-07-09
2024070901024881,HATHY,69,32,11.0,976.0,10736.0,2024-07-09
2024070901024880,HATHY,69,50,320.0,976.0,312320.0,2024-07-09
2024070904009832,SPIL,57,57,300.0,820.0,246000.0,2024-07-09
2024070901024879,UNLB,51,50,10.0,2208.1,22081.0,2024-07-09
2024070903025243,JFL,61,4,85.0,655.0,55675.0,2024-07-09
2024070903025242,CFCL,58,4,295.0,520.0,153400.0,2024-07-09
2024070903025241,CFCL,25,4,100.0,520.0,52000.0,2024-07-09
2024070903025240,CFCL,32,4,50.0,520.0,26000.0,2024-07-09
2024070903025239,CFCL,8,4,30.0,520.0,15600.0,2024-07-09
2024070903025238,CFCL,34,4,500.0,520.1,260050.0,2024-07-09
2024070903025237,CFCL,50,4,100.0,520.1,52010.0,2024-07-09
2024070903025236,CFCL,62,4,15.0,520.9,7813.5,2024-07-09
2024070903025235,CFCL,63,4,320.0,521.0,166720.0,2024-07-09
2024070901024878,SMJC,34,1,306.0,402.4,123134.4,2024-07-09
2024070903025234,VLBS,58,57,10.0,1063.9,10639.0,2024-07-09
2024070903025233,GILB,58,48,40.0,1455.1,58204.0,2024-07-09
2024070903025232,GILB,19,48,25.0,1455.3,36382.5,2024-07-09
2024070903025231,GILB,19,48,10.0,1455.4,14554.0,2024-07-09
2024070903025230,GILB,55,48,30.0,1456.0,43680.0,2024-07-09
2024070903025229,GILB,58,48,30.0,1456.0,43680.0,2024-07-09
2024070903025228,GILB,47,48,50.0,1458.9,72945.0,2024-07-09
2024070903025227,GILB,38,48,15.0,1458.9,21883.5,2024-07-09
2024070901024877,HATHY,42,81,50.0,975.9,48795.0,2024-07-09
2024070904009831,NGPL,81,3,142.0,327.5,46505.0,2024-07-09
2024070903025226,JBBL,3,11,500.0,318.4,159200.0,2024-07-09
2024070905005504,NIFRA,6,58,260.0,208.0,54080.0,2024-07-09
2024070905005503,NIFRA,6,21,40.0,207.9,8316.0,2024-07-09
2024070905005502,HRL,6,4,58.0,565.0,32770.0,2024-07-09
2024070905005501,HRL,6,32,50.0,565.0,28250.0,2024-07-09
2024070905005500,HRL,6,34,31.0,565.0,17515.0,2024-07-09
2024070905005499,HRL,6,49,10.0,565.0,5650.0,2024-07-09
2024070905005498,HRL,6,57,41.0,564.9,23160.9,2024-07-09
2024070905005497,HRL,6,35,10.0,564.7,5647.0,2024-07-09
2024070901024876,HATHY,85,77,37.0,975.0,36075.0,2024-07-09
2024070903025225,JFL,61,56,15.0,655.0,9825.0,2024-07-09
2024070903025224,FMDBL,49,53,200.0,694.0,138800.0,2024-07-09
2024070903025223,GFCL,35,34,100.0,624.0,62400.0,2024-07-09
2024070903025222,SADBL,22,65,405.0,360.0,145800.0,2024-07-09
2024070903025221,SADBL,22,49,300.0,359.0,107700.0,2024-07-09
2024070903025220,SADBL,22,57,270.0,359.0,96930.0,2024-07-09
2024070903025219,JSLBB,1,70,100.0,1436.5,143650.0,2024-07-09
2024070903025218,SKBBL,84,47,50.0,826.0,41300.0,2024-07-09
2024070901024875,USHEC,26,71,61.0,467.6,28523.6,2024-07-09
2024070901024874,JBLB,77,56,4.0,1454.6,5818.4,2024-07-09
2024070901024873,MKCL,28,67,10.0,1316.0,13160.0,2024-07-09
2024070901024872,SARBTM,52,84,220.0,795.1,174922.0,2024-07-09
2024070901024871,SARBTM,49,84,30.0,795.2,23856.0,2024-07-09
2024070903025217,ACLBSL,35,58,31.0,1253.5,38858.5,2024-07-09
2024070903025216,ACLBSL,35,1,100.0,1253.5,125350.0,2024-07-09
2024070903025215,ACLBSL,35,34,100.0,1253.0,125300.0,2024-07-09
2024070903025214,ACLBSL,35,3,119.0,1253.0,149107.0,2024-07-09
2024070901024870,MAKAR,4,22,10.0,460.0,4600.0,2024-07-09
2024070901024869,MAKAR,4,33,50.0,460.0,23000.0,2024-07-09
2024070901024868,MAKAR,4,88,150.0,460.0,69000.0,2024-07-09
2024070905005496,HRL,22,57,59.0,564.9,33329.1,2024-07-09
2024070905005495,HRL,22,58,31.0,564.8,17508.8,2024-07-09
2024070905005494,HRL,22,45,10.0,564.8,5648.0,2024-07-09
2024070901024867,SCB,22,1,10.0,583.0,5830.0,2024-07-09
2024070901024866,SCB,22,58,90.0,582.9,52461.0,2024-07-09
2024070901024865,CKHL,20,34,10.0,611.0,6110.0,2024-07-09
2024070901024864,CKHL,20,53,10.0,610.0,6100.0,2024-07-09
2024070903025213,KSBBL,26,39,220.0,418.9,92158.0,2024-07-09
2024070903025212,MDB,59,62,960.0,557.0,534720.0,2024-07-09
2024070903025211,MDB,69,62,300.0,557.0,167100.0,2024-07-09
2024070903025210,MDB,38,62,1000.0,557.0,557000.0,2024-07-09
2024070903025209,MDB,96,62,250.0,557.0,139250.0,2024-07-09
2024070903025208,MDB,28,62,300.0,558.0,167400.0,2024-07-09
2024070903025207,MDB,38,62,500.0,558.0,279000.0,2024-07-09
2024070903025206,MDB,57,62,200.0,558.0,111600.0,2024-07-09
2024070903025205,MDB,20,62,250.0,558.0,139500.0,2024-07-09
2024070903025204,MDB,45,62,500.0,558.1,279050.0,2024-07-09
2024070903025203,MDB,62,62,240.0,558.1,133944.0,2024-07-09
2024070903025202,MDB,19,62,500.0,559.0,279500.0,2024-07-09
2024070904009830,AKJCL,36,34,65.0,221.9,14423.5,2024-07-09
2024070901024863,SGHC,58,45,63.0,331.0,20853.0,2024-07-09
2024070901024862,SGHC,50,45,117.0,331.0,38727.0,2024-07-09
2024070905005493,NTC,34,25,45.0,821.0,36945.0,2024-07-09
2024070901024861,CITY,35,45,30.0,746.0,22380.0,2024-07-09
2024070905005492,HRL,32,32,1.0,552.8,552.8,2024-07-09
2024070901024860,SONA,32,57,100.0,449.0,44900.0,2024-07-09
2024070903025201,HLI,34,57,500.0,381.0,190500.0,2024-07-09
2024070903025200,NICLBSL,34,41,10.0,679.0,6790.0,2024-07-09
2024070903025199,SINDU,14,38,10.0,467.9,4679.0,2024-07-09
2024070901024859,MHL,33,21,89.0,545.5,48549.5,2024-07-09
2024070901024858,MHL,39,21,10.0,546.0,5460.0,2024-07-09
2024070901024857,MHL,63,21,600.0,548.1,328860.0,2024-07-09
2024070901024856,MHL,63,21,500.0,548.2,274100.0,2024-07-09
2024070901024855,MHL,63,21,500.0,548.6,274300.0,2024-07-09
2024070901024854,MHL,57,21,200.0,548.7,109740.0,2024-07-09
2024070901024853,MHL,58,21,32.0,550.0,17600.0,2024-07-09
2024070901024852,MHL,58,21,69.0,551.0,38019.0,2024-07-09
2024070901024851,CLI,29,21,20.0,523.0,10460.0,2024-07-09
2024070901024850,SMJC,34,50,10.0,402.4,4024.0,2024-07-09
2024070903025198,ACLBSL,35,3,71.0,1253.0,88963.0,2024-07-09
2024070903025197,ACLBSL,35,19,13.0,1253.0,16289.0,2024-07-09
2024070903025196,ACLBSL,35,21,50.0,1252.0,62600.0,2024-07-09
2024070903025195,ACLBSL,35,53,106.0,1252.0,132712.0,2024-07-09
2024070903025194,ACLBSL,35,3,110.0,1250.0,137500.0,2024-07-09
2024070903025193,CFCL,63,44,180.0,521.0,93780.0,2024-07-09
2024070903025192,CFCL,38,44,220.0,521.1,114642.0,2024-07-09
2024070903025191,CFCL,10,44,100.0,521.2,52120.0,2024-07-09
2024070903025190,HLBSL,65,29,30.0,1270.0,38100.0,2024-07-09
2024070901024849,TAMOR,41,41,590.0,431.0,254290.0,2024-07-09
2024070901024848,TAMOR,80,41,100.0,431.0,43100.0,2024-07-09
2024070901024847,TAMOR,59,41,110.0,431.0,47410.0,2024-07-09
2024070901024846,ILI,14,22,10.0,437.5,4375.0,2024-07-09
2024070904009829,HEI,58,1,530.0,624.0,330720.0,2024-07-09
2024070904009828,HEI,41,1,250.0,624.1,156025.0,2024-07-09
2024070904009827,HEI,49,1,10.0,624.5,6245.0,2024-07-09
2024070904009826,HEI,52,1,100.0,624.5,62450.0,2024-07-09
2024070904009825,SHEL,58,26,20.0,158.0,3160.0,2024-07-09
2024070904009824,SHEL,32,26,382.0,158.0,60356.0,2024-07-09
2024070905005491,NRIC,49,56,10.0,680.0,6800.0,2024-07-09
2024070903025189,JFL,34,56,20.0,655.0,13100.0,2024-07-09
2024070903025188,JFL,22,56,165.0,655.0,108075.0,2024-07-09
2024070901024845,MLBS,58,36,10.0,1420.0,14200.0,2024-07-09
2024070903025187,MFIL,16,34,20.0,610.5,12210.0,2024-07-09
2024070903025186,SJLIC,41,34,10.0,413.0,4130.0,2024-07-09
2024070901024844,ADBL,17,14,113.0,285.4,32250.2,2024-07-09
2024070901024843,ADBL,6,14,350.0,285.5,99925.0,2024-07-09
2024070901024842,ADBL,58,14,20.0,285.5,5710.0,2024-07-09
2024070901024841,ADBL,34,14,17.0,285.5,4853.5,2024-07-09
2024070904009823,RURU,6,57,200.0,640.0,128000.0,2024-07-09
2024070905005490,NTC,34,57,362.0,821.0,297202.0,2024-07-09
2024070905005489,NTC,16,57,30.0,821.0,24630.0,2024-07-09
2024070905005488,NTC,49,57,108.0,821.0,88668.0,2024-07-09
2024070901024840,CZBIL,49,11,243.0,178.5,43375.5,2024-07-09
2024070903025185,SWBBL,22,38,18.0,913.9,16450.2,2024-07-09
2024070901024839,UNLB,51,47,10.0,2208.1,22081.0,2024-07-09
2024070903025184,GBBL,29,26,200.0,385.0,77000.0,2024-07-09
2024070901024838,BNHC,49,28,10.0,658.0,6580.0,2024-07-09
2024070901024837,TAMOR,59,19,20.0,433.4,8668.0,2024-07-09
2024070904009822,LEC,16,42,1090.0,181.9,198271.0,2024-07-09
2024070903025183,GILB,38,4,85.0,1458.9,124006.5,2024-07-09
2024070901024836,AHL,58,45,55.0,518.0,28490.0,2024-07-09
2024070901024835,PHCL,44,45,200.0,306.0,61200.0,2024-07-09
2024070905005487,HRL,34,33,20.0,564.0,11280.0,2024-07-09
2024070905005486,NRN,34,34,500.0,737.0,368500.0,2024-07-09
2024070904009821,SALICO,8,26,100.0,699.9,69990.0,2024-07-09
2024070904009820,BARUN,35,88,50.0,290.4,14520.0,2024-07-09
2024070904009819,BARUN,35,17,100.0,290.4,29040.0,2024-07-09
2024070901024834,CZBIL,49,21,100.0,178.5,17850.0,2024-07-09
2024070901024833,CZBIL,49,18,407.0,178.5,72649.5,2024-07-09
2024070901024832,CZBIL,49,26,200.0,178.0,35600.0,2024-07-09
2024070901024831,TVCL,4,49,200.0,479.3,95860.0,2024-07-09
2024070901024830,DORDI,43,14,30.0,472.0,14160.0,2024-07-09
2024070903025182,GMFIL,29,50,470.0,487.0,228890.0,2024-07-09
2024070903025181,GMFIL,29,18,30.0,484.0,14520.0,2024-07-09
2024070903025180,ACLBSL,35,40,200.0,1234.1,246820.0,2024-07-09
2024070901024829,NIMB,42,22,800.0,158.5,126800.0,2024-07-09
2024070903025179,JBBL,45,46,400.0,318.3,127320.0,2024-07-09
2024070903025178,JBBL,3,46,600.0,318.4,191040.0,2024-07-09
2024070903025177,PFL,71,29,60.0,592.0,35520.0,2024-07-09
2024070903025176,PFL,71,45,100.0,592.0,59200.0,2024-07-09
2024070901024828,DLBS,48,7,10.0,1374.0,13740.0,2024-07-09
2024070901024827,AVYAN,36,52,20.0,977.0,19540.0,2024-07-09
2024070903025175,SDLBSL,58,62,100.0,1086.0,108600.0,2024-07-09
2024070901024826,ULHC,58,17,90.0,390.0,35100.0,2024-07-09
2024070901024825,SNLI,40,45,170.0,486.0,82620.0,2024-07-09
2024070901024824,GVL,66,72,100.0,588.0,58800.0,2024-07-09
2024070904009818,AKPL,45,33,190.0,163.2,31008.0,2024-07-09
2024070903025174,SIFC,84,56,20.0,486.0,9720.0,2024-07-09
2024070901024823,HEIP,14,50,10.0,367.5,3675.0,2024-07-09
2024070901024822,HEIP,14,48,30.0,351.9,10557.0,2024-07-09
2024070901024821,HDL,52,14,50.0,1243.0,62150.0,2024-07-09
2024070903025173,RSDC,58,34,70.0,687.0,48090.0,2024-07-09
2024070901024820,DOLTI,34,7,70.0,427.9,29953.0,2024-07-09
2024070901024819,DOLTI,34,45,20.0,427.0,8540.0,2024-07-09
2024070901024818,DOLTI,34,81,110.0,426.2,46882.0,2024-07-09
2024070901024817,SIKLES,35,63,2265.0,697.0,1578705.0,2024-07-09
2024070901024816,SIKLES,35,53,10.0,697.0,6970.0,2024-07-09
2024070901024815,SIKLES,35,46,10.0,697.0,6970.0,2024-07-09
2024070901024814,SIKLES,35,60,20.0,696.0,13920.0,2024-07-09
2024070901024813,SIKLES,35,67,200.0,696.0,139200.0,2024-07-09
2024070901024812,SIKLES,35,50,10.0,692.0,6920.0,2024-07-09
2024070901024811,SIKLES,35,38,365.0,692.0,252580.0,2024-07-09
2024070901024810,SIKLES,35,45,120.0,690.0,82800.0,2024-07-09
2024070901024809,SHIVM,11,53,44.0,490.0,21560.0,2024-07-09
2024070901024808,SHIVM,46,53,206.0,490.0,100940.0,2024-07-09
2024070901024807,SHIVM,49,53,22.0,490.0,10780.0,2024-07-09
2024070901024806,SHIVM,48,53,315.0,490.0,154350.0,2024-07-09
2024070901024805,SHIVM,42,53,413.0,490.0,202370.0,2024-07-09
2024070904009817,NGPL,58,35,500.0,327.0,163500.0,2024-07-09
2024070904009816,UMRH,33,49,15.0,421.7,6325.5,2024-07-09
2024070904009815,API,28,22,30.0,171.0,5130.0,2024-07-09
2024070901024804,HATHY,14,77,50.0,975.0,48750.0,2024-07-09
2024070901024803,HATHY,50,77,113.0,975.0,110175.0,2024-07-09
2024070903025172,GFCL,38,1,400.0,620.0,248000.0,2024-07-09
2024070903025171,GFCL,43,1,100.0,621.0,62100.0,2024-07-09
2024070903025170,MLBL,47,16,10.0,357.0,3570.0,2024-07-09
2024070903025169,MLBL,47,51,10.0,357.0,3570.0,2024-07-09
2024070904009814,SHEL,32,7,18.0,158.0,2844.0,2024-07-09
2024070904009813,DHPL,62,72,10.0,205.0,2050.0,2024-07-09
2024070904009812,KPCL,56,62,1000.0,455.1,455100.0,2024-07-09
2024070901024802,BHPL,42,44,10.0,638.9,6389.0,2024-07-09
2024070903025168,GLBSL,42,57,30.0,1907.0,57210.0,2024-07-09
2024070903025167,NADEP,58,1,20.0,870.0,17400.0,2024-07-09
2024070903025166,NADEP,58,14,12.0,870.0,10440.0,2024-07-09
2024070903025165,SDLBSL,38,62,100.0,1086.0,108600.0,2024-07-09
2024070904009811,SPDL,17,36,11.0,240.0,2640.0,2024-07-09
2024070903025164,NMLBBL,6,25,30.0,719.0,21570.0,2024-07-09
2024070903025163,RLFL,32,14,790.0,458.2,361978.0,2024-07-09
2024070903025162,RLFL,33,14,200.0,458.3,91660.0,2024-07-09
2024070903025161,RLFL,41,14,10.0,458.5,4585.0,2024-07-09
2024070903025160,RLFL,5,14,1000.0,458.5,458500.0,2024-07-09
2024070903025159,SADBL,62,57,30.0,359.0,10770.0,2024-07-09
2024070903025158,SADBL,22,57,120.0,359.0,43080.0,2024-07-09
2024070903025157,SADBL,19,57,80.0,359.6,28768.0,2024-07-09
2024070904009810,AKPL,45,57,10.0,163.2,1632.0,2024-07-09
2024070904009809,AKPL,63,57,10.0,163.2,1632.0,2024-07-09
2024070904009808,AKPL,6,57,90.0,163.2,14688.0,2024-07-09
2024070903025156,MERO,46,34,32.0,700.0,22400.0,2024-07-09
2024070903025155,ACLBSL,35,53,194.0,1252.0,242888.0,2024-07-09
2024070903025154,ACLBSL,35,34,16.0,1251.7,20027.2,2024-07-09
2024070903025153,ACLBSL,35,38,20.0,1250.7,25014.0,2024-07-09
2024070903025152,ACLBSL,35,40,120.0,1250.0,150000.0,2024-07-09
2024070901024801,MCHL,58,35,10.0,424.0,4240.0,2024-07-09
2024070903025151,PMLI,38,4,30.0,533.1,15993.0,2024-07-09
2024070901024800,SBL,38,43,200.0,266.0,53200.0,2024-07-09
2024070903025150,KLBSL,6,98,40.0,1022.0,40880.0,2024-07-09
2024070903025149,DDBL,78,40,217.0,832.1,180565.7,2024-07-09
2024070903025148,DDBL,33,40,33.0,833.0,27489.0,2024-07-09
2024070901024799,SMJC,39,40,150.0,402.0,60300.0,2024-07-09
2024070901024798,SMJC,10,40,50.0,402.3,20115.0,2024-07-09
2024070901024797,HATHY,87,81,100.0,975.9,97590.0,2024-07-09
2024070903025147,GLBSL,35,26,13.0,1905.0,24765.0,2024-07-09
2024070903025146,NMFBS,62,40,14.0,1388.8,19443.2,2024-07-09
2024070901024796,TVCL,42,49,11.0,479.3,5272.3,2024-07-09
2024070903025145,SINDU,45,45,10.0,464.0,4640.0,2024-07-09
2024070901024795,MSHL,37,57,100.0,657.0,65700.0,2024-07-09
2024070903025144,SFCL,49,63,21.0,450.9,9468.9,2024-07-09
2024070903025143,SFCL,42,63,219.0,450.9,98747.1,2024-07-09
2024070903025142,SFCL,57,63,50.0,451.0,22550.0,2024-07-09
2024070903025141,SFCL,45,63,10.0,451.0,4510.0,2024-07-09
2024070903025140,SFCL,35,63,200.0,451.0,90200.0,2024-07-09
2024070904009807,SGIC,50,58,10.0,558.9,5589.0,2024-07-09
2024070905005485,CIT,58,34,60.0,1900.0,114000.0,2024-07-09
2024070903025139,RSDC,34,57,50.0,688.0,34400.0,2024-07-09
2024070904009806,NGPL,56,44,404.0,327.2,132188.8,2024-07-09
2024070905005484,NRN,43,49,100.0,736.1,73610.0,2024-07-09
2024070901024794,SPC,49,22,10.0,571.0,5710.0,2024-07-09
2024070904009805,BARUN,35,40,500.0,290.1,145050.0,2024-07-09
2024070904009804,CHCL,3,67,132.0,442.0,58344.0,2024-07-09
2024070903025138,SAPDBL,96,16,100.0,440.0,44000.0,2024-07-09
2024070903025137,EDBL,25,34,214.0,463.9,99274.6,2024-07-09
2024070903025136,CFCL,17,42,500.0,521.2,260600.0,2024-07-09
2024070901024793,HATHY,58,81,200.0,975.9,195180.0,2024-07-09
2024070903025135,JFL,22,45,50.0,655.0,32750.0,2024-07-09
2024070905005483,NTC,49,45,168.0,821.0,137928.0,2024-07-09
2024070903025134,SABSL,22,33,10.0,1068.0,10680.0,2024-07-09
2024070905005482,HRL,34,17,15.0,564.0,8460.0,2024-07-09
2024070905005481,HRL,4,17,85.0,564.0,47940.0,2024-07-09
2024070905005480,HRL,8,17,80.0,564.7,45176.0,2024-07-09
2024070903025133,RLFL,6,22,14.0,460.0,6440.0,2024-07-09
2024070901024792,NABIL,32,51,20.0,490.2,9804.0,2024-07-09
2024070903025132,KRBL,21,21,350.0,500.8,175280.0,2024-07-09
2024070903025131,EDBL,50,34,700.0,463.9,324730.0,2024-07-09
2024070903025130,KSBBL,47,4,50.0,419.0,20950.0,2024-07-09
2024070903025129,KSBBL,47,62,10.0,419.0,4190.0,2024-07-09
2024070903025128,KSBBL,47,52,140.0,419.0,58660.0,2024-07-09
2024070901024791,SHIVM,42,18,100.0,490.0,49000.0,2024-07-09
2024070901024790,NICA,8,16,20.0,433.1,8662.0,2024-07-09
2024070901024789,PCBL,52,21,300.0,204.3,61290.0,2024-07-09
2024070905005479,CHDC,32,44,10.0,1100.0,11000.0,2024-07-09
2024070901024788,PHCL,44,72,20.0,306.0,6120.0,2024-07-09
2024070901024787,PHCL,36,72,230.0,306.0,70380.0,2024-07-09
2024070903025127,SLBBL,13,33,40.0,858.0,34320.0,2024-07-09
2024070903025126,SLBBL,58,33,69.0,858.0,59202.0,2024-07-09
2024070901024786,GVL,66,58,10.0,597.0,5970.0,2024-07-09
2024070901024785,GVL,66,68,285.0,596.9,170116.5,2024-07-09
2024070901024784,GVL,66,81,500.0,596.7,298350.0,2024-07-09
2024070901024783,GVL,66,41,200.0,596.7,119340.0,2024-07-09
2024070901024782,GVL,66,1,50.0,596.0,29800.0,2024-07-09
2024070901024781,GVL,66,38,10.0,595.0,5950.0,2024-07-09
2024070901024780,GVL,66,29,500.0,594.0,297000.0,2024-07-09
2024070901024779,GVL,66,66,200.0,592.1,118420.0,2024-07-09
2024070901024778,GVL,66,49,50.0,592.0,29600.0,2024-07-09
2024070901024777,GVL,66,21,10.0,592.0,5920.0,2024-07-09
2024070901024776,GVL,66,45,10.0,591.6,5916.0,2024-07-09
2024070901024775,GVL,66,11,130.0,591.6,76908.0,2024-07-09
2024070901024774,GVL,66,11,100.0,591.6,59160.0,2024-07-09
2024070904009803,RURU,6,38,188.0,640.0,120320.0,2024-07-09
2024070903025125,ACLBSL,35,40,180.0,1250.0,225000.0,2024-07-09
2024070903025124,ACLBSL,35,57,50.0,1250.0,62500.0,2024-07-09
2024070903025123,ACLBSL,35,3,100.0,1250.0,125000.0,2024-07-09
2024070903025122,ACLBSL,35,17,20.0,1250.0,25000.0,2024-07-09
2024070901024773,MMKJL,77,35,10.0,490.5,4905.0,2024-07-09
2024070903025121,NABBC,10,34,44.0,587.1,25832.4,2024-07-09
2024070903025120,JBBL,41,53,136.0,318.8,43356.8,2024-07-09
2024070903025119,JBBL,41,20,814.0,318.5,259259.0,2024-07-09
2024070903025118,JBBL,41,53,50.0,318.5,15925.0,2024-07-09
2024070901024772,CLI,29,36,10.0,523.0,5230.0,2024-07-09
2024070901024771,CLI,29,49,10.0,523.0,5230.0,2024-07-09
2024070901024770,CLI,29,58,10.0,523.0,5230.0,2024-07-09
2024070901024769,CLI,29,38,10.0,523.0,5230.0,2024-07-09
2024070903025117,MLBL,21,47,60.0,356.1,21366.0,2024-07-09
2024070903025116,MLBL,7,47,20.0,356.2,7124.0,2024-07-09
2024070903025115,MLBL,49,47,20.0,356.2,7124.0,2024-07-09
2024070903025114,JBBL,3,87,100.0,318.4,31840.0,2024-07-09
2024070901024768,DORDI,13,48,245.0,471.2,115444.0,2024-07-09
2024070901024767,BNHC,39,55,20.0,659.0,13180.0,2024-07-09
2024070901024766,SMHL,58,55,50.0,613.0,30650.0,2024-07-09
2024070901024765,SMHL,26,55,200.0,613.1,122620.0,2024-07-09
2024070901024764,TVCL,52,36,210.0,478.0,100380.0,2024-07-09
2024070901024763,TVCL,5,36,50.0,478.0,23900.0,2024-07-09
2024070901024762,TVCL,49,36,20.0,478.4,9568.0,2024-07-09
2024070901024761,TVCL,45,36,20.0,478.4,9568.0,2024-07-09
2024070901024760,PPL,58,19,120.0,450.0,54000.0,2024-07-09
2024070901024759,PPL,28,19,100.0,450.0,45000.0,2024-07-09
2024070901024758,PPL,34,19,10.0,450.0,4500.0,2024-07-09
2024070901024757,PPL,44,19,20.0,450.0,9000.0,2024-07-09
2024070901024756,PPL,35,19,419.0,450.0,188550.0,2024-07-09
2024070901024755,MHCL,42,17,215.0,404.0,86860.0,2024-07-09
2024070903025113,VLBS,74,32,105.0,1058.1,111100.5,2024-07-09
2024070901024754,NRM,32,62,10.0,444.9,4449.0,2024-07-09
2024070901024753,NICA,8,58,50.0,433.1,21655.0,2024-07-09
2024070903025112,EDBL,58,34,10.0,463.9,4639.0,2024-07-09
2024070901024752,PPL,35,61,480.0,450.0,216000.0,2024-07-09
2024070903025111,HLI,41,57,150.0,381.0,57150.0,2024-07-09
2024070903025110,PROFL,88,51,181.0,425.4,76997.4,2024-07-09
2024070903025109,PROFL,58,51,100.0,425.5,42550.0,2024-07-09
2024070903025108,PROFL,88,51,19.0,425.5,8084.5,2024-07-09
2024070901024751,AVYAN,62,38,10.0,980.0,9800.0,2024-07-09
2024070903025107,DDBL,43,34,1169.0,835.0,976115.0,2024-07-09
2024070903025106,DDBL,43,44,466.0,835.0,389110.0,2024-07-09
2024070903025105,DDBL,43,34,95.0,834.9,79315.5,2024-07-09
2024070903025104,DDBL,43,49,70.0,834.0,58380.0,2024-07-09
2024070903025103,DDBL,43,41,200.0,834.0,166800.0,2024-07-09
2024070903025102,MLBL,34,44,920.0,357.9,329268.0,2024-07-09
2024070903025101,MLBL,34,38,50.0,357.0,17850.0,2024-07-09
2024070903025100,MLBL,34,34,30.0,357.0,10710.0,2024-07-09
2024070903025099,HLI,41,38,110.0,381.0,41910.0,2024-07-09
2024070901024750,BGWT,41,20,40.0,910.9,36436.0,2024-07-09
2024070903025098,KRBL,72,41,880.0,500.9,440792.0,2024-07-09
2024070903025097,KSBBL,1,52,56.0,419.0,23464.0,2024-07-09
2024070901024749,HBL,63,47,62.0,186.1,11538.2,2024-07-09
2024070901024748,MSHL,58,56,40.0,644.9,25796.0,2024-07-09
2024070901024747,HHL,32,34,64.0,361.0,23104.0,2024-07-09
2024070901024746,HHL,32,38,176.0,361.0,63536.0,2024-07-09
2024070901024745,HHL,32,32,100.0,360.9,36090.0,2024-07-09
2024070901024744,HHL,32,59,50.0,360.8,18040.0,2024-07-09
2024070901024743,HHL,32,25,10.0,360.5,3605.0,2024-07-09
2024070901024742,CITY,45,33,10.0,746.0,7460.0,2024-07-09
2024070905005478,NRIC,49,85,20.0,680.0,13600.0,2024-07-09
2024070903025096,WNLB,25,45,20.0,1522.0,30440.0,2024-07-09
2024070903025095,MLBSL,45,17,88.0,2094.0,184272.0,2024-07-09
2024070903025094,MLBSL,45,35,13.0,2089.0,27157.0,2024-07-09
2024070901024741,TAMOR,59,57,80.0,433.0,34640.0,2024-07-09
2024070903025093,RSDC,58,66,22.0,687.0,15114.0,2024-07-09
2024070901024740,CLI,6,21,20.0,522.1,10442.0,2024-07-09
2024070905005477,NTC,49,35,20.0,821.0,16420.0,2024-07-09
2024070904009802,AKJCL,38,34,30.0,221.9,6657.0,2024-07-09
2024070903025092,PROFL,44,47,100.0,425.8,42580.0,2024-07-09
2024070903025091,GMFIL,14,18,100.0,484.0,48400.0,2024-07-09
2024070903025090,GMFIL,16,18,30.0,484.0,14520.0,2024-07-09
2024070904009801,SHPC,5,1,10.0,321.8,3218.0,2024-07-09
2024070901024739,SANIMA,46,19,50.0,263.5,13175.0,2024-07-09
2024070901024738,KBL,93,40,10.0,143.0,1430.0,2024-07-09
2024070904009800,RADHI,45,13,130.0,255.0,33150.0,2024-07-09
2024070904009799,RADHI,45,70,400.0,255.0,102000.0,2024-07-09
2024070904009798,RADHI,45,38,19.0,255.0,4845.0,2024-07-09
2024070904009797,RADHI,45,58,10.0,255.0,2550.0,2024-07-09
2024070904009796,RADHI,45,44,1900.0,254.9,484310.0,2024-07-09
2024070904009795,RADHI,45,58,130.0,254.7,33111.0,2024-07-09
2024070904009794,RADHI,45,40,400.0,254.0,101600.0,2024-07-09
2024070904009793,RADHI,45,47,99.0,254.0,25146.0,2024-07-09
2024070904009792,RADHI,45,48,36.0,253.9,9140.4,2024-07-09
2024070904009791,RADHI,45,17,70.0,253.5,17745.0,2024-07-09
2024070903025089,SKBBL,84,45,50.0,826.0,41300.0,2024-07-09
2024070901024737,SONA,59,57,60.0,449.0,26940.0,2024-07-09
2024070901024736,RFPL,38,17,10.0,371.0,3710.0,2024-07-09
2024070901024735,RFPL,38,49,10.0,370.0,3700.0,2024-07-09
2024070904009790,UPPER,25,38,368.0,158.2,58217.6,2024-07-09
2024070903025088,PMLI,38,58,20.0,533.0,10660.0,2024-07-09
2024070903025087,GBBL,29,49,280.0,385.0,107800.0,2024-07-09
2024070904009789,TRH,17,49,20.0,802.0,16040.0,2024-07-09
2024070905005476,NRIC,49,22,51.0,680.0,34680.0,2024-07-09
2024070905005475,NRIC,49,49,20.0,680.0,13600.0,2024-07-09
2024070905005474,NRIC,49,17,34.0,680.0,23120.0,2024-07-09
2024070905005473,NRIC,49,6,12.0,680.0,8160.0,2024-07-09
2024070905005472,NRIC,49,32,100.0,680.0,68000.0,2024-07-09
2024070905005471,NRIC,49,52,12.0,680.0,8160.0,2024-07-09
2024070905005470,NRIC,49,52,12.0,679.9,8158.8,2024-07-09
2024070905005469,NRIC,49,59,90.0,679.9,61191.0,2024-07-09
2024070905005468,NRIC,49,35,17.0,679.8,11556.6,2024-07-09
2024070905005467,NRIC,49,14,10.0,679.8,6798.0,2024-07-09
2024070905005466,NRIC,49,41,64.0,679.0,43456.0,2024-07-09
2024070905005465,NRIC,49,63,25.0,679.0,16975.0,2024-07-09
2024070905005464,NRIC,49,13,14.0,679.0,9506.0,2024-07-09
2024070901024734,NABIL,32,49,30.0,490.2,14706.0,2024-07-09
2024070901024733,HDL,41,34,44.0,1243.5,54714.0,2024-07-09
2024070901024732,NABIL,34,58,20.0,490.5,9810.0,2024-07-09
2024070901024731,SONA,59,41,10.0,449.0,4490.0,2024-07-09
2024070903025086,PROFL,47,32,340.0,426.0,144840.0,2024-07-09
2024070901024730,PRVU,22,47,516.0,146.8,75748.8,2024-07-09
2024070901024729,PRVU,57,47,100.0,147.0,14700.0,2024-07-09
2024070901024728,PRVU,57,47,71.0,147.0,10437.0,2024-07-09
2024070901024727,USHEC,26,21,10.0,465.0,4650.0,2024-07-09
2024070901024726,USHEC,26,53,10.0,465.0,4650.0,2024-07-09
2024070901024725,USHEC,26,42,10.0,465.0,4650.0,2024-07-09
2024070901024724,USHEC,26,32,10.0,465.0,4650.0,2024-07-09
2024070901024723,USHEC,26,41,10.0,465.0,4650.0,2024-07-09
2024070901024722,USHEC,26,58,10.0,464.5,4645.0,2024-07-09
2024070901024721,MBL,55,21,21.0,184.0,3864.0,2024-07-09
2024070901024720,MBL,55,14,21.0,184.0,3864.0,2024-07-09
2024070903025085,JBBL,3,56,20.0,318.4,6368.0,2024-07-09
2024070904009788,AKJCL,69,19,35.0,221.3,7745.5,2024-07-09
2024070904009787,AKJCL,42,19,60.0,221.5,13290.0,2024-07-09
2024070904009786,AKJCL,13,19,50.0,221.5,11075.0,2024-07-09
2024070904009785,AKJCL,45,19,50.0,221.5,11075.0,2024-07-09
2024070904009784,AKJCL,49,19,110.0,221.5,24365.0,2024-07-09
2024070904009783,AKJCL,26,19,95.0,221.5,21042.5,2024-07-09
2024070904009782,AKJCL,21,19,100.0,221.6,22160.0,2024-07-09
2024070901024719,MEL,25,52,30.0,223.6,6708.0,2024-07-09
2024070901024718,MEL,25,36,10.0,222.0,2220.0,2024-07-09
2024070903025084,SAPDBL,96,94,1000.0,440.0,440000.0,2024-07-09
2024070901024717,H8020,17,32,100.0,9.0,900.0,2024-07-09
2024070901024716,CZBIL,13,18,352.0,178.5,62832.0,2024-07-09
2024070901024715,CZBIL,13,57,111.0,178.5,19813.5,2024-07-09
2024070901024714,CZBIL,13,47,537.0,178.4,95800.8,2024-07-09
2024070901024713,NESDO,59,42,10.0,2134.0,21340.0,2024-07-09
2024070903025083,CBBL,82,59,15.0,870.0,13050.0,2024-07-09
2024070903025082,SADBL,57,65,10.0,360.0,3600.0,2024-07-09
2024070903025081,PMLI,17,58,40.0,533.0,21320.0,2024-07-09
2024070903025080,PMLI,38,58,40.0,533.1,21324.0,2024-07-09
2024070904009781,SSHL,22,4,100.0,169.2,16920.0,2024-07-09
2024070903025079,SFCL,44,10,50.0,454.0,22700.0,2024-07-09
2024070901024712,IHL,4,43,185.0,455.4,84249.0,2024-07-09
2024070901024711,IHL,42,43,115.0,455.5,52382.5,2024-07-09
2024070901024710,IHL,56,43,50.0,455.6,22780.0,2024-07-09
2024070901024709,GVL,66,11,500.0,591.6,295800.0,2024-07-09
2024070901024708,USHEC,50,77,939.0,457.1,429216.9,2024-07-09
2024070901024707,USHEC,57,77,100.0,458.0,45800.0,2024-07-09
2024070901024706,USHEC,45,77,50.0,460.0,23000.0,2024-07-09
2024070901024705,USHEC,54,77,20.0,460.0,9200.0,2024-07-09
2024070901024704,USHEC,87,77,11.0,460.0,5060.0,2024-07-09
2024070901024703,USHEC,57,77,100.0,460.0,46000.0,2024-07-09
2024070901024702,USHEC,58,77,20.0,461.0,9220.0,2024-07-09
2024070901024701,LSL,22,59,10.0,161.9,1619.0,2024-07-09
2024070901024700,LSL,22,57,30.0,161.0,4830.0,2024-07-09
2024070901024699,LSL,22,48,90.0,161.0,14490.0,2024-07-09
2024070901024698,HHL,34,8,10.0,360.0,3600.0,2024-07-09
2024070901024697,MKHC,5,64,10.0,330.4,3304.0,2024-07-09
2024070901024696,NWCL,48,32,70.0,877.0,61390.0,2024-07-09
2024070901024695,NWCL,48,65,104.0,877.0,91208.0,2024-07-09
2024070901024694,JBLB,33,52,29.0,1465.0,42485.0,2024-07-09
2024070901024693,NWCL,52,65,100.0,877.0,87700.0,2024-07-09
2024070903025078,SMB,49,42,50.0,1804.0,90200.0,2024-07-09
2024070903025077,MPFL,57,4,100.0,523.0,52300.0,2024-07-09
2024070904009780,API,28,58,24.0,171.0,4104.0,2024-07-09
2024070904009779,NGPL,56,44,135.0,327.2,44172.0,2024-07-09
2024070904009778,NGPL,49,44,65.0,327.5,21287.5,2024-07-09
