transaction,symbol,buyer,seller,quantity,rate,amount,date
2025032703012175,SAPDBL,72,45,110.0,1099.0,120890.0,2025-03-27
2025032703012174,RLFL,43,43,25.0,539.9,13497.5,2025-03-27
2025032701014435,SNLI,1,59,12.0,651.0,7812.0,2025-03-27
2025032701014434,SNLI,1,38,12.0,650.5,7806.0,2025-03-27
2025032705016478,MEL,55,16,2000.0,322.0,644000.0,2025-03-27
2025032704012354,HPPL,58,77,500.0,588.0,294000.0,2025-03-27
2025032705016477,SONA,85,13,100.0,474.0,47400.0,2025-03-27
2025032701014433,PCBL,56,32,100.0,252.0,25200.0,2025-03-27
2025032701014432,NICA,29,86,134.0,370.0,49580.0,2025-03-27
2025032701014431,NICA,58,86,10.0,370.0,3700.0,2025-03-27
2025032701014430,NICA,26,86,46.0,370.0,17020.0,2025-03-27
2025032705016476,VLUCL,86,42,50.0,673.9,33695.0,2025-03-27
2025032701014429,MEHL,87,62,20.0,537.0,10740.0,2025-03-27
2025032705016475,HRL,84,14,10.0,1020.1,10201.0,2025-03-27
2025032705016474,HRL,45,14,90.0,1020.5,91845.0,2025-03-27
2025032703012173,GRDBL,26,17,20.0,1386.0,27720.0,2025-03-27
2025032703012172,GRDBL,42,17,10.0,1386.0,13860.0,2025-03-27
2025032703012171,MLBSL,58,34,40.0,2260.0,90400.0,2025-03-27
2025032703012170,MLBSL,58,55,50.0,2259.9,112995.0,2025-03-27
2025032703012169,MLBSL,58,17,10.0,2259.8,22598.0,2025-03-27
2025032703012168,SMPDA,38,50,10.0,941.5,9415.0,2025-03-27
2025032705016473,NRN,64,32,77.0,1486.0,114422.0,2025-03-27
2025032705016472,NRN,20,32,23.0,1486.0,34178.0,2025-03-27
2025032701014428,DORDI,68,42,10.0,371.0,3710.0,2025-03-27
2025032703012167,SAPDBL,72,58,10.0,1099.0,10990.0,2025-03-27
2025032701014427,MEHL,58,62,50.0,537.0,26850.0,2025-03-27
2025032701014426,PCBL,13,57,100.0,251.2,25120.0,2025-03-27
2025032701014425,BNHC,11,57,100.0,502.2,50220.0,2025-03-27
2025032704012353,SHPC,42,64,300.0,473.9,142170.0,2025-03-27
2025032705016471,MBJC,54,54,40.0,320.9,12836.0,2025-03-27
2025032703012166,SAPDBL,72,72,390.0,1099.0,428610.0,2025-03-27
2025032703012165,SAPDBL,53,72,10.0,1099.0,10990.0,2025-03-27
2025032703012164,LICN,29,48,50.0,1022.1,51105.0,2025-03-27
2025032701014424,MEHL,82,62,50.0,537.0,26850.0,2025-03-27
2025032703012163,HLI,33,34,100.0,428.9,42890.0,2025-03-27
2025032703012162,SINDU,72,38,50.0,1076.9,53845.0,2025-03-27
2025032705016470,GCIL,38,42,100.0,550.0,55000.0,2025-03-27
2025032701014423,ANLB,39,64,11.0,5145.0,56595.0,2025-03-27
2025032701014422,ANLB,39,47,10.0,5144.0,51440.0,2025-03-27
2025032703012161,JFL,25,44,500.0,513.1,256550.0,2025-03-27
2025032701014421,MEHL,80,62,50.0,537.0,26850.0,2025-03-27
2025032701014420,BHDC,41,49,50.0,594.0,29700.0,2025-03-27
2025032701014419,BHDC,41,41,31.0,594.0,18414.0,2025-03-27
2025032704012352,RBCL,42,28,10.0,14570.0,145700.0,2025-03-27
2025032701014418,HIDCLP,28,64,1760.0,177.9,313104.0,2025-03-27
2025032701014417,HIDCLP,28,67,800.0,177.9,142320.0,2025-03-27
2025032701014416,HIDCLP,28,38,100.0,177.8,17780.0,2025-03-27
2025032701014415,HIDCLP,28,38,240.0,177.8,42672.0,2025-03-27
2025032701014414,HIDCLP,28,35,2100.0,177.7,373170.0,2025-03-27
2025032705016469,HIDCL,1,49,25.0,271.3,6782.5,2025-03-27
2025032704012351,GHL,34,5,500.0,285.0,142500.0,2025-03-27
2025032703012160,NLICL,45,16,10.0,643.0,6430.0,2025-03-27
2025032705016468,VLUCL,57,74,50.0,670.0,33500.0,2025-03-27
2025032701014413,RHGCL,14,35,200.0,537.0,107400.0,2025-03-27
2025032701014412,RHGCL,58,35,50.0,537.0,26850.0,2025-03-27
2025032704012350,SHEL,77,71,200.0,251.0,50200.0,2025-03-27
2025032703012159,SINDU,72,34,500.0,1076.9,538450.0,2025-03-27
2025032703012158,GILB,75,16,10.0,1284.0,12840.0,2025-03-27
2025032705016467,SONA,85,7,430.0,474.0,203820.0,2025-03-27
2025032701014411,HBL,56,79,10.0,235.9,2359.0,2025-03-27
2025032704012349,UPCL,41,57,80.0,284.0,22720.0,2025-03-27
2025032703012157,MLBL,94,14,858.0,407.9,349978.2,2025-03-27
2025032703012156,MLBL,94,1,500.0,407.9,203950.0,2025-03-27
2025032703012155,MLBL,94,13,172.0,407.8,70141.6,2025-03-27
2025032703012154,MLBL,94,14,470.0,407.0,191290.0,2025-03-27
2025032705016466,HIDCL,14,49,300.0,271.3,81390.0,2025-03-27
2025032701014410,GMLI,53,17,10.0,2290.0,22900.0,2025-03-27
2025032701014409,GMLI,53,50,10.0,2290.0,22900.0,2025-03-27
2025032701014408,SRLI,50,25,10.0,418.8,4188.0,2025-03-27
2025032703012153,ICFC,50,10,10.0,608.0,6080.0,2025-03-27
2025032701014407,HHL,32,3,10.0,506.0,5060.0,2025-03-27
2025032704012348,SHEL,32,38,100.0,252.0,25200.0,2025-03-27
2025032701014406,NYADI,81,49,100.0,578.0,57800.0,2025-03-27
2025032703012152,GFCL,4,58,300.0,665.0,199500.0,2025-03-27
2025032703012151,GFCL,38,58,30.0,665.1,19953.0,2025-03-27
2025032701014405,MKHC,58,39,107.0,532.0,56924.0,2025-03-27
2025032701014404,MKHC,58,1,368.0,532.0,195776.0,2025-03-27
2025032703012150,FMDBL,10,57,120.0,768.1,92172.0,2025-03-27
2025032705016465,CLI,47,64,100.0,510.0,51000.0,2025-03-27
2025032701014403,MKJC,44,26,100.0,537.2,53720.0,2025-03-27
2025032704012347,PPCL,33,21,200.0,313.0,62600.0,2025-03-27
2025032701014402,NYADI,41,48,10.0,575.0,5750.0,2025-03-27
2025032701014401,USHEC,38,59,122.0,606.0,73932.0,2025-03-27
2025032701014400,USHEC,38,21,100.0,605.0,60500.0,2025-03-27
2025032701014399,USHEC,38,21,10.0,605.0,6050.0,2025-03-27
2025032701014398,USHEC,38,1,10.0,603.0,6030.0,2025-03-27
2025032701014397,USHEC,38,42,10.0,603.0,6030.0,2025-03-27
2025032701014396,USHEC,38,58,10.0,601.8,6018.0,2025-03-27
2025032701014395,USHEC,38,65,10.0,601.0,6010.0,2025-03-27
2025032701014394,USHEC,38,36,100.0,600.0,60000.0,2025-03-27
2025032701014393,USHEC,38,58,10.0,600.0,6000.0,2025-03-27
2025032701014392,USHEC,38,68,10.0,600.0,6000.0,2025-03-27
2025032701014391,USHEC,38,42,10.0,600.0,6000.0,2025-03-27
2025032701014390,USHEC,38,57,10.0,600.0,6000.0,2025-03-27
2025032701014389,USHEC,38,7,10.0,600.0,6000.0,2025-03-27
2025032701014388,USHEC,38,58,10.0,599.9,5999.0,2025-03-27
2025032701014387,USHEC,38,58,10.0,599.5,5995.0,2025-03-27
2025032701014386,USHEC,38,57,10.0,599.0,5990.0,2025-03-27
2025032701014385,USHEC,38,47,10.0,598.8,5988.0,2025-03-27
2025032701014384,USHEC,38,42,300.0,598.0,179400.0,2025-03-27
2025032701014383,USHEC,38,4,138.0,597.9,82510.2,2025-03-27
2025032701014382,USHEC,38,26,100.0,597.0,59700.0,2025-03-27
2025032703012149,NMBMF,62,97,10.0,759.0,7590.0,2025-03-27
2025032703012148,NMBMF,62,58,50.0,759.0,37950.0,2025-03-27
2025032704012346,SHL,62,35,100.0,484.0,48400.0,2025-03-27
2025032704012345,SHL,62,58,222.0,484.0,107448.0,2025-03-27
2025032704012344,SHL,62,72,400.0,484.0,193600.0,2025-03-27
2025032704012343,SHL,62,87,100.0,484.0,48400.0,2025-03-27
2025032705016464,MEL,55,19,1770.0,323.0,571710.0,2025-03-27
2025032705016463,MEL,55,54,50.0,323.0,16150.0,2025-03-27
2025032705016462,MEL,55,58,30.0,323.0,9690.0,2025-03-27
2025032705016461,MEL,55,35,150.0,322.7,48405.0,2025-03-27
2025032703012147,SKBBL,41,44,10.0,796.0,7960.0,2025-03-27
2025032703012146,SKBBL,38,44,270.0,796.0,214920.0,2025-03-27
2025032701014381,MEHL,29,62,10.0,537.0,5370.0,2025-03-27
2025032703012145,ALICL,85,45,10.0,761.0,7610.0,2025-03-27
2025032705016460,SFEF,41,29,100.0,9.2,920.0,2025-03-27
2025032705016459,HATHY,58,49,100.0,1299.6,129960.0,2025-03-27
2025032705016458,STC,49,43,10.0,5222.8,52228.0,2025-03-27
2025032701014380,MHCL,53,91,20.0,523.9,10478.0,2025-03-27
2025032701014379,GMLI,53,4,10.0,2290.0,22900.0,2025-03-27
2025032701014378,GMLI,53,32,10.0,2290.0,22900.0,2025-03-27
2025032701014377,BHPL,36,45,10.0,1019.0,10190.0,2025-03-27
2025032701014376,BHPL,19,45,10.0,1019.1,10191.0,2025-03-27
2025032705016457,CHDC,77,19,221.0,2272.2,502156.2,2025-03-27
2025032705016456,CHDC,94,19,200.0,2273.0,454600.0,2025-03-27
2025032705016455,CHDC,77,19,4479.0,2273.0,10180767.0,2025-03-27
2025032705016454,CHDC,17,19,100.0,2273.1,227310.0,2025-03-27
2025032701014375,MEHL,5,62,50.0,537.0,26850.0,2025-03-27
2025032701014374,MANDU,84,20,10.0,894.0,8940.0,2025-03-27
2025032701014373,CZBIL,16,48,23.0,209.0,4807.0,2025-03-27
2025032701014372,CZBIL,16,91,27.0,209.0,5643.0,2025-03-27
2025032704012342,NHDL,52,35,10.0,800.0,8000.0,2025-03-27
2025032704012341,NHDL,14,35,40.0,801.0,32040.0,2025-03-27
2025032703012144,GMFIL,42,32,10.0,500.0,5000.0,2025-03-27
2025032705016453,GCIL,38,66,500.0,548.2,274100.0,2025-03-27
2025032703012143,SHINE,34,25,10.0,413.9,4139.0,2025-03-27
2025032703012142,SINDU,72,22,112.0,1076.9,120612.8,2025-03-27
2025032704012340,CHL,16,22,179.0,515.0,92185.0,2025-03-27
2025032704012339,CHL,34,22,14.0,515.0,7210.0,2025-03-27
2025032704012338,CHL,68,22,100.0,516.2,51620.0,2025-03-27
2025032704012337,CHL,5,22,50.0,516.3,25815.0,2025-03-27
2025032704012336,CHL,56,22,157.0,517.0,81169.0,2025-03-27
2025032705016452,NIFRA,25,43,464.0,269.2,124908.8,2025-03-27
2025032705016451,NIFRA,37,43,36.0,269.3,9694.8,2025-03-27
2025032703012141,SAPDBL,45,43,86.0,1099.0,94514.0,2025-03-27
2025032703012140,SAPDBL,52,43,64.0,1099.0,70336.0,2025-03-27
2025032701014371,AVYAN,14,58,10.0,1079.9,10799.0,2025-03-27
2025032701014370,AVYAN,14,62,14.0,1070.0,14980.0,2025-03-27
2025032705016450,PHCL,65,65,500.0,582.0,291000.0,2025-03-27
2025032705016449,NRN,99,58,10.0,1487.0,14870.0,2025-03-27
2025032705016448,BBC,50,36,10.0,5549.0,55490.0,2025-03-27
2025032705016447,HRL,45,32,10.0,1020.5,10205.0,2025-03-27
2025032703012139,LICN,29,57,50.0,1022.1,51105.0,2025-03-27
2025032704012335,UMHL,82,57,1000.0,434.0,434000.0,2025-03-27
2025032701014369,SGHC,42,21,80.0,542.5,43400.0,2025-03-27
2025032703012138,CBBL,6,83,35.0,841.0,29435.0,2025-03-27
2025032703012137,CBBL,6,95,75.0,841.0,63075.0,2025-03-27
2025032703012136,MLBL,94,48,817.0,404.5,330476.5,2025-03-27
2025032703012135,MLBL,38,48,1000.0,405.0,405000.0,2025-03-27
2025032703012134,MLBL,57,48,100.0,405.0,40500.0,2025-03-27
2025032703012133,MLBL,38,48,1300.0,405.0,526500.0,2025-03-27
2025032703012132,MLBL,58,48,120.0,405.0,48600.0,2025-03-27
2025032703012131,MLBL,41,48,344.0,405.1,139354.4,2025-03-27
2025032703012130,MLBL,47,48,200.0,405.2,81040.0,2025-03-27
2025032703012129,MLBL,39,48,119.0,406.0,48314.0,2025-03-27
2025032705016446,HRL,45,58,10.0,1020.5,10205.0,2025-03-27
2025032704012334,HPPL,58,48,1500.0,588.0,882000.0,2025-03-27
2025032705016445,HATHY,58,42,100.0,1300.0,130000.0,2025-03-27
2025032701014368,SIKLES,6,33,100.0,1149.5,114950.0,2025-03-27
2025032701014367,SIKLES,6,25,10.0,1149.0,11490.0,2025-03-27
2025032701014366,SIKLES,6,34,10.0,1149.0,11490.0,2025-03-27
2025032701014365,SIKLES,6,58,10.0,1147.0,11470.0,2025-03-27
2025032701014364,SIKLES,6,26,20.0,1144.0,22880.0,2025-03-27
2025032701014363,KBL,32,38,500.0,204.2,102100.0,2025-03-27
2025032701014362,MMKJL,55,17,100.0,686.3,68630.0,2025-03-27
2025032701014361,MMKJL,55,72,100.0,685.0,68500.0,2025-03-27
2025032701014360,MMKJL,55,16,50.0,684.9,34245.0,2025-03-27
2025032701014359,MMKJL,55,78,50.0,684.0,34200.0,2025-03-27
2025032701014358,MBL,14,55,16.0,227.5,3640.0,2025-03-27
2025032701014357,MBL,1,55,50.0,227.5,11375.0,2025-03-27
2025032701014356,MBL,34,55,134.0,227.6,30498.4,2025-03-27
2025032701014355,SPL,88,41,18.0,877.0,15786.0,2025-03-27
2025032701014354,SPL,88,17,20.0,875.0,17500.0,2025-03-27
2025032701014353,SPL,88,59,30.0,871.0,26130.0,2025-03-27
2025032701014352,SPL,88,16,10.0,871.0,8710.0,2025-03-27
2025032701014351,SPL,88,44,10.0,871.0,8710.0,2025-03-27
2025032701014350,SPL,88,5,162.0,870.0,140940.0,2025-03-27
2025032704012333,GLH,88,57,10.0,244.7,2447.0,2025-03-27
2025032705016444,HATHY,25,42,50.0,1300.0,65000.0,2025-03-27
2025032705016443,ILI,49,49,56.0,467.0,26152.0,2025-03-27
2025032701014349,NABIL,45,58,30.0,485.0,14550.0,2025-03-27
2025032701014348,CYCL,54,45,20.0,1642.0,32840.0,2025-03-27
2025032705016442,HRL,42,19,50.0,1020.0,51000.0,2025-03-27
2025032705016441,NIFRA,37,1,100.0,269.3,26930.0,2025-03-27
2025032703012128,MSLB,74,65,10.0,1313.0,13130.0,2025-03-27
2025032703012127,MSLB,74,33,10.0,1309.9,13099.0,2025-03-27
2025032705016440,GCIL,38,58,400.0,548.2,219280.0,2025-03-27
2025032703012126,SINDU,72,71,1000.0,1076.9,1076900.0,2025-03-27
2025032701014347,H8020,34,4,100.0,10.6,1060.0,2025-03-27
2025032701014346,H8020,34,1,100.0,10.55,1055.0,2025-03-27
2025032703012125,EDBL,34,48,10.0,647.0,6470.0,2025-03-27
2025032705016439,SAHAS,42,42,10.0,500.0,5000.0,2025-03-27
2025032704012332,SHEL,77,34,200.0,251.0,50200.0,2025-03-27
2025032704012331,CHCL,42,55,17.0,486.0,8262.0,2025-03-27
2025032704012330,RIDI,34,48,100.0,221.8,22180.0,2025-03-27
2025032704012329,RADHI,20,42,222.0,389.0,86358.0,2025-03-27
2025032704012328,RADHI,53,42,420.0,389.5,163590.0,2025-03-27
2025032703012124,NADEP,7,34,350.0,888.0,310800.0,2025-03-27
2025032703012123,NADEP,7,45,125.0,883.0,110375.0,2025-03-27
2025032701014345,SRLI,50,25,10.0,418.8,4188.0,2025-03-27
2025032704012327,JOSHI,50,51,70.0,357.2,25004.0,2025-03-27
2025032701014344,EBL,81,60,10.0,607.0,6070.0,2025-03-27
2025032701014343,GMLI,89,32,20.0,2290.0,45800.0,2025-03-27
2025032701014342,GMLI,58,32,20.0,2290.0,45800.0,2025-03-27
2025032705016438,NRIC,82,60,370.0,1293.4,478558.0,2025-03-27
2025032705016437,NRIC,40,60,50.0,1293.5,64675.0,2025-03-27
2025032705016436,NRIC,52,60,580.0,1293.6,750288.0,2025-03-27
2025032704012326,BARUN,48,64,330.0,513.1,169323.0,2025-03-27
2025032704012325,BARUN,14,64,500.0,513.1,256550.0,2025-03-27
2025032704012324,BARUN,45,64,660.0,513.1,338646.0,2025-03-27
2025032704012323,BARUN,48,64,500.0,513.2,256600.0,2025-03-27
2025032704012322,BARUN,38,64,10.0,513.2,5132.0,2025-03-27
2025032704012321,KPCL,57,49,10.0,523.0,5230.0,2025-03-27
2025032704012320,KPCL,57,68,315.0,523.0,164745.0,2025-03-27
2025032705016435,SHIVM,57,6,77.0,539.0,41503.0,2025-03-27
2025032704012319,OHL,57,58,52.0,885.0,46020.0,2025-03-27
2025032704012318,OHL,57,6,50.0,885.0,44250.0,2025-03-27
2025032704012317,NLG,45,57,10.0,876.0,8760.0,2025-03-27
2025032703012122,LBBL,57,57,20.0,424.1,8482.0,2025-03-27
2025032701014341,SANIMA,48,57,74.0,301.0,22274.0,2025-03-27
2025032701014340,SANIMA,29,57,26.0,301.0,7826.0,2025-03-27
2025032705016434,SONA,26,81,73.0,475.0,34675.0,2025-03-27
2025032705016433,SONA,26,35,10.0,475.0,4750.0,2025-03-27
2025032705016432,SONA,26,75,10.0,475.0,4750.0,2025-03-27
2025032705016431,SONA,26,14,10.0,475.0,4750.0,2025-03-27
2025032705016430,SONA,26,17,230.0,474.5,109135.0,2025-03-27
2025032701014339,ULHC,21,99,320.0,517.0,165440.0,2025-03-27
2025032704012316,SALICO,95,58,10.0,711.0,7110.0,2025-03-27
2025032701014338,SPC,39,51,41.0,525.0,21525.0,2025-03-27
2025032704012315,AHPC,25,59,100.0,253.1,25310.0,2025-03-27
2025032704012314,GLH,29,57,20.0,244.7,4894.0,2025-03-27
2025032704012313,GLH,29,58,60.0,244.6,14676.0,2025-03-27
2025032703012121,MFIL,45,58,24.0,620.0,14880.0,2025-03-27
2025032703012120,MFIL,45,32,100.0,620.0,62000.0,2025-03-27
2025032703012119,MFIL,45,51,250.0,620.0,155000.0,2025-03-27
2025032703012118,MFIL,45,34,50.0,620.0,31000.0,2025-03-27
2025032703012117,MFIL,45,32,30.0,620.0,18600.0,2025-03-27
2025032703012116,MFIL,45,7,26.0,620.0,16120.0,2025-03-27
2025032703012115,MFIL,45,39,50.0,620.0,31000.0,2025-03-27
2025032703012114,MFIL,45,85,200.0,619.0,123800.0,2025-03-27
2025032703012113,MFIL,45,42,200.0,618.5,123700.0,2025-03-27
2025032703012112,MFIL,45,1,200.0,616.0,123200.0,2025-03-27
2025032703012111,MFIL,45,33,10.0,615.8,6158.0,2025-03-27
2025032703012110,MFIL,45,1,100.0,615.0,61500.0,2025-03-27
2025032703012109,GUFL,19,58,200.0,584.5,116900.0,2025-03-27
2025032701014337,MHCL,7,91,10.0,523.9,5239.0,2025-03-27
2025032701014336,MHCL,7,55,10.0,521.5,5215.0,2025-03-27
2025032703012108,LICN,29,34,10.0,1022.1,10221.0,2025-03-27
2025032701014335,GBIME,48,34,853.0,219.2,186977.6,2025-03-27
2025032701014334,GMLI,58,14,10.0,2290.0,22900.0,2025-03-27
2025032701014333,GMLI,58,4,10.0,2290.0,22900.0,2025-03-27
2025032701014332,TPC,39,4,200.0,514.0,102800.0,2025-03-27
2025032704012312,UMRH,76,13,100.0,615.0,61500.0,2025-03-27
2025032704012311,NHPC,58,22,400.0,209.0,83600.0,2025-03-27
2025032703012107,SINDU,72,54,100.0,1076.9,107690.0,2025-03-27
2025032703012106,NLIC,39,13,100.0,785.0,78500.0,2025-03-27
2025032703012105,NLIC,39,42,50.0,785.0,39250.0,2025-03-27
2025032704012310,HPPL,58,39,200.0,588.0,117600.0,2025-03-27
2025032705016429,NIFRA,37,99,14.0,269.3,3770.2,2025-03-27
2025032704012309,UNHPL,49,59,10.0,306.4,3064.0,2025-03-27
2025032703012104,SMB,40,45,10.0,2565.2,25652.0,2025-03-27
2025032704012308,AKJCL,38,63,500.0,204.0,102000.0,2025-03-27
2025032704012307,DHPL,45,99,10.0,394.0,3940.0,2025-03-27
2025032703012103,SFCL,1,98,199.0,537.0,106863.0,2025-03-27
2025032704012306,NHPC,40,52,250.0,209.1,52275.0,2025-03-27
2025032701014331,NWCL,77,58,10.0,970.0,9700.0,2025-03-27
2025032701014330,NWCL,77,22,30.0,970.0,29100.0,2025-03-27
2025032701014329,NWCL,77,49,100.0,970.0,97000.0,2025-03-27
2025032701014328,NWCL,77,52,20.0,969.9,19398.0,2025-03-27
2025032701014327,NWCL,77,45,120.0,969.9,116388.0,2025-03-27
2025032701014326,NWCL,77,49,10.0,965.0,9650.0,2025-03-27
2025032701014325,NWCL,77,58,93.0,965.0,89745.0,2025-03-27
2025032701014324,NWCL,77,42,10.0,965.0,9650.0,2025-03-27
2025032703012102,ACLBSL,58,65,20.0,1097.0,21940.0,2025-03-27
2025032701014323,MMKJL,33,58,50.0,680.0,34000.0,2025-03-27
2025032705016428,SMATA,13,51,10.0,835.0,8350.0,2025-03-27
2025032701014322,JBLB,66,58,1.0,1318.0,1318.0,2025-03-27
2025032703012101,SINDU,72,58,10.0,1076.9,10769.0,2025-03-27
2025032705016427,HATHY,62,42,10.0,1300.0,13000.0,2025-03-27
2025032705016426,PHCL,65,8,340.0,582.0,197880.0,2025-03-27
2025032704012305,PMHPL,52,43,120.0,289.0,34680.0,2025-03-27
2025032704012304,PMHPL,6,43,10.0,289.4,2894.0,2025-03-27
2025032701014321,RFPL,57,17,10.0,686.1,6861.0,2025-03-27
2025032704012303,HPPL,58,50,900.0,588.0,529200.0,2025-03-27
2025032704012302,HPPL,68,50,100.0,588.1,58810.0,2025-03-27
2025032701014320,MMKJL,33,81,150.0,680.0,102000.0,2025-03-27
2025032704012301,API,49,32,145.0,270.0,39150.0,2025-03-27
2025032703012100,ICFC,32,10,60.0,608.0,36480.0,2025-03-27
2025032701014319,MAKAR,57,57,252.0,700.0,176400.0,2025-03-27
2025032701014318,MAKAR,55,57,50.0,700.1,35005.0,2025-03-27
2025032701014317,MAKAR,42,57,117.0,701.0,82017.0,2025-03-27
2025032701014316,MAKAR,34,57,244.0,701.0,171044.0,2025-03-27
2025032701014315,MAKAR,34,57,144.0,701.0,100944.0,2025-03-27
2025032701014314,MAKAR,67,57,20.0,701.0,14020.0,2025-03-27
2025032701014313,MAKAR,55,57,35.0,701.1,24538.5,2025-03-27
2025032701014312,MAKAR,58,57,30.0,701.1,21033.0,2025-03-27
2025032705016425,GCIL,72,42,10.0,550.0,5500.0,2025-03-27
2025032701014311,GMLI,58,39,10.0,2290.0,22900.0,2025-03-27
2025032703012099,NMLBBL,38,26,10.0,669.0,6690.0,2025-03-27
2025032703012098,NMLBBL,38,25,20.0,667.8,13356.0,2025-03-27
2025032703012097,NMLBBL,38,21,30.0,667.0,20010.0,2025-03-27
2025032704012300,IGI,49,35,10.0,584.0,5840.0,2025-03-27
2025032703012096,VLBS,53,16,10.0,860.0,8600.0,2025-03-27
2025032701014310,GMLI,55,84,10.0,2290.0,22900.0,2025-03-27
2025032701014309,BGWT,74,71,10.0,1018.9,10189.0,2025-03-27
2025032705016424,NRIC,1,60,10.0,1294.0,12940.0,2025-03-27
2025032701014308,MKHC,71,1,30.0,532.0,15960.0,2025-03-27
2025032701014307,MKHC,71,44,770.0,531.0,408870.0,2025-03-27
2025032701014306,MKHC,71,4,200.0,531.0,106200.0,2025-03-27
2025032705016423,NRIC,52,36,190.0,1293.6,245784.0,2025-03-27
2025032704012299,RHPL,38,58,5.0,380.0,1900.0,2025-03-27
2025032704012298,RHPL,44,58,900.0,380.0,342000.0,2025-03-27
2025032704012297,RHPL,4,58,595.0,380.0,226100.0,2025-03-27
2025032704012296,RHPL,52,58,30.0,380.1,11403.0,2025-03-27
2025032701014305,MKHL,6,10,68.0,680.2,46253.6,2025-03-27
2025032701014304,MKHL,1,10,25.0,682.0,17050.0,2025-03-27
2025032701014303,MKHL,36,10,490.0,683.0,334670.0,2025-03-27
2025032701014302,MKHL,36,10,480.0,683.0,327840.0,2025-03-27
2025032701014301,MKHL,6,10,500.0,684.0,342000.0,2025-03-27
2025032701014300,MKHL,43,10,30.0,685.0,20550.0,2025-03-27
2025032701014299,MKHL,26,10,25.0,685.0,17125.0,2025-03-27
2025032701014298,MKHL,35,10,1172.0,685.1,802937.2,2025-03-27
2025032701014297,MKHL,38,10,100.0,687.0,68700.0,2025-03-27
2025032701014296,MKHL,6,10,100.0,687.7,68770.0,2025-03-27
2025032701014295,MKHL,6,10,400.0,688.2,275280.0,2025-03-27
2025032701014294,MKHL,72,10,120.0,689.0,82680.0,2025-03-27
2025032701014293,MKHL,58,10,150.0,689.0,103350.0,2025-03-27
2025032701014292,MKHL,6,10,100.0,689.2,68920.0,2025-03-27
2025032701014291,MKHL,6,10,40.0,689.2,27568.0,2025-03-27
2025032701014290,MKHL,77,10,100.0,689.3,68930.0,2025-03-27
2025032701014289,MKHL,43,10,10.0,690.0,6900.0,2025-03-27
2025032701014288,MKHL,58,10,50.0,690.0,34500.0,2025-03-27
2025032701014287,MKHL,19,10,40.0,690.0,27600.0,2025-03-27
2025032704012295,GHL,57,32,200.0,286.0,57200.0,2025-03-27
2025032705016422,MEL,55,32,300.0,322.0,96600.0,2025-03-27
2025032703012095,NFS,54,22,10.0,692.0,6920.0,2025-03-27
2025032704012294,CHCL,22,55,100.0,486.0,48600.0,2025-03-27
2025032704012293,IGI,26,35,10.0,584.0,5840.0,2025-03-27
2025032704012292,HEI,52,14,31.0,610.0,18910.0,2025-03-27
2025032701014286,SNLI,1,39,11.0,650.5,7155.5,2025-03-27
2025032701014285,SNLI,8,39,85.0,650.5,55292.5,2025-03-27
2025032705016421,PHCL,65,62,980.0,582.0,570360.0,2025-03-27
2025032704012291,JOSHI,6,51,10.0,357.2,3572.0,2025-03-27
2025032705016420,MEL,55,6,10.0,322.0,3220.0,2025-03-27
2025032703012094,RSDC,88,53,100.0,714.0,71400.0,2025-03-27
2025032703012093,SFCL,7,85,100.0,536.5,53650.0,2025-03-27
2025032704012290,RADHI,53,38,100.0,389.5,38950.0,2025-03-27
2025032701014284,PCBL,90,32,200.0,252.0,50400.0,2025-03-27
2025032701014283,SRLI,44,29,100.0,418.0,41800.0,2025-03-27
2025032703012092,SADBL,45,43,47.0,406.0,19082.0,2025-03-27
2025032703012091,NLIC,34,74,10.0,784.0,7840.0,2025-03-27
2025032703012090,NLIC,19,74,40.0,784.0,31360.0,2025-03-27
2025032705016419,HRL,58,84,200.0,1021.0,204200.0,2025-03-27
2025032701014282,SIGS3,52,43,3700.0,9.84,36408.0,2025-03-27
2025032704012289,OHL,4,51,40.0,880.0,35200.0,2025-03-27
2025032704012288,OHL,58,51,200.0,880.0,176000.0,2025-03-27
2025032704012287,OHL,58,51,10.0,880.0,8800.0,2025-03-27
2025032704012286,OHL,58,51,20.0,880.1,17602.0,2025-03-27
2025032703012089,MPFL,53,91,703.0,640.0,449920.0,2025-03-27
2025032703012088,MPFL,33,91,103.0,640.0,65920.0,2025-03-27
2025032703012087,MPFL,46,91,14.0,641.0,8974.0,2025-03-27
2025032703012086,MPFL,42,91,18.0,641.7,11550.6,2025-03-27
2025032703012085,MPFL,58,91,162.0,641.8,103971.6,2025-03-27
2025032704012285,PPCL,33,14,30.0,313.0,9390.0,2025-03-27
2025032703012084,GUFL,81,19,70.0,585.0,40950.0,2025-03-27
2025032704012284,AKJCL,32,52,10.0,204.2,2042.0,2025-03-27
2025032705016418,HRL,42,57,71.0,1020.0,72420.0,2025-03-27
2025032705016417,HRL,74,57,329.0,1020.0,335580.0,2025-03-27
2025032703012083,SIFC,36,26,1000.0,523.0,523000.0,2025-03-27
2025032703012082,SIFC,6,26,952.0,525.0,499800.0,2025-03-27
2025032703012081,SIFC,42,26,50.0,525.0,26250.0,2025-03-27
2025032703012080,SIFC,57,26,80.0,525.0,42000.0,2025-03-27
2025032703012079,SIFC,57,26,100.0,525.6,52560.0,2025-03-27
2025032703012078,SIFC,8,26,30.0,528.0,15840.0,2025-03-27
2025032704012283,UMHL,56,21,1000.0,434.1,434100.0,2025-03-27
2025032704012282,UAIL,33,19,505.0,645.0,325725.0,2025-03-27
2025032703012077,MLBL,39,52,47.0,406.0,19082.0,2025-03-27
2025032703012076,MLBL,39,58,334.0,406.0,135604.0,2025-03-27
2025032703012075,LBBL,6,95,379.0,424.7,160961.3,2025-03-27
2025032704012281,UPPER,16,38,25.0,201.8,5045.0,2025-03-27
2025032703012074,GRDBL,42,38,20.0,1386.0,27720.0,2025-03-27
2025032703012073,ICFC,40,38,10.0,606.0,6060.0,2025-03-27
2025032703012072,NFS,38,49,10.0,691.0,6910.0,2025-03-27
2025032703012071,NFS,21,49,300.0,691.0,207300.0,2025-03-27
2025032704012280,SICL,26,59,50.0,782.0,39100.0,2025-03-27
2025032704012279,UPPER,36,45,2.0,200.0,400.0,2025-03-27
2025032703012070,MLBL,45,58,166.0,406.0,67396.0,2025-03-27
2025032703012069,MLBL,45,18,200.0,406.0,81200.0,2025-03-27
2025032703012068,MLBL,45,17,101.0,406.0,41006.0,2025-03-27
2025032703012067,MLBL,45,60,33.0,406.0,13398.0,2025-03-27
2025032703012066,ACLBSL,47,47,80.0,1095.0,87600.0,2025-03-27
2025032703012065,ACLBSL,34,47,20.0,1095.5,21910.0,2025-03-27
2025032701014281,SARBTM,74,35,131.0,794.0,104014.0,2025-03-27
2025032701014280,SMHL,90,58,28.0,871.5,24402.0,2025-03-27
2025032705016416,HIDCL,58,57,20.0,271.0,5420.0,2025-03-27
2025032705016415,HIDCL,58,55,150.0,271.0,40650.0,2025-03-27
2025032705016414,HIDCL,58,47,51.0,271.0,13821.0,2025-03-27
2025032705016413,HIDCL,58,45,15.0,271.0,4065.0,2025-03-27
2025032704012278,NGPL,51,42,13.0,270.0,3510.0,2025-03-27
2025032701014279,HBL,94,42,200.0,235.0,47000.0,2025-03-27
2025032701014278,USHEC,58,60,41.0,595.0,24395.0,2025-03-27
2025032701014277,GMLI,55,20,10.0,2290.0,22900.0,2025-03-27
2025032703012064,NUBL,48,41,57.0,676.3,38549.1,2025-03-27
2025032705016412,CHDC,77,14,50.0,2273.0,113650.0,2025-03-27
2025032703012063,RLFL,58,17,20.0,535.0,10700.0,2025-03-27
2025032703012062,RLFL,58,17,30.0,535.0,16050.0,2025-03-27
2025032703012061,RLFL,34,17,40.0,535.0,21400.0,2025-03-27
2025032704012277,HEI,52,32,357.0,606.0,216342.0,2025-03-27
2025032704012276,GHL,34,56,265.0,285.0,75525.0,2025-03-27
2025032704012275,GHL,56,56,1700.0,285.0,484500.0,2025-03-27
2025032704012274,GHL,17,56,100.0,285.0,28500.0,2025-03-27
2025032704012273,GHL,35,56,1000.0,285.0,285000.0,2025-03-27
2025032704012272,GHL,32,56,200.0,285.0,57000.0,2025-03-27
2025032704012271,GHL,5,56,500.0,285.0,142500.0,2025-03-27
2025032704012270,GHL,13,56,265.0,285.0,75525.0,2025-03-27
2025032704012269,GHL,29,56,150.0,285.0,42750.0,2025-03-27
2025032704012268,GHL,66,56,300.0,285.0,85500.0,2025-03-27
2025032704012267,GHL,34,56,100.0,285.1,28510.0,2025-03-27
2025032704012266,GHL,7,56,200.0,285.1,57020.0,2025-03-27
2025032704012265,GHL,1,56,50.0,286.0,14300.0,2025-03-27
2025032704012264,GHL,57,56,170.0,286.0,48620.0,2025-03-27
2025032703012060,CBBL,52,95,25.0,841.0,21025.0,2025-03-27
2025032704012263,BPCL,28,70,234.0,395.0,92430.0,2025-03-27
2025032704012262,BPCL,37,70,766.0,395.0,302570.0,2025-03-27
2025032701014276,LSL,68,39,500.0,219.0,109500.0,2025-03-27
2025032704012261,UPCL,39,57,300.0,284.0,85200.0,2025-03-27
2025032705016411,HRL,6,84,180.0,1021.0,183780.0,2025-03-27
2025032705016410,HRL,6,16,20.0,1020.9,20418.0,2025-03-27
2025032703012059,GMFIL,29,19,100.0,499.0,49900.0,2025-03-27
2025032703012058,GMFIL,58,19,20.0,499.0,9980.0,2025-03-27
2025032704012260,SPDL,67,95,40.0,320.5,12820.0,2025-03-27
2025032704012259,SPDL,67,17,10.0,320.0,3200.0,2025-03-27
2025032705016409,NRIC,49,60,50.0,1294.0,64700.0,2025-03-27
2025032704012258,DHPL,47,5,10.0,391.9,3919.0,2025-03-27
2025032705016408,ILI,45,49,10.0,467.0,4670.0,2025-03-27
2025032701014275,EBL,42,45,100.0,606.0,60600.0,2025-03-27
2025032703012057,GBBL,46,49,40.0,395.0,15800.0,2025-03-27
2025032705016407,HRL,74,16,171.0,1020.0,174420.0,2025-03-27
2025032705016406,HRL,16,16,50.0,1020.0,51000.0,2025-03-27
2025032705016405,HRL,35,16,200.0,1020.1,204020.0,2025-03-27
2025032705016404,HRL,75,16,354.0,1020.2,361150.8,2025-03-27
2025032705016403,HRL,48,16,255.0,1020.5,260227.5,2025-03-27
2025032701014274,USHEC,40,60,114.0,595.0,67830.0,2025-03-27
2025032701014273,USHEC,40,25,10.0,595.0,5950.0,2025-03-27
2025032701014272,USHEC,40,54,10.0,595.0,5950.0,2025-03-27
2025032705016402,SMJC,59,1,300.0,590.5,177150.0,2025-03-27
2025032705016401,SMJC,91,1,400.0,590.6,236240.0,2025-03-27
2025032705016400,HRL,48,71,510.0,1020.5,520455.0,2025-03-27
2025032705016399,MEL,55,42,775.0,322.0,249550.0,2025-03-27
2025032704012257,AKJCL,38,34,500.0,204.0,102000.0,2025-03-27
2025032701014271,TAMOR,37,58,10.0,514.0,5140.0,2025-03-27
2025032703012056,MLBL,60,60,10.0,406.0,4060.0,2025-03-27
2025032703012055,SKBBL,38,32,30.0,796.0,23880.0,2025-03-27
2025032703012054,SKBBL,16,32,10.0,796.0,7960.0,2025-03-27
2025032704012256,UPCL,52,57,1000.0,284.0,284000.0,2025-03-27
2025032704012255,UPCL,58,57,44.0,284.0,12496.0,2025-03-27
2025032704012254,UPCL,1,57,500.0,284.0,142000.0,2025-03-27
2025032704012253,UPCL,38,57,50.0,284.0,14200.0,2025-03-27
2025032704012252,UPCL,28,57,200.0,284.1,56820.0,2025-03-27
2025032704012251,UPCL,33,57,100.0,284.1,28410.0,2025-03-27
2025032703012053,RLFL,52,29,42.0,540.0,22680.0,2025-03-27
2025032703012052,RLFL,52,88,50.0,539.9,26995.0,2025-03-27
2025032703012051,RLFL,52,35,108.0,538.0,58104.0,2025-03-27
2025032704012250,SJCL,58,21,113.0,326.2,36860.6,2025-03-27
2025032701014270,GMLI,55,39,10.0,2290.0,22900.0,2025-03-27
2025032703012050,PROFL,39,41,69.0,547.0,37743.0,2025-03-27
2025032703012049,PROFL,39,49,300.0,546.7,164010.0,2025-03-27
2025032703012048,PROFL,39,80,300.0,546.0,163800.0,2025-03-27
2025032703012047,PROFL,39,58,19.0,545.6,10366.4,2025-03-27
2025032703012046,PROFL,39,34,312.0,545.6,170227.2,2025-03-27
2025032701014269,SPC,39,51,13.0,525.0,6825.0,2025-03-27
2025032701014268,SPC,39,41,28.0,525.0,14700.0,2025-03-27
2025032704012249,GHL,57,6,100.0,286.0,28600.0,2025-03-27
2025032703012045,GMFIL,38,32,50.0,500.0,25000.0,2025-03-27
2025032701014267,MKJC,29,42,10.0,538.0,5380.0,2025-03-27
2025032701014266,KBL,16,86,100.0,204.5,20450.0,2025-03-27
2025032704012248,SHEL,77,45,748.0,251.0,187748.0,2025-03-27
2025032704012247,SHEL,28,45,100.0,251.1,25110.0,2025-03-27
2025032704012246,SHEL,94,45,500.0,251.1,125550.0,2025-03-27
2025032704012245,SHEL,33,45,190.0,251.1,47709.0,2025-03-27
2025032704012244,SHEL,13,45,1000.0,251.2,251200.0,2025-03-27
2025032704012243,SHEL,26,45,300.0,251.4,75420.0,2025-03-27
2025032704012242,SHEL,34,45,100.0,251.5,25150.0,2025-03-27
2025032704012241,SHEL,35,45,46.0,251.6,11573.6,2025-03-27
2025032704012240,SHEL,57,45,16.0,251.6,4025.6,2025-03-27
2025032701014265,MEHL,40,62,50.0,537.0,26850.0,2025-03-27
2025032701014264,UNLB,1,18,10.0,2279.3,22793.0,2025-03-27
2025032704012239,CHL,56,71,100.0,517.0,51700.0,2025-03-27
2025032701014263,SPC,66,58,10.0,525.0,5250.0,2025-03-27
2025032704012238,API,49,13,300.0,270.0,81000.0,2025-03-27
2025032704012237,PPCL,33,42,390.0,313.0,122070.0,2025-03-27
2025032701014262,LSL,58,13,446.0,220.0,98120.0,2025-03-27
2025032701014261,LSL,58,41,19.0,220.0,4180.0,2025-03-27
2025032701014260,LSL,58,52,35.0,219.9,7696.5,2025-03-27
2025032704012236,PPCL,33,41,416.0,313.0,130208.0,2025-03-27
2025032701014259,PCBL,13,4,120.0,251.2,30144.0,2025-03-27
2025032704012235,PPCL,14,3,12.0,313.3,3759.6,2025-03-27
2025032701014258,CYCL,50,33,15.0,1650.0,24750.0,2025-03-27
2025032701014257,CYCL,50,38,15.0,1650.0,24750.0,2025-03-27
2025032701014256,MKHL,19,11,40.0,690.0,27600.0,2025-03-27
2025032701014255,MKHL,28,11,10.0,694.0,6940.0,2025-03-27
2025032705016398,NRIC,82,60,310.0,1294.0,401140.0,2025-03-27
2025032705016397,NRIC,60,58,10.0,1296.0,12960.0,2025-03-27
2025032705016396,NRIC,82,32,190.0,1294.0,245860.0,2025-03-27
2025032705016395,NRIC,16,32,53.0,1294.0,68582.0,2025-03-27
2025032705016394,NRIC,62,32,400.0,1294.0,517600.0,2025-03-27
2025032705016393,NRIC,39,32,47.0,1294.0,60818.0,2025-03-27
2025032705016392,NRIC,38,32,100.0,1294.1,129410.0,2025-03-27
2025032705016391,NRIC,59,32,10.0,1294.1,12941.0,2025-03-27
2025032703012044,MLBBL,5,22,10.0,1564.3,15643.0,2025-03-27
2025032705016390,NIFRA,52,57,98.0,269.2,26381.6,2025-03-27
2025032703012043,NFS,26,22,10.0,692.0,6920.0,2025-03-27
2025032703012042,NFS,26,47,40.0,692.0,27680.0,2025-03-27
2025032704012234,CHCL,26,55,200.0,486.0,97200.0,2025-03-27
2025032701014254,MKJC,44,95,200.0,537.2,107440.0,2025-03-27
2025032705016389,ILI,70,49,27.0,467.0,12609.0,2025-03-27
2025032705016388,ILI,70,16,173.0,467.0,80791.0,2025-03-27
2025032705016387,ENL,57,48,75.0,1120.0,84000.0,2025-03-27
2025032704012233,HURJA,62,45,950.0,237.0,225150.0,2025-03-27
2025032704012232,HURJA,62,29,50.0,236.9,11845.0,2025-03-27
2025032704012231,HURJA,62,85,800.0,236.8,189440.0,2025-03-27
2025032701014253,MEHL,40,62,85.0,537.0,45645.0,2025-03-27
2025032703012041,NLICL,55,54,50.0,644.7,32235.0,2025-03-27
2025032703012040,MPFL,53,39,10.0,645.0,6450.0,2025-03-27
2025032705016386,HRL,28,84,36.0,1021.0,36756.0,2025-03-27
2025032705016385,HRL,28,58,14.0,1021.0,14294.0,2025-03-27
2025032705016384,PHCL,65,49,500.0,582.0,291000.0,2025-03-27
2025032703012039,SAPDBL,49,49,38.0,1099.9,41796.2,2025-03-27
2025032703012038,SAPDBL,49,6,162.0,1099.9,178183.8,2025-03-27
2025032703012037,MDB,18,40,100.0,633.0,63300.0,2025-03-27
2025032703012036,MDB,38,40,200.0,633.0,126600.0,2025-03-27
2025032703012035,MDB,57,40,100.0,633.0,63300.0,2025-03-27
2025032703012034,MDB,37,40,100.0,633.5,63350.0,2025-03-27
2025032701014252,BEDC,8,8,10.0,784.0,7840.0,2025-03-27
2025032703012033,NLICL,41,54,40.0,644.7,25788.0,2025-03-27
2025032701014251,DORDI,68,59,10.0,371.0,3710.0,2025-03-27
2025032703012032,DDBL,34,14,77.0,781.0,60137.0,2025-03-27
2025032703012031,DDBL,58,14,30.0,781.0,23430.0,2025-03-27
2025032703012030,DDBL,46,14,13.0,782.0,10166.0,2025-03-27
2025032701014250,HBL,94,11,180.0,235.0,42300.0,2025-03-27
2025032701014249,CZBIL,32,91,15.0,209.0,3135.0,2025-03-27
2025032701014248,PPL,32,42,10.0,530.0,5300.0,2025-03-27
2025032701014247,PPL,32,49,10.0,530.0,5300.0,2025-03-27
2025032701014246,MKCL,54,71,40.0,1590.1,63604.0,2025-03-27
2025032701014245,RFPL,57,22,70.0,686.1,48027.0,2025-03-27
2025032701014244,SBL,18,34,734.0,293.0,215062.0,2025-03-27
2025032701014243,SBL,18,44,100.0,293.0,29300.0,2025-03-27
2025032701014242,SBL,18,5,872.0,292.0,254624.0,2025-03-27
2025032701014241,SBL,18,28,500.0,292.0,146000.0,2025-03-27
2025032701014240,SBL,18,58,121.0,291.0,35211.0,2025-03-27
2025032701014239,SBL,18,17,200.0,291.0,58200.0,2025-03-27
2025032701014238,SBL,18,32,100.0,291.0,29100.0,2025-03-27
2025032701014237,SBL,18,28,100.0,290.7,29070.0,2025-03-27
2025032701014236,SBL,18,44,100.0,290.5,29050.0,2025-03-27
2025032701014235,SBL,18,25,300.0,290.0,87000.0,2025-03-27
2025032701014234,SBL,18,35,50.0,290.0,14500.0,2025-03-27
2025032701014233,SBL,18,8,500.0,290.0,145000.0,2025-03-27
2025032701014232,SBL,18,34,100.0,290.0,29000.0,2025-03-27
2025032701014231,SBL,18,44,100.0,290.0,29000.0,2025-03-27
2025032701014230,SBL,18,41,531.0,290.0,153990.0,2025-03-27
2025032701014229,SBL,18,34,100.0,289.9,28990.0,2025-03-27
2025032701014228,SBL,18,40,333.0,289.7,96470.1,2025-03-27
2025032701014227,SBL,18,66,159.0,286.0,45474.0,2025-03-27
2025032701014226,LSL,68,95,161.0,219.0,35259.0,2025-03-27
2025032704012230,UNHPL,56,50,10.0,306.0,3060.0,2025-03-27
2025032704012229,SSHL,56,34,100.0,230.9,23090.0,2025-03-27
2025032705016383,ILI,93,3,10.0,466.0,4660.0,2025-03-27
2025032703012029,SAPDBL,48,6,100.0,1099.9,109990.0,2025-03-27
2025032704012228,MHNL,59,48,285.0,266.0,75810.0,2025-03-27
2025032703012028,SMPDA,58,81,50.0,942.0,47100.0,2025-03-27
2025032705016382,ILI,93,55,70.0,466.0,32620.0,2025-03-27
2025032701014225,KBSH,19,19,10.0,2438.0,24380.0,2025-03-27
2025032701014224,KBSH,19,42,50.0,2437.9,121895.0,2025-03-27
2025032705016381,CIT,55,5,178.0,1960.0,348880.0,2025-03-27
2025032705016380,CIT,53,5,50.0,1960.0,98000.0,2025-03-27
2025032705016379,CIT,58,5,178.0,1960.0,348880.0,2025-03-27
2025032705016378,CIT,41,5,30.0,1960.1,58803.0,2025-03-27
2025032705016377,CIT,40,5,20.0,1962.0,39240.0,2025-03-27
2025032705016376,HRL,48,45,235.0,1020.5,239817.5,2025-03-27
2025032705016375,MBJC,57,35,50.0,320.0,16000.0,2025-03-27
2025032704012227,SHPC,41,41,84.0,474.0,39816.0,2025-03-27
2025032705016374,NRN,14,55,60.0,1490.0,89400.0,2025-03-27
2025032704012226,BARUN,42,57,27.0,514.0,13878.0,2025-03-27
2025032701014223,GBILD84/85,29,78,24.0,1186.0,28464.0,2025-03-27
2025032703012027,GMFBS,68,98,30.0,1645.0,49350.0,2025-03-27
2025032703012026,GMFBS,10,98,10.0,1645.1,16451.0,2025-03-27
2025032703012025,SINDU,58,48,10.0,1077.0,10770.0,2025-03-27
2025032703012024,CBBL,58,42,33.0,841.0,27753.0,2025-03-27
2025032705016373,HRL,58,58,36.0,1021.0,36756.0,2025-03-27
2025032705016372,HRL,58,54,14.0,1020.6,14288.4,2025-03-27
2025032703012023,SJLIC,52,45,10.0,443.2,4432.0,2025-03-27
2025032703012022,WNLB,62,47,28.0,3100.0,86800.0,2025-03-27
2025032703012021,WNLB,26,47,20.0,3101.0,62020.0,2025-03-27
2025032703012020,WNLB,7,47,12.0,3110.0,37320.0,2025-03-27
2025032703012019,WNLB,42,47,20.0,3110.0,62200.0,2025-03-27
2025032703012018,WNLB,49,47,20.0,3111.0,62220.0,2025-03-27
2025032703012017,PMLI,45,45,200.0,571.9,114380.0,2025-03-27
2025032704012225,NHPC,57,1,250.0,208.3,52075.0,2025-03-27
2025032704012224,NHPC,52,1,120.0,208.3,24996.0,2025-03-27
2025032704012223,NHPC,58,1,20.0,209.0,4180.0,2025-03-27
2025032704012222,NHPC,57,1,100.0,209.0,20900.0,2025-03-27
2025032704012221,NHPC,59,1,10.0,209.0,2090.0,2025-03-27
2025032705016371,HRL,75,71,136.0,1020.2,138747.2,2025-03-27
2025032705016370,HRL,75,71,20.0,1020.3,20406.0,2025-03-27
2025032705016369,HRL,75,71,54.0,1020.3,55096.2,2025-03-27
2025032703012016,SIFC,57,66,20.0,525.0,10500.0,2025-03-27
2025032703012015,SIFC,54,66,20.0,525.0,10500.0,2025-03-27
2025032703012014,SIFC,53,66,35.0,525.0,18375.0,2025-03-27
2025032703012013,SIFC,1,66,25.0,525.5,13137.5,2025-03-27
2025032703012012,SIFC,18,66,400.0,528.0,211200.0,2025-03-27
2025032705016368,NTC,56,35,23.0,900.0,20700.0,2025-03-27
2025032704012220,BARUN,42,43,500.0,514.0,257000.0,2025-03-27
2025032701014222,HIDCLP,34,38,250.0,177.8,44450.0,2025-03-27
2025032701014221,HIDCLP,34,60,50.0,177.7,8885.0,2025-03-27
2025032701014220,HIDCLP,34,34,200.0,177.0,35400.0,2025-03-27
2025032705016367,CLI,32,34,102.0,511.0,52122.0,2025-03-27
2025032705016366,CLI,32,45,10.0,511.0,5110.0,2025-03-27
2025032705016365,CLI,32,45,88.0,511.0,44968.0,2025-03-27
2025032703012011,MLBL,47,37,100.0,405.2,40520.0,2025-03-27
2025032701014219,IHL,82,58,60.0,677.0,40620.0,2025-03-27
2025032701014218,IHL,66,58,40.0,677.0,27080.0,2025-03-27
2025032705016364,HDL,38,33,98.0,1206.0,118188.0,2025-03-27
2025032705016363,HDL,38,17,12.0,1205.9,14470.8,2025-03-27
2025032705016362,NRN,20,58,77.0,1486.0,114422.0,2025-03-27
2025032705016361,NRN,17,58,78.0,1486.0,115908.0,2025-03-27
2025032705016360,NRN,45,58,58.0,1487.0,86246.0,2025-03-27
2025032705016359,NRN,58,58,240.0,1487.1,356904.0,2025-03-27
2025032703012010,FMDBL,16,62,50.0,774.8,38740.0,2025-03-27
2025032704012219,SPDL,29,95,10.0,320.5,3205.0,2025-03-27
2025032701014217,SIKLES,66,38,10.0,1130.5,11305.0,2025-03-27
2025032701014216,SIKLES,66,13,20.0,1130.0,22600.0,2025-03-27
2025032701014215,SIKLES,66,59,10.0,1130.0,11300.0,2025-03-27
2025032704012218,SHPC,41,43,16.0,474.0,7584.0,2025-03-27
2025032704012217,SHPC,62,43,184.0,474.0,87216.0,2025-03-27
2025032705016358,HATHY,43,57,31.0,1304.0,40424.0,2025-03-27
2025032705016357,HATHY,43,55,50.0,1303.0,65150.0,2025-03-27
2025032705016356,HATHY,43,63,19.0,1300.0,24700.0,2025-03-27
2025032704012216,HPPL,58,94,1700.0,588.0,999600.0,2025-03-27
2025032704012215,UMRH,34,91,50.0,612.5,30625.0,2025-03-27
2025032704012214,UMRH,29,91,50.0,612.5,30625.0,2025-03-27
2025032704012213,UMRH,22,91,100.0,612.8,61280.0,2025-03-27
2025032704012212,UMRH,26,91,500.0,612.8,306400.0,2025-03-27
2025032704012211,UMRH,55,91,300.0,612.9,183870.0,2025-03-27
2025032703012009,GRDBL,7,42,109.0,1386.0,151074.0,2025-03-27
2025032705016355,RMF1,41,57,600.0,8.87,5322.0,2025-03-27
2025032701014214,SBL,50,66,10.0,286.0,2860.0,2025-03-27
2025032705016354,HRL,75,82,267.0,1020.3,272420.1,2025-03-27
2025032705016353,HRL,66,82,33.0,1021.0,33693.0,2025-03-27
2025032704012210,UMHL,82,57,707.0,434.0,306838.0,2025-03-27
2025032704012209,UMHL,67,57,190.0,434.0,82460.0,2025-03-27
2025032704012208,UMHL,68,57,75.0,434.1,32557.5,2025-03-27
2025032704012207,UMHL,33,57,10.0,434.7,4347.0,2025-03-27
2025032704012206,UMHL,58,57,18.0,434.8,7826.4,2025-03-27
2025032703012008,GRDBL,7,57,30.0,1386.0,41580.0,2025-03-27
2025032704012205,LEC,62,11,18.0,212.0,3816.0,2025-03-27
2025032704012204,LEC,62,42,482.0,211.9,102135.8,2025-03-27
2025032703012007,SINDU,36,48,100.0,1077.0,107700.0,2025-03-27
2025032704012203,JOSHI,6,51,10.0,357.2,3572.0,2025-03-27
2025032705016352,GCIL,38,74,100.0,549.0,54900.0,2025-03-27
2025032704012202,DHPL,74,58,170.0,395.7,67269.0,2025-03-27
2025032704012201,DHPL,74,45,100.0,395.0,39500.0,2025-03-27
2025032704012200,DHPL,74,74,730.0,395.0,288350.0,2025-03-27
2025032705016351,ILI,58,16,200.0,467.0,93400.0,2025-03-27
2025032703012006,MLBL,29,60,957.0,406.0,388542.0,2025-03-27
2025032703012005,MLBL,29,14,176.0,406.0,71456.0,2025-03-27
2025032704012199,UPPER,16,35,30.0,201.8,6054.0,2025-03-27
2025032704012198,HDHPC,91,58,350.0,199.9,69965.0,2025-03-27
2025032704012197,HDHPC,91,32,250.0,199.9,49975.0,2025-03-27
2025032701014213,GBIME,42,44,433.0,219.8,95173.4,2025-03-27
2025032701014212,GBIME,42,14,500.0,219.5,109750.0,2025-03-27
2025032701014211,GBIME,42,14,400.0,219.5,87800.0,2025-03-27
2025032701014210,GBIME,42,17,100.0,219.4,21940.0,2025-03-27
2025032701014209,GBIME,42,55,146.0,219.4,32032.4,2025-03-27
2025032701014208,GBIME,42,58,421.0,219.3,92325.3,2025-03-27
2025032705016350,HRL,75,41,130.0,1020.3,132639.0,2025-03-27
2025032705016349,HRL,26,41,70.0,1021.0,71470.0,2025-03-27
2025032703012004,SFCL,7,42,100.0,536.5,53650.0,2025-03-27
2025032705016348,PHCL,65,17,10.0,582.0,5820.0,2025-03-27
2025032704012196,AKJCL,45,50,179.0,203.2,36372.8,2025-03-27
2025032704012195,AKJCL,57,50,20.0,203.3,4066.0,2025-03-27
2025032704012194,AKJCL,26,50,100.0,203.5,20350.0,2025-03-27
2025032704012193,AKJCL,43,50,200.0,203.5,40700.0,2025-03-27
2025032704012192,AKJCL,58,50,68.0,203.9,13865.2,2025-03-27
2025032704012191,AKJCL,42,50,33.0,204.0,6732.0,2025-03-27
2025032705016347,SMJC,35,22,1000.0,591.0,591000.0,2025-03-27
2025032703012003,SIFC,18,26,100.0,528.0,52800.0,2025-03-27
2025032705016346,GCIL,48,42,632.0,550.0,347600.0,2025-03-27
2025032705016345,GCIL,48,52,100.0,550.0,55000.0,2025-03-27
2025032705016344,GCIL,48,68,100.0,550.0,55000.0,2025-03-27
2025032705016343,GCIL,48,36,100.0,550.0,55000.0,2025-03-27
2025032705016342,GCIL,48,45,100.0,550.0,55000.0,2025-03-27
2025032705016341,GCIL,48,45,686.0,549.9,377231.4,2025-03-27
2025032705016340,GCIL,48,21,10.0,549.0,5490.0,2025-03-27
2025032705016339,GCIL,48,19,72.0,549.0,39528.0,2025-03-27
2025032705016338,GCIL,48,68,200.0,548.9,109780.0,2025-03-27
2025032705016337,HDL,42,6,174.0,1205.0,209670.0,2025-03-27
2025032705016336,HDL,1,6,147.0,1205.0,177135.0,2025-03-27
2025032705016335,HDL,41,6,79.0,1205.1,95202.9,2025-03-27
2025032704012190,GHL,57,44,230.0,286.0,65780.0,2025-03-27
2025032704012189,GHL,42,44,50.0,286.1,14305.0,2025-03-27
2025032704012188,GHL,10,44,10.0,286.2,2862.0,2025-03-27
2025032704012187,GHL,55,44,450.0,286.3,128835.0,2025-03-27
2025032704012186,GHL,29,44,500.0,286.4,143200.0,2025-03-27
2025032704012185,GHL,65,44,500.0,286.9,143450.0,2025-03-27
2025032701014207,SRLI,4,44,10.0,418.0,4180.0,2025-03-27
2025032705016334,HRL,26,25,20.0,1021.0,20420.0,2025-03-27
2025032701014206,AHL,17,74,26.0,725.0,18850.0,2025-03-27
2025032701014205,AHL,94,74,100.0,725.1,72510.0,2025-03-27
2025032701014204,AHL,39,74,100.0,725.2,72520.0,2025-03-27
2025032701014203,AHL,38,74,10.0,725.2,7252.0,2025-03-27
2025032701014202,AHL,34,74,594.0,725.7,431065.8,2025-03-27
2025032701014201,AHL,83,74,90.0,727.0,65430.0,2025-03-27
2025032701014200,AHL,36,74,370.0,728.0,269360.0,2025-03-27
2025032701014199,AHL,42,74,60.0,728.1,43686.0,2025-03-27
2025032705016333,HDL,41,16,11.0,1205.1,13256.1,2025-03-27
2025032704012184,UPPER,16,11,10.0,201.4,2014.0,2025-03-27
2025032701014198,MMKJL,33,58,200.0,680.0,136000.0,2025-03-27
2025032704012183,BARUN,42,1,300.0,514.0,154200.0,2025-03-27
2025032703012002,RLFL,49,35,100.0,538.0,53800.0,2025-03-27
2025032703012001,RLFL,58,35,42.0,538.0,22596.0,2025-03-27
2025032705016332,SAHAS,100,48,2000.0,501.0,1002000.0,2025-03-27
2025032704012182,KPCL,22,91,140.0,520.1,72814.0,2025-03-27
2025032704012181,KPCL,78,91,50.0,520.6,26030.0,2025-03-27
2025032704012180,KPCL,13,91,60.0,520.6,31236.0,2025-03-27
2025032705016331,HRL,26,68,10.0,1021.0,10210.0,2025-03-27
2025032705016330,NRM,41,45,200.0,484.0,96800.0,2025-03-27
2025032701014197,SGHC,42,42,90.0,542.5,48825.0,2025-03-27
2025032705016329,CHDC,77,14,100.0,2273.0,227300.0,2025-03-27
2025032703012000,FOWAD,52,47,37.0,1200.0,44400.0,2025-03-27
2025032703011999,FOWAD,52,33,373.0,1200.0,447600.0,2025-03-27
2025032703011998,FOWAD,52,72,12.0,1200.0,14400.0,2025-03-27
2025032703011997,FOWAD,52,26,50.0,1199.9,59995.0,2025-03-27
2025032703011996,FOWAD,52,38,27.0,1196.0,32292.0,2025-03-27
2025032705016328,HRL,26,19,400.0,1021.0,408400.0,2025-03-27
2025032705016327,HRL,26,6,200.0,1021.0,204200.0,2025-03-27
2025032704012179,BARUN,42,48,95.0,514.0,48830.0,2025-03-27
2025032704012178,SGIC,42,33,189.0,587.0,110943.0,2025-03-27
2025032704012177,SGIC,58,33,10.0,587.0,5870.0,2025-03-27
2025032704012176,SGIC,47,33,10.0,587.1,5871.0,2025-03-27
2025032704012175,SGIC,34,33,10.0,587.5,5875.0,2025-03-27
2025032704012174,SGIC,26,33,21.0,588.0,12348.0,2025-03-27
2025032704012173,SGIC,58,33,60.0,588.5,35310.0,2025-03-27
2025032705016326,CHDC,77,48,40.0,2273.0,90920.0,2025-03-27
2025032705016325,CHDC,60,48,10.0,2273.1,22731.0,2025-03-27
2025032705016324,CHDC,57,48,10.0,2274.0,22740.0,2025-03-27
2025032701014196,NBL,38,44,200.0,249.6,49920.0,2025-03-27
2025032701014195,NBL,58,44,44.0,249.6,10982.4,2025-03-27
2025032705016323,RNLI,44,67,233.0,549.0,127917.0,2025-03-27
2025032705016322,RNLI,44,41,11.0,549.0,6039.0,2025-03-27
2025032705016321,RNLI,44,38,200.0,549.0,109800.0,2025-03-27
2025032705016320,RNLI,44,6,34.0,549.0,18666.0,2025-03-27
2025032705016319,RNLI,44,34,300.0,549.0,164700.0,2025-03-27
2025032705016318,RNLI,44,25,200.0,549.0,109800.0,2025-03-27
2025032705016317,RNLI,44,58,11.0,549.0,6039.0,2025-03-27
2025032705016316,RNLI,44,49,100.0,549.0,54900.0,2025-03-27
2025032705016315,RNLI,44,52,100.0,548.7,54870.0,2025-03-27
2025032705016314,RNLI,44,50,491.0,548.7,269411.7,2025-03-27
2025032705016313,RNLI,44,6,50.0,548.0,27400.0,2025-03-27
2025032705016312,RNLI,44,26,11.0,548.0,6028.0,2025-03-27
2025032705016311,RNLI,44,35,11.0,548.0,6028.0,2025-03-27
2025032705016310,RNLI,44,19,200.0,548.0,109600.0,2025-03-27
2025032705016309,RNLI,44,41,10.0,547.7,5477.0,2025-03-27
2025032705016308,RNLI,44,92,11.0,547.1,6018.1,2025-03-27
2025032705016307,RNLI,44,45,10.0,547.0,5470.0,2025-03-27
2025032705016306,RNLI,44,26,50.0,547.0,27350.0,2025-03-27
2025032705016305,RNLI,44,52,100.0,547.0,54700.0,2025-03-27
2025032705016304,RNLI,44,22,400.0,547.0,218800.0,2025-03-27
2025032705016303,RNLI,44,10,100.0,547.0,54700.0,2025-03-27
2025032705016302,RNLI,44,77,10.0,547.0,5470.0,2025-03-27
2025032705016301,RNLI,44,57,11.0,547.0,6017.0,2025-03-27
2025032705016300,RNLI,44,59,11.0,546.8,6014.8,2025-03-27
2025032705016299,RNLI,44,38,10.0,546.7,5467.0,2025-03-27
2025032705016298,RNLI,44,42,11.0,546.7,6013.7,2025-03-27
2025032705016297,RNLI,44,45,10.0,546.7,5467.0,2025-03-27
2025032705016296,RNLI,44,28,10.0,546.5,5465.0,2025-03-27
2025032705016295,RNLI,44,45,194.0,546.5,106021.0,2025-03-27
2025032705016294,RNLI,44,49,100.0,544.0,54400.0,2025-03-27
2025032703011995,VLBS,53,45,11.0,856.0,9416.0,2025-03-27
2025032703011994,VLBS,53,14,10.0,856.0,8560.0,2025-03-27
2025032703011993,VLBS,53,21,32.0,856.0,27392.0,2025-03-27
2025032703011992,VLBS,53,59,27.0,856.0,23112.0,2025-03-27
2025032704012172,AHPC,28,57,20.0,254.0,5080.0,2025-03-27
2025032701014194,MKCL,33,61,15.0,1589.0,23835.0,2025-03-27
2025032703011991,MLBBL,45,38,14.0,1565.0,21910.0,2025-03-27
2025032703011990,MLBBL,45,57,10.0,1564.5,15645.0,2025-03-27
2025032703011989,MLBBL,45,57,10.0,1564.4,15644.0,2025-03-27
2025032703011988,SHINE,42,45,80.0,413.2,33056.0,2025-03-27
2025032703011987,SHINE,45,45,20.0,413.5,8270.0,2025-03-27
2025032701014193,SRLI,74,58,11.0,418.0,4598.0,2025-03-27
2025032701014192,SRLI,74,58,11.0,418.0,4598.0,2025-03-27
2025032705016293,HRL,35,6,50.0,1021.0,51050.0,2025-03-27
2025032701014191,GMLI,55,17,10.0,2290.0,22900.0,2025-03-27
2025032701014190,SPC,34,58,20.0,525.0,10500.0,2025-03-27
2025032705016292,HRL,75,50,39.0,1020.3,39791.7,2025-03-27
2025032705016291,HRL,33,50,261.0,1020.5,266350.5,2025-03-27
2025032704012171,SALICO,95,26,280.0,710.7,198996.0,2025-03-27
2025032703011986,CORBL,58,57,199.0,1765.0,351235.0,2025-03-27
2025032704012170,AHPC,14,57,322.0,254.0,81788.0,2025-03-27
2025032705016290,HRL,33,57,12.0,1020.5,12246.0,2025-03-27
2025032704012169,SHEL,57,39,84.0,251.6,21134.4,2025-03-27
2025032701014189,CZBIL,25,91,200.0,209.0,41800.0,2025-03-27
2025032701014188,NESDO,38,45,20.0,1876.0,37520.0,2025-03-27
2025032701014187,NESDO,38,57,30.0,1876.0,56280.0,2025-03-27
2025032701014186,NESDO,38,57,10.0,1870.0,18700.0,2025-03-27
2025032701014185,NESDO,38,22,10.0,1869.0,18690.0,2025-03-27
2025032701014184,NESDO,38,38,10.0,1860.0,18600.0,2025-03-27
2025032701014183,RHGCL,58,38,20.0,537.2,10744.0,2025-03-27
2025032704012168,GHL,56,16,500.0,286.4,143200.0,2025-03-27
2025032703011985,JBBL,71,49,100.0,343.0,34300.0,2025-03-27
2025032701014182,BEDC,71,49,40.0,780.0,31200.0,2025-03-27
2025032703011984,SMB,35,7,13.0,2566.0,33358.0,2025-03-27
2025032701014181,ULHC,83,99,100.0,517.0,51700.0,2025-03-27
2025032701014180,ULHC,52,99,40.0,517.2,20688.0,2025-03-27
2025032701014179,ULHC,72,99,40.0,518.0,20720.0,2025-03-27
2025032704012167,SHPC,62,41,200.0,474.0,94800.0,2025-03-27
2025032704012166,API,49,41,200.0,270.0,54000.0,2025-03-27
2025032704012165,LEC,58,11,39.0,212.0,8268.0,2025-03-27
2025032704012164,LEC,58,36,10.0,212.0,2120.0,2025-03-27
2025032704012163,LEC,58,8,300.0,212.0,63600.0,2025-03-27
2025032704012162,LEC,58,64,100.0,212.0,21200.0,2025-03-27
2025032704012161,LEC,58,39,250.0,212.0,53000.0,2025-03-27
2025032704012160,LEC,58,22,157.0,212.0,33284.0,2025-03-27
2025032704012159,LEC,58,68,30.0,212.0,6360.0,2025-03-27
2025032704012158,LEC,58,22,500.0,212.0,106000.0,2025-03-27
2025032704012157,LEC,58,58,500.0,212.0,106000.0,2025-03-27
2025032704012156,LEC,58,20,45.0,212.0,9540.0,2025-03-27
2025032704012155,LEC,58,58,69.0,212.0,14628.0,2025-03-27
2025032704012154,CHL,56,64,243.0,517.0,125631.0,2025-03-27
2025032704012153,CHL,62,64,743.0,517.1,384205.3,2025-03-27
2025032704012152,CHL,13,64,1500.0,517.2,775800.0,2025-03-27
2025032704012151,CHL,17,64,20.0,517.4,10348.0,2025-03-27
2025032704012150,CHL,39,64,220.0,517.5,113850.0,2025-03-27
2025032704012149,CHL,39,64,274.0,517.5,141795.0,2025-03-27
2025032704012148,NLG,82,34,43.0,879.0,37797.0,2025-03-27
2025032704012147,NLG,82,1,189.0,878.9,166112.1,2025-03-27
2025032704012146,NLG,82,53,200.0,878.9,175780.0,2025-03-27
2025032704012145,NLG,82,25,68.0,878.9,59765.2,2025-03-27
2025032701014178,GMLI,57,6,30.0,2291.0,68730.0,2025-03-27
2025032701014177,GMLI,57,45,10.0,2291.0,22910.0,2025-03-27
2025032701014176,GMLI,57,38,10.0,2291.0,22910.0,2025-03-27
2025032701014175,SNLI,8,39,100.0,650.5,65050.0,2025-03-27
2025032704012144,HDHPC,37,32,10.0,199.9,1999.0,2025-03-27
2025032703011983,MLBBL,37,45,10.0,1564.3,15643.0,2025-03-27
2025032705016289,BBC,58,6,100.0,5500.0,550000.0,2025-03-27
2025032701014174,BGWT,13,6,10.0,1008.6,10086.0,2025-03-27
2025032701014173,EHPL,56,28,10.0,700.0,7000.0,2025-03-27
2025032705016288,ILI,67,16,77.0,467.0,35959.0,2025-03-27
2025032705016287,NRN,45,59,12.0,1487.0,17844.0,2025-03-27
2025032705016286,NRIC,59,49,90.0,1294.1,116469.0,2025-03-27
2025032701014172,PPL,3,74,20.0,525.0,10500.0,2025-03-27
2025032705016285,CIT,58,47,50.0,1961.0,98050.0,2025-03-27
2025032705016284,HRL,33,71,260.0,1020.5,265330.0,2025-03-27
2025032705016283,HRL,7,71,40.0,1020.6,40824.0,2025-03-27
2025032705016282,CLI,47,49,100.0,510.0,51000.0,2025-03-27
2025032705016281,CLI,58,49,100.0,510.1,51010.0,2025-03-27
2025032701014171,NESDO,37,45,95.0,1847.0,175465.0,2025-03-27
2025032701014170,NESDO,38,45,25.0,1848.0,46200.0,2025-03-27
2025032701014169,NESDO,58,45,80.0,1849.0,147920.0,2025-03-27
2025032704012143,GHL,45,58,300.0,287.0,86100.0,2025-03-27
2025032704012142,GHL,45,21,700.0,286.9,200830.0,2025-03-27
2025032703011982,LICN,35,91,10.0,1024.0,10240.0,2025-03-27
2025032705016280,ILI,17,16,50.0,467.0,23350.0,2025-03-27
2025032703011981,SHINE,17,25,16.0,413.9,6622.4,2025-03-27
2025032703011980,GUFL,14,19,100.0,585.0,58500.0,2025-03-27
2025032701014168,GMLI,55,14,10.0,2290.0,22900.0,2025-03-27
2025032705016279,ILI,93,42,100.0,466.0,46600.0,2025-03-27
2025032703011979,PMLI,42,45,98.0,572.0,56056.0,2025-03-27
2025032703011978,PMLI,42,1,12.0,572.0,6864.0,2025-03-27
2025032703011977,PMLI,42,47,190.0,572.0,108680.0,2025-03-27
2025032701014167,RHGCL,58,50,395.0,537.2,212194.0,2025-03-27
2025032705016278,HRL,64,6,50.0,1021.0,51050.0,2025-03-27
2025032703011976,MLBBL,49,34,20.0,1556.0,31120.0,2025-03-27
2025032703011975,MLBBL,25,34,200.0,1560.0,312000.0,2025-03-27
2025032704012141,UMHL,58,54,40.0,434.8,17392.0,2025-03-27
2025032705016277,HRL,32,6,200.0,1021.0,204200.0,2025-03-27
2025032704012140,HDHPC,3,32,15.0,199.9,2998.5,2025-03-27
2025032703011974,EDBL,22,48,200.0,647.0,129400.0,2025-03-27
2025032703011973,SINDU,72,62,500.0,1076.9,538450.0,2025-03-27
2025032704012139,AKPL,22,42,20.0,228.0,4560.0,2025-03-27
2025032704012138,AKPL,22,25,200.0,228.0,45600.0,2025-03-27
2025032704012137,AKPL,22,41,100.0,228.0,22800.0,2025-03-27
2025032704012136,AKPL,22,1,202.0,228.0,46056.0,2025-03-27
2025032705016276,MBJC,57,67,160.0,320.0,51200.0,2025-03-27
2025032704012135,BARUN,42,19,500.0,514.0,257000.0,2025-03-27
2025032705016275,GCIL,72,19,10.0,549.0,5490.0,2025-03-27
2025032705016274,GCIL,56,19,159.0,549.0,87291.0,2025-03-27
2025032705016273,ENL,57,36,15.0,1120.0,16800.0,2025-03-27
2025032705016272,GCIL,49,45,90.0,549.9,49491.0,2025-03-27
2025032705016271,GCIL,49,34,200.0,549.9,109980.0,2025-03-27
2025032705016270,GCIL,49,1,10.0,549.9,5499.0,2025-03-27
2025032705016269,GCIL,49,17,200.0,549.9,109980.0,2025-03-27
2025032701014166,SPC,42,45,190.0,523.9,99541.0,2025-03-27
2025032701014165,BHDC,29,41,19.0,594.0,11286.0,2025-03-27
2025032704012134,NLG,4,49,29.0,875.0,25375.0,2025-03-27
2025032705016268,SONA,32,17,10.0,474.5,4745.0,2025-03-27
2025032704012133,PMHPL,50,6,60.0,289.5,17370.0,2025-03-27
2025032703011972,ICFC,40,42,63.0,606.0,38178.0,2025-03-27
2025032703011971,ICFC,38,42,20.0,606.0,12120.0,2025-03-27
2025032703011970,ICFC,42,42,18.0,606.0,10908.0,2025-03-27
2025032703011969,ICFC,42,42,44.0,606.0,26664.0,2025-03-27
2025032704012132,BARUN,42,35,200.0,514.0,102800.0,2025-03-27
2025032704012131,BARUN,42,75,45.0,513.9,23125.5,2025-03-27
2025032704012130,BARUN,42,56,282.0,513.8,144891.6,2025-03-27
2025032705016267,HRL,64,42,370.0,1021.0,377770.0,2025-03-27
2025032705016266,HRL,64,65,50.0,1021.0,51050.0,2025-03-27
2025032705016265,HRL,64,25,100.0,1021.0,102100.0,2025-03-27
2025032705016264,HRL,64,35,135.0,1021.0,137835.0,2025-03-27
2025032705016263,HRL,64,6,50.0,1021.0,51050.0,2025-03-27
2025032705016262,HRL,64,53,289.0,1021.0,295069.0,2025-03-27
2025032703011968,SWBBL,47,34,35.0,829.0,29015.0,2025-03-27
2025032703011967,SWBBL,38,34,45.0,829.0,37305.0,2025-03-27
2025032703011966,SWBBL,14,34,10.0,829.0,8290.0,2025-03-27
2025032703011965,SWBBL,42,34,10.0,829.0,8290.0,2025-03-27
2025032704012129,SGIC,58,32,15.0,588.5,8827.5,2025-03-27
2025032703011964,SLBBL,6,32,40.0,996.8,39872.0,2025-03-27
2025032701014164,IHL,66,3,100.0,677.0,67700.0,2025-03-27
2025032701014163,GMLI,35,33,10.0,2290.1,22901.0,2025-03-27
2025032703011963,HLI,38,48,48.0,426.8,20486.4,2025-03-27
2025032701014162,NICA,57,58,24.0,371.0,8904.0,2025-03-27
2025032703011962,BFC,53,4,10.0,559.0,5590.0,2025-03-27
2025032704012128,NHPC,36,52,50.0,209.1,10455.0,2025-03-27
2025032703011961,ICFC,42,45,10.0,606.0,6060.0,2025-03-27
2025032703011960,SINDU,49,48,10.0,1077.0,10770.0,2025-03-27
2025032703011959,SMB,42,7,187.0,2566.0,479842.0,2025-03-27
2025032705016261,HRL,7,87,10.0,1020.6,10206.0,2025-03-27
2025032704012127,SHEL,94,38,100.0,252.0,25200.0,2025-03-27
2025032701014161,GMLI,38,20,10.0,2290.1,22901.0,2025-03-27
2025032701014160,KBSH,10,8,10.0,2432.0,24320.0,2025-03-27
2025032701014159,NYADI,41,17,10.0,575.0,5750.0,2025-03-27
2025032705016260,HATHY,41,63,50.0,1300.0,65000.0,2025-03-27
2025032704012126,LEC,11,58,50.0,212.0,10600.0,2025-03-27
2025032703011958,MLBL,60,14,10.0,406.0,4060.0,2025-03-27
2025032703011957,SINDU,72,58,325.0,1076.9,349992.5,2025-03-27
2025032704012125,OHL,58,17,16.0,885.0,14160.0,2025-03-27
2025032704012124,SJCL,58,48,187.0,326.2,60999.4,2025-03-27
2025032701014158,NIMB,42,54,50.0,211.1,10555.0,2025-03-27
2025032701014157,CYCL,6,26,25.0,1645.0,41125.0,2025-03-27
2025032703011956,SINDU,38,48,10.0,1077.0,10770.0,2025-03-27
2025032703011955,SINDU,45,48,61.0,1077.0,65697.0,2025-03-27
2025032703011954,NLICL,48,54,10.0,644.7,6447.0,2025-03-27
2025032703011953,NLICL,48,56,70.0,644.6,45122.0,2025-03-27
2025032703011952,MLBL,57,14,300.0,406.0,121800.0,2025-03-27
2025032704012123,UNHPL,57,50,150.0,306.0,45900.0,2025-03-27
2025032703011951,CFCL,39,91,26.0,553.4,14388.4,2025-03-27
2025032705016259,HIDCL,56,45,430.0,271.0,116530.0,2025-03-27
2025032705016258,GCIL,56,39,500.0,549.0,274500.0,2025-03-27
2025032705016257,GCIL,56,34,50.0,549.0,27450.0,2025-03-27
2025032705016256,GCIL,56,5,100.0,549.0,54900.0,2025-03-27
2025032705016255,GCIL,56,38,10.0,549.0,5490.0,2025-03-27
2025032705016254,GCIL,56,19,60.0,549.0,32940.0,2025-03-27
2025032705016253,GCIL,56,14,50.0,549.0,27450.0,2025-03-27
2025032705016252,GCIL,56,48,500.0,548.7,274350.0,2025-03-27
2025032705016251,GCIL,56,32,345.0,548.5,189232.5,2025-03-27
2025032705016250,GCIL,56,45,150.0,548.5,82275.0,2025-03-27
2025032705016249,GCIL,56,14,50.0,548.4,27420.0,2025-03-27
2025032705016248,GCIL,56,60,500.0,548.3,274150.0,2025-03-27
2025032704012122,GHL,53,21,100.0,286.9,28690.0,2025-03-27
2025032704012121,RADHI,53,41,100.0,389.0,38900.0,2025-03-27
2025032704012120,RADHI,53,45,30.0,389.0,11670.0,2025-03-27
2025032704012119,RADHI,53,57,150.0,389.0,58350.0,2025-03-27
2025032704012118,RADHI,53,44,200.0,388.5,77700.0,2025-03-27
2025032705016247,GCIL,38,38,415.0,548.2,227503.0,2025-03-27
2025032701014156,CZBIL,16,91,50.0,209.0,10450.0,2025-03-27
2025032703011950,SIFC,18,66,500.0,528.0,264000.0,2025-03-27
2025032703011949,SINDU,45,45,809.0,1077.0,871293.0,2025-03-27
2025032703011948,SINDU,10,45,191.0,1077.1,205726.1,2025-03-27
2025032703011947,NUBL,57,43,20.0,677.0,13540.0,2025-03-27
2025032703011946,NUBL,29,43,50.0,677.0,33850.0,2025-03-27
2025032703011945,NUBL,26,43,90.0,677.0,60930.0,2025-03-27
2025032701014155,BNHC,11,89,189.0,502.2,94915.8,2025-03-27
2025032705016246,CMF2,41,59,2000.0,9.38,18760.0,2025-03-27
2025032705016245,NIFRA,52,14,20.0,269.2,5384.0,2025-03-27
2025032704012117,HPPL,58,64,2000.0,588.0,1176000.0,2025-03-27
2025032703011944,SINDU,10,34,59.0,1077.1,63548.9,2025-03-27
2025032704012116,NHPC,59,58,40.0,209.0,8360.0,2025-03-27
2025032704012115,UMHL,58,22,142.0,434.7,61727.4,2025-03-27
2025032703011943,MNBBL,58,6,39.0,365.5,14254.5,2025-03-27
2025032701014154,HBL,94,57,300.0,235.0,70500.0,2025-03-27
2025032704012114,LEC,79,22,500.0,211.0,105500.0,2025-03-27
2025032705016244,GCIL,38,6,100.0,548.2,54820.0,2025-03-27
2025032701014153,NABIL,6,16,88.0,486.0,42768.0,2025-03-27
2025032705016243,HDL,74,33,29.0,1206.0,34974.0,2025-03-27
2025032705016242,HDL,74,33,21.0,1206.0,25326.0,2025-03-27
2025032701014152,MANDU,38,38,10.0,881.2,8812.0,2025-03-27
2025032705016241,HDL,1,45,15.0,1205.0,18075.0,2025-03-27
2025032704012113,AKJCL,42,45,189.0,204.0,38556.0,2025-03-27
2025032704012112,AKJCL,36,45,166.0,204.0,33864.0,2025-03-27
2025032705016240,HIDCL,41,45,1546.0,271.0,418966.0,2025-03-27
2025032705016239,HIDCL,81,45,241.0,271.0,65311.0,2025-03-27
2025032705016238,HIDCL,99,45,35.0,271.1,9488.5,2025-03-27
2025032705016237,HIDCL,16,45,50.0,271.1,13555.0,2025-03-27
2025032705016236,HIDCL,42,45,1058.0,271.1,286823.8,2025-03-27
2025032705016235,HIDCL,42,45,250.0,271.2,67800.0,2025-03-27
2025032705016234,HIDCL,42,45,1800.0,271.3,488340.0,2025-03-27
2025032703011942,PROFL,17,35,60.0,544.0,32640.0,2025-03-27
2025032704012111,JOSHI,51,51,60.0,357.2,21432.0,2025-03-27
2025032703011941,WNLB,51,58,11.0,3119.0,34309.0,2025-03-27
2025032703011940,WNLB,51,59,11.0,3119.0,34309.0,2025-03-27
2025032705016233,GCIL,38,91,168.0,548.2,92097.6,2025-03-27
2025032704012110,HPPL,58,91,680.0,588.0,399840.0,2025-03-27
2025032703011939,SMPDA,49,81,31.0,942.2,29208.2,2025-03-27
2025032703011938,SMPDA,38,81,10.0,942.3,9423.0,2025-03-27
2025032703011937,CORBL,60,71,10.0,1780.0,17800.0,2025-03-27
2025032701014151,SMHL,42,6,100.0,873.0,87300.0,2025-03-27
2025032703011936,GBBL,34,49,16.0,395.0,6320.0,2025-03-27
2025032703011935,GBBL,34,8,24.0,395.0,9480.0,2025-03-27
2025032704012109,RIDI,34,48,1500.0,221.8,332700.0,2025-03-27
2025032703011934,VLBS,41,26,27.0,852.0,23004.0,2025-03-27
2025032703011933,MNBBL,3,58,100.0,365.0,36500.0,2025-03-27
2025032703011932,MNBBL,3,49,451.0,365.0,164615.0,2025-03-27
2025032703011931,SWMF,58,46,10.0,735.0,7350.0,2025-03-27
2025032703011930,SMB,22,45,20.0,2570.0,51400.0,2025-03-27
2025032703011929,SMB,42,46,27.0,2566.0,69282.0,2025-03-27
2025032703011928,JBBL,71,49,200.0,342.9,68580.0,2025-03-27
2025032703011927,NADEP,7,43,100.0,882.0,88200.0,2025-03-27
2025032703011926,NADEP,7,56,45.0,880.0,39600.0,2025-03-27
2025032703011925,NADEP,7,11,25.0,880.0,22000.0,2025-03-27
2025032703011924,NADEP,7,25,16.0,879.0,14064.0,2025-03-27
2025032703011923,NADEP,7,42,10.0,878.0,8780.0,2025-03-27
2025032703011922,NADEP,7,48,29.0,877.0,25433.0,2025-03-27
2025032705016232,HRL,7,45,100.0,1020.6,102060.0,2025-03-27
2025032703011921,ICFC,42,14,50.0,606.0,30300.0,2025-03-27
2025032701014150,ULHC,72,58,10.0,518.0,5180.0,2025-03-27
2025032704012108,HPPL,42,91,442.0,589.0,260338.0,2025-03-27
2025032704012107,HPPL,42,48,550.0,588.9,323895.0,2025-03-27
2025032704012106,GLH,42,58,200.0,244.6,48920.0,2025-03-27
2025032701014149,PCBL,54,45,100.0,251.6,25160.0,2025-03-27
2025032703011920,BFC,16,26,135.0,558.6,75411.0,2025-03-27
2025032705016231,HATHY,58,63,21.0,1300.0,27300.0,2025-03-27
2025032705016230,HATHY,38,63,10.0,1300.0,13000.0,2025-03-27
2025032701014148,SPC,39,57,50.0,524.0,26200.0,2025-03-27
2025032701014147,SMHL,21,55,62.0,871.4,54026.8,2025-03-27
2025032704012105,DHPL,35,5,10.0,389.0,3890.0,2025-03-27
2025032703011919,SLBSL,41,5,15.0,2098.0,31470.0,2025-03-27
2025032705016229,HDL,1,47,170.0,1205.0,204850.0,2025-03-27
2025032701014146,UHEWA,38,47,82.0,748.0,61336.0,2025-03-27
2025032701014145,UHEWA,35,47,90.0,748.0,67320.0,2025-03-27
2025032701014144,MHCL,67,1,100.0,513.7,51370.0,2025-03-27
2025032705016228,NRM,34,45,100.0,484.8,48480.0,2025-03-27
2025032704012104,HURJA,53,45,1215.0,236.1,286861.5,2025-03-27
2025032704012103,HURJA,6,45,145.0,236.5,34292.5,2025-03-27
2025032705016227,SAHAS,28,94,212.0,499.2,105830.4,2025-03-27
2025032705016226,SAHAS,6,94,200.0,499.2,99840.0,2025-03-27
2025032705016225,SAHAS,49,94,500.0,499.3,249650.0,2025-03-27
2025032705016224,SAHAS,49,94,10.0,500.0,5000.0,2025-03-27
2025032705016223,SAHAS,4,94,12.0,500.0,6000.0,2025-03-27
2025032705016222,SAHAS,58,94,100.0,500.0,50000.0,2025-03-27
2025032705016221,SAHAS,46,94,130.0,500.0,65000.0,2025-03-27
2025032705016220,SAHAS,45,94,50.0,500.0,25000.0,2025-03-27
2025032705016219,SAHAS,48,94,275.0,500.0,137500.0,2025-03-27
2025032705016218,SAHAS,55,94,900.0,500.0,450000.0,2025-03-27
2025032705016217,SAHAS,52,94,200.0,500.1,100020.0,2025-03-27
2025032705016216,SAHAS,28,94,750.0,500.1,375075.0,2025-03-27
2025032705016215,SAHAS,5,94,2031.0,501.0,1017531.0,2025-03-27
2025032705016214,HDL,1,49,50.0,1205.0,60250.0,2025-03-27
2025032704012102,UPPER,35,1,2883.0,201.0,579483.0,2025-03-27
2025032704012101,UMRH,76,13,10.0,615.0,6150.0,2025-03-27
2025032704012100,UMHL,68,4,125.0,434.1,54262.5,2025-03-27
2025032704012099,UMHL,50,4,20.0,434.1,8682.0,2025-03-27
2025032704012098,UMHL,91,4,405.0,434.1,175810.5,2025-03-27
2025032703011918,SLBSL,41,42,50.0,2098.0,104900.0,2025-03-27
2025032703011917,SLBSL,41,57,10.0,2098.0,20980.0,2025-03-27
2025032703011916,SLBSL,41,5,10.0,2096.0,20960.0,2025-03-27
2025032703011915,SLBSL,41,62,200.0,2096.0,419200.0,2025-03-27
2025032703011914,SLBSL,41,5,15.0,2091.0,31365.0,2025-03-27
2025032703011913,SLBSL,41,32,10.0,2091.0,20910.0,2025-03-27
2025032703011912,SLBSL,41,35,20.0,2090.0,41800.0,2025-03-27
2025032703011911,SLBSL,41,40,100.0,2090.0,209000.0,2025-03-27
2025032703011910,SLBSL,41,8,20.0,2090.0,41800.0,2025-03-27
2025032703011909,SLBSL,41,99,50.0,2090.0,104500.0,2025-03-27
2025032703011908,SLBSL,41,11,10.0,2089.0,20890.0,2025-03-27
2025032703011907,SLBSL,41,86,90.0,2088.7,187983.0,2025-03-27
2025032703011906,SLBSL,41,57,100.0,2088.0,208800.0,2025-03-27
2025032703011905,SLBSL,41,26,50.0,2087.9,104395.0,2025-03-27
2025032703011904,SLBSL,41,1,20.0,2087.9,41758.0,2025-03-27
2025032703011903,SLBSL,41,74,100.0,2087.0,208700.0,2025-03-27
2025032703011902,SLBSL,41,74,10.0,2079.0,20790.0,2025-03-27
2025032703011901,SLBSL,41,7,10.0,2070.0,20700.0,2025-03-27
2025032703011900,SLBSL,41,8,10.0,2065.0,20650.0,2025-03-27
2025032705016213,NRIC,60,49,10.0,1294.1,12941.0,2025-03-27
2025032704012097,NHPC,59,34,260.0,209.0,54340.0,2025-03-27
2025032704012096,NHPC,42,34,40.0,209.0,8360.0,2025-03-27
2025032704012095,LEC,48,58,100.0,212.0,21200.0,2025-03-27
2025032703011899,NFS,28,48,21.0,690.2,14494.2,2025-03-27
2025032703011898,LICN,58,57,52.0,1024.0,53248.0,2025-03-27
2025032703011897,LICN,58,50,161.0,1023.9,164847.9,2025-03-27
2025032703011896,LICN,58,67,81.0,1023.0,82863.0,2025-03-27
2025032703011895,SAPDBL,52,37,100.0,1099.0,109900.0,2025-03-27
2025032705016212,VLUCL,57,57,55.0,670.0,36850.0,2025-03-27
2025032705016211,VLUCL,43,57,45.0,670.0,30150.0,2025-03-27
2025032705016210,VLUCL,86,57,50.0,671.0,33550.0,2025-03-27
2025032705016209,MBJC,57,45,10.0,320.0,3200.0,2025-03-27
2025032705016208,SHIVM,32,44,50.0,537.0,26850.0,2025-03-27
2025032703011894,MLBL,41,53,140.0,405.1,56714.0,2025-03-27
2025032705016207,NIFRA,52,38,32.0,269.2,8614.4,2025-03-27
2025032701014143,KBL,87,86,50.0,204.5,10225.0,2025-03-27
2025032701014142,JBLB,1,45,160.0,1343.0,214880.0,2025-03-27
2025032703011893,MDB,1,45,25.0,633.9,15847.5,2025-03-27
2025032705016206,HATHY,13,43,100.0,1300.0,130000.0,2025-03-27
2025032703011892,GRDBL,7,17,94.0,1386.0,130284.0,2025-03-27
2025032704012094,SICL,41,53,50.0,783.9,39195.0,2025-03-27
2025032704012093,SICL,41,34,81.0,783.0,63423.0,2025-03-27
2025032703011891,GUFL,19,41,200.0,584.5,116900.0,2025-03-27
2025032705016205,NRIC,39,60,500.0,1294.0,647000.0,2025-03-27
2025032703011890,SINDU,45,42,10.0,1077.0,10770.0,2025-03-27
2025032705016204,NRM,34,49,100.0,484.8,48480.0,2025-03-27
2025032701014141,GMLI,28,33,10.0,2290.2,22902.0,2025-03-27
2025032705016203,NRM,25,48,140.0,482.0,67480.0,2025-03-27
2025032701014140,BEDC,71,57,30.0,780.0,23400.0,2025-03-27
2025032703011889,KSBBL,58,6,10.0,441.8,4418.0,2025-03-27
2025032705016202,NRN,44,55,67.0,1490.0,99830.0,2025-03-27
2025032703011888,MLBL,41,55,16.0,405.1,6481.6,2025-03-27
2025032705016201,HRL,38,53,10.0,1021.0,10210.0,2025-03-27
2025032703011887,ALICL,6,47,200.0,760.0,152000.0,2025-03-27
2025032701014139,NICA,26,45,54.0,370.0,19980.0,2025-03-27
2025032701014138,NICA,26,45,50.0,370.0,18500.0,2025-03-27
2025032701014137,NICA,52,45,235.0,370.0,86950.0,2025-03-27
2025032701014136,NICA,22,45,161.0,370.0,59570.0,2025-03-27
2025032704012092,NGPL,51,59,500.0,270.0,135000.0,2025-03-27
2025032704012091,NGPL,51,59,100.0,270.0,27000.0,2025-03-27
2025032704012090,NGPL,51,4,132.0,270.0,35640.0,2025-03-27
2025032703011886,GUFL,17,19,100.0,585.0,58500.0,2025-03-27
2025032703011885,MDB,50,17,25.0,634.0,15850.0,2025-03-27
2025032703011884,MDB,50,16,175.0,634.0,110950.0,2025-03-27
2025032704012089,CHCL,60,55,100.0,486.0,48600.0,2025-03-27
2025032704012088,RHPL,4,42,205.0,380.0,77900.0,2025-03-27
2025032703011883,GBLBS,35,42,10.0,836.0,8360.0,2025-03-27
2025032703011882,GFCL,4,34,250.0,665.0,166250.0,2025-03-27
2025032703011881,GFCL,35,34,15.0,665.1,9976.5,2025-03-27
2025032703011880,GFCL,58,34,70.0,665.2,46564.0,2025-03-27
2025032703011879,SJLIC,52,36,100.0,443.2,44320.0,2025-03-27
2025032704012087,SHL,62,52,700.0,483.0,338100.0,2025-03-27
2025032704012086,SHL,62,57,200.0,483.0,96600.0,2025-03-27
2025032704012085,SHL,62,59,200.0,483.0,96600.0,2025-03-27
2025032704012084,SHL,62,52,500.0,482.0,241000.0,2025-03-27
2025032703011878,HLBSL,62,42,10.0,1004.0,10040.0,2025-03-27
2025032703011877,HLBSL,62,14,10.0,1003.9,10039.0,2025-03-27
2025032703011876,PMLI,48,47,10.0,572.0,5720.0,2025-03-27
2025032705016200,SAHAS,39,36,200.0,501.2,100240.0,2025-03-27
2025032703011875,GMFIL,57,32,200.0,500.0,100000.0,2025-03-27
2025032703011874,EDBL,77,67,100.0,642.0,64200.0,2025-03-27
2025032703011873,NABBC,56,58,10.0,1687.0,16870.0,2025-03-27
2025032701014135,SMHL,21,45,145.0,871.4,126353.0,2025-03-27
2025032701014134,SMHL,59,45,155.0,873.0,135315.0,2025-03-27
2025032701014133,TPC,6,45,93.0,513.2,47727.6,2025-03-27
2025032701014132,TPC,46,45,90.0,513.3,46197.0,2025-03-27
2025032701014131,TPC,99,45,100.0,513.3,51330.0,2025-03-27
2025032701014130,TPC,70,45,141.0,513.3,72375.3,2025-03-27
2025032701014129,TPC,5,45,30.0,513.3,15399.0,2025-03-27
2025032701014128,TPC,38,45,25.0,514.0,12850.0,2025-03-27
2025032701014127,TPC,36,45,21.0,514.1,10796.1,2025-03-27
2025032701014126,NBL,58,45,956.0,249.6,238617.6,2025-03-27
2025032705016199,ILI,93,4,12.0,466.0,5592.0,2025-03-27
2025032705016198,HDL,1,17,28.0,1205.0,33740.0,2025-03-27
2025032705016197,HDL,4,17,29.0,1205.0,34945.0,2025-03-27
2025032705016196,MBJC,99,17,10.0,320.0,3200.0,2025-03-27
2025032704012083,PPCL,33,41,650.0,313.0,203450.0,2025-03-27
2025032704012082,PPCL,21,41,350.0,313.3,109655.0,2025-03-27
2025032704012081,SJCL,34,48,100.0,326.2,32620.0,2025-03-27
2025032703011872,HLI,34,33,181.0,429.0,77649.0,2025-03-27
2025032703011871,HLI,34,48,114.0,429.0,48906.0,2025-03-27
2025032703011870,HLI,34,32,20.0,428.9,8578.0,2025-03-27
2025032703011869,HLI,34,38,685.0,427.0,292495.0,2025-03-27
2025032705016195,SONA,32,21,30.0,474.5,14235.0,2025-03-27
2025032701014125,GBIME,26,58,30.0,219.3,6579.0,2025-03-27
2025032705016194,SHIVM,32,29,41.0,536.9,22012.9,2025-03-27
2025032704012080,PPCL,21,39,10.0,313.3,3133.0,2025-03-27
2025032704012079,PMHPL,6,14,10.0,289.0,2890.0,2025-03-27
2025032703011868,LICN,49,67,19.0,1023.0,19437.0,2025-03-27
2025032704012078,UNHPL,19,50,140.0,306.0,42840.0,2025-03-27
2025032704012077,UNHPL,19,32,60.0,306.0,18360.0,2025-03-27
2025032704012076,DHPL,74,74,9270.0,395.0,3661650.0,2025-03-27
2025032704012075,DHPL,74,20,10.0,395.0,3950.0,2025-03-27
2025032704012074,DHPL,74,58,50.0,395.0,19750.0,2025-03-27
2025032704012073,DHPL,74,52,110.0,395.0,43450.0,2025-03-27
2025032704012072,DHPL,74,22,130.0,395.0,51350.0,2025-03-27
2025032704012071,DHPL,74,41,300.0,395.0,118500.0,2025-03-27
2025032704012070,DHPL,74,49,11.0,394.8,4342.8,2025-03-27
2025032704012069,DHPL,74,34,119.0,394.7,46969.3,2025-03-27
2025032701014124,GBIME,48,38,100.0,219.2,21920.0,2025-03-27
2025032704012068,MEN,36,50,10.0,587.9,5879.0,2025-03-27
2025032704012067,PRIN,3,35,100.0,924.0,92400.0,2025-03-27
2025032705016193,SONA,45,60,120.0,474.9,56988.0,2025-03-27
2025032703011867,MNBBL,45,49,100.0,365.0,36500.0,2025-03-27
2025032705016192,HRL,22,91,200.0,1020.4,204080.0,2025-03-27
2025032701014123,KBL,35,86,43.0,204.5,8793.5,2025-03-27
2025032701014122,NIMB,42,46,345.0,211.1,72829.5,2025-03-27
2025032701014121,NIMB,42,46,97.0,211.2,20486.4,2025-03-27
2025032701014120,NIMB,17,46,157.0,211.2,33158.4,2025-03-27
2025032705016191,BBC,50,55,20.0,5550.0,111000.0,2025-03-27
2025032705016190,HRL,22,60,1000.0,1020.4,1020400.0,2025-03-27
2025032701014119,EHPL,42,56,38.0,690.0,26220.0,2025-03-27
2025032701014118,NYADI,41,48,425.0,578.8,245990.0,2025-03-27
2025032701014117,NYADI,41,48,375.0,578.8,217050.0,2025-03-27
2025032701014116,NYADI,41,26,1150.0,578.5,665275.0,2025-03-27
2025032701014115,NYADI,41,52,10.0,578.0,5780.0,2025-03-27
2025032701014114,NYADI,41,50,40.0,578.0,23120.0,2025-03-27
2025032705016189,HRL,22,32,31.0,1020.4,31632.4,2025-03-27
2025032701014113,AVYAN,34,62,100.0,1070.0,107000.0,2025-03-27
2025032701014112,AVYAN,62,62,176.0,1070.0,188320.0,2025-03-27
2025032701014111,AVYAN,55,62,20.0,1070.0,21400.0,2025-03-27
2025032701014110,AVYAN,42,62,10.0,1071.0,10710.0,2025-03-27
2025032703011866,NMFBS,25,39,10.0,1226.0,12260.0,2025-03-27
2025032701014109,SARBTM,57,1,70.0,797.0,55790.0,2025-03-27
2025032703011865,ALICL,6,35,50.0,760.0,38000.0,2025-03-27
2025032703011864,ALICL,6,47,150.0,760.0,114000.0,2025-03-27
2025032703011863,ALICL,6,29,42.0,760.0,31920.0,2025-03-27
2025032703011862,ALICL,6,37,20.0,760.0,15200.0,2025-03-27
2025032703011861,ALICL,6,14,250.0,759.0,189750.0,2025-03-27
2025032701014108,SGHC,54,67,20.0,543.0,10860.0,2025-03-27
2025032701014107,MAKAR,58,58,10.0,701.1,7011.0,2025-03-27
2025032705016188,HRL,58,53,50.0,1021.0,51050.0,2025-03-27
2025032704012066,GHL,40,21,100.0,286.9,28690.0,2025-03-27
2025032703011860,SMB,55,45,10.0,2570.0,25700.0,2025-03-27
2025032704012065,SHPC,62,40,51.0,474.0,24174.0,2025-03-27
2025032703011859,MLBL,94,14,300.0,406.0,121800.0,2025-03-27
2025032703011858,GFCL,49,74,100.0,666.0,66600.0,2025-03-27
2025032703011857,GFCL,49,38,30.0,666.0,19980.0,2025-03-27
2025032703011856,GFCL,49,58,20.0,666.0,13320.0,2025-03-27
2025032703011855,HLI,49,38,10.0,427.0,4270.0,2025-03-27
2025032704012064,JOSHI,51,81,940.0,357.2,335768.0,2025-03-27
2025032704012063,JOSHI,57,81,210.0,357.2,75012.0,2025-03-27
2025032704012062,JOSHI,1,81,100.0,357.3,35730.0,2025-03-27
2025032701014106,ULHC,52,35,80.0,517.2,41376.0,2025-03-27
2025032701014105,ULHC,22,35,20.0,517.3,10346.0,2025-03-27
2025032705016187,NRN,35,55,104.0,1490.0,154960.0,2025-03-27
2025032705016186,NRN,35,53,160.0,1490.0,238400.0,2025-03-27
2025032705016185,NRN,35,91,30.0,1490.0,44700.0,2025-03-27
2025032705016184,NRN,35,60,292.0,1490.0,435080.0,2025-03-27
2025032705016183,NRN,35,40,50.0,1490.0,74500.0,2025-03-27
2025032705016182,NRN,35,94,364.0,1490.0,542360.0,2025-03-27
2025032703011854,CFCL,4,91,24.0,553.4,13281.6,2025-03-27
2025032704012061,GHL,42,21,100.0,286.9,28690.0,2025-03-27
2025032704012060,BARUN,41,75,10.0,513.9,5139.0,2025-03-27
2025032701014104,MKJC,34,42,100.0,538.0,53800.0,2025-03-27
2025032704012059,SHPC,62,3,50.0,474.0,23700.0,2025-03-27
2025032704012058,SHPC,62,14,15.0,474.0,7110.0,2025-03-27
2025032701014103,GMLI,28,33,10.0,2290.2,22902.0,2025-03-27
2025032701014102,SGHC,39,29,200.0,543.1,108620.0,2025-03-27
2025032704012057,SPIL,14,80,200.0,820.0,164000.0,2025-03-27
2025032701014101,SGHC,83,29,100.0,543.1,54310.0,2025-03-27
2025032703011853,SAPDBL,44,6,100.0,1099.9,109990.0,2025-03-27
2025032705016181,RNLI,44,45,1206.0,546.5,659079.0,2025-03-27
2025032705016180,RNLI,44,49,11.0,546.0,6006.0,2025-03-27
2025032705016179,RNLI,44,44,11.0,546.0,6006.0,2025-03-27
2025032705016178,RNLI,44,97,200.0,546.0,109200.0,2025-03-27
2025032705016177,RNLI,44,51,11.0,545.7,6002.7,2025-03-27
2025032705016176,RNLI,44,58,10.0,545.5,5455.0,2025-03-27
2025032705016175,RNLI,44,8,11.0,545.4,5999.4,2025-03-27
2025032705016174,RNLI,44,8,11.0,545.2,5997.2,2025-03-27
2025032705016173,RNLI,44,4,95.0,545.0,51775.0,2025-03-27
2025032705016172,RNLI,44,38,250.0,545.0,136250.0,2025-03-27
2025032705016171,RNLI,44,45,11.0,545.0,5995.0,2025-03-27
2025032705016170,RNLI,44,32,11.0,545.0,5995.0,2025-03-27
2025032705016169,RNLI,44,58,11.0,545.0,5995.0,2025-03-27
2025032705016168,RNLI,44,55,11.0,545.0,5995.0,2025-03-27
2025032705016167,RNLI,44,54,50.0,545.0,27250.0,2025-03-27
2025032705016166,RNLI,44,7,500.0,545.0,272500.0,2025-03-27
2025032705016165,RNLI,44,1,21.0,545.0,11445.0,2025-03-27
2025032705016164,RNLI,44,58,11.0,545.0,5995.0,2025-03-27
2025032705016163,RNLI,44,45,10.0,545.0,5450.0,2025-03-27
2025032705016162,RNLI,44,96,1000.0,545.0,545000.0,2025-03-27
2025032705016161,RNLI,44,44,205.0,545.0,111725.0,2025-03-27
2025032705016160,RNLI,44,38,159.0,545.0,86655.0,2025-03-27
2025032705016159,RNLI,44,13,100.0,544.9,54490.0,2025-03-27
2025032705016158,RNLI,44,91,200.0,544.9,108980.0,2025-03-27
2025032705016157,RNLI,44,67,500.0,544.8,272400.0,2025-03-27
2025032705016156,RNLI,44,55,100.0,544.7,54470.0,2025-03-27
2025032705016155,RNLI,44,22,11.0,544.7,5991.7,2025-03-27
2025032705016154,RNLI,44,34,11.0,544.0,5984.0,2025-03-27
2025032705016153,RNLI,44,45,11.0,544.0,5984.0,2025-03-27
2025032705016152,RNLI,44,33,251.0,544.0,136544.0,2025-03-27
2025032703011852,LICN,6,50,25.0,1023.9,25597.5,2025-03-27
2025032703011851,NLICL,28,56,10.0,644.6,6446.0,2025-03-27
2025032703011850,MDB,58,16,25.0,634.0,15850.0,2025-03-27
2025032704012056,PPCL,21,53,140.0,313.3,43862.0,2025-03-27
2025032704012055,UMHL,91,53,95.0,434.1,41239.5,2025-03-27
2025032704012054,UMHL,5,53,100.0,434.5,43450.0,2025-03-27
2025032704012053,UMHL,58,53,500.0,434.5,217250.0,2025-03-27
2025032704012052,UMHL,68,53,305.0,434.5,132522.5,2025-03-27
2025032705016151,MEL,16,58,170.0,323.0,54910.0,2025-03-27
2025032705016150,MEL,16,43,10.0,323.0,3230.0,2025-03-27
2025032705016149,MEL,16,91,300.0,323.0,96900.0,2025-03-27
2025032705016148,MEL,16,26,200.0,323.0,64600.0,2025-03-27
2025032705016147,MEL,16,58,10.0,322.9,3229.0,2025-03-27
2025032705016146,MEL,16,62,200.0,322.8,64560.0,2025-03-27
2025032705016145,MEL,16,22,100.0,322.7,32270.0,2025-03-27
2025032705016144,MEL,16,58,10.0,322.7,3227.0,2025-03-27
2025032703011849,MLBSL,38,1,50.0,2250.0,112500.0,2025-03-27
2025032703011848,BFC,16,38,80.0,558.6,44688.0,2025-03-27
2025032701014100,RHGCL,58,45,85.0,537.2,45662.0,2025-03-27
2025032701014099,RHGCL,21,45,100.0,537.2,53720.0,2025-03-27
2025032701014098,RHGCL,28,45,15.0,537.2,8058.0,2025-03-27
2025032703011847,SINDU,45,32,20.0,1077.0,21540.0,2025-03-27
2025032703011846,SINDU,45,41,100.0,1077.0,107700.0,2025-03-27
2025032705016143,SONA,32,14,10.0,474.5,4745.0,2025-03-27
2025032705016142,NIFRA,42,99,40.0,269.3,10772.0,2025-03-27
2025032704012051,AKPL,42,1,20.0,228.0,4560.0,2025-03-27
2025032704012050,NLG,70,49,15.0,875.0,13125.0,2025-03-27
2025032705016141,CLI,52,45,25.0,511.0,12775.0,2025-03-27
2025032704012049,GHL,55,62,50.0,286.3,14315.0,2025-03-27
2025032703011845,SAPDBL,44,6,55.0,1099.9,60494.5,2025-03-27
2025032701014097,KBL,57,86,1000.0,204.5,204500.0,2025-03-27
2025032703011844,FMDBL,77,6,45.0,767.1,34519.5,2025-03-27
2025032703011843,FMDBL,58,6,10.0,767.2,7672.0,2025-03-27
2025032703011842,FMDBL,22,6,20.0,768.0,15360.0,2025-03-27
2025032703011841,WNLB,58,18,10.0,3119.0,31190.0,2025-03-27
2025032705016140,SFMF,19,42,10000.0,10.35,103500.0,2025-03-27
2025032703011840,SFCL,16,98,100.0,537.0,53700.0,2025-03-27
2025032704012048,UMRH,22,1,100.0,613.0,61300.0,2025-03-27
2025032701014096,KBL,32,38,1000.0,204.2,204200.0,2025-03-27
2025032703011839,SAPDBL,87,6,200.0,1099.9,219980.0,2025-03-27
2025032701014095,RFPL,45,22,120.0,686.1,82332.0,2025-03-27
2025032705016139,NTC,42,39,9.0,900.0,8100.0,2025-03-27
2025032705016138,NTC,42,45,10.0,900.0,9000.0,2025-03-27
2025032701014094,MLBS,11,45,20.0,1860.0,37200.0,2025-03-27
2025032705016137,GCIL,38,45,1680.0,548.2,920976.0,2025-03-27
2025032705016136,GCIL,38,46,1000.0,548.2,548200.0,2025-03-27
2025032705016135,HRL,22,41,10.0,1020.4,10204.0,2025-03-27
2025032703011838,SINDU,72,34,400.0,1076.9,430760.0,2025-03-27
2025032701014093,GVL,32,42,130.0,469.8,61074.0,2025-03-27
2025032701014092,GVL,32,17,100.0,469.7,46970.0,2025-03-27
2025032701014091,GVL,32,41,10.0,469.0,4690.0,2025-03-27
2025032701014090,GVL,32,44,10.0,469.0,4690.0,2025-03-27
2025032704012047,UMHL,68,62,195.0,434.5,84727.5,2025-03-27
2025032704012046,UMHL,14,62,250.0,434.5,108625.0,2025-03-27
2025032704012045,UMHL,25,62,100.0,434.5,43450.0,2025-03-27
2025032704012044,UMHL,62,62,200.0,434.5,86900.0,2025-03-27
2025032704012043,UMHL,22,62,255.0,434.6,110823.0,2025-03-27
2025032705016134,NRM,25,44,50.0,482.0,24100.0,2025-03-27
2025032705016133,CLI,84,45,20.0,511.0,10220.0,2025-03-27
2025032704012042,BARUN,6,75,36.0,513.9,18500.4,2025-03-27
2025032704012041,HURJA,6,18,815.0,236.5,192747.5,2025-03-27
2025032704012040,HURJA,6,54,100.0,236.3,23630.0,2025-03-27
2025032704012039,HURJA,6,57,45.0,236.3,10633.5,2025-03-27
2025032704012038,HURJA,6,52,225.0,236.3,53167.5,2025-03-27
2025032704012037,BARUN,58,75,200.0,513.9,102780.0,2025-03-27
2025032705016132,RNLI,55,33,60.0,544.0,32640.0,2025-03-27
2025032704012036,CHL,21,38,100.0,518.2,51820.0,2025-03-27
2025032704012035,SHEL,94,38,355.0,252.1,89495.5,2025-03-27
2025032704012034,SHEL,94,3,245.0,252.0,61740.0,2025-03-27
2025032704012033,PMHPL,45,6,140.0,289.5,40530.0,2025-03-27
2025032705016131,CIT,41,35,20.0,1960.1,39202.0,2025-03-27
2025032705016130,HRL,22,64,670.0,1020.4,683668.0,2025-03-27
2025032705016129,HRL,59,64,49.0,1020.5,50004.5,2025-03-27
2025032705016128,HRL,46,64,51.0,1020.6,52050.6,2025-03-27
2025032705016127,HRL,62,64,80.0,1020.9,81672.0,2025-03-27
2025032705016126,HRL,32,64,150.0,1021.0,153150.0,2025-03-27
2025032704012032,HURJA,53,64,1200.0,236.1,283320.0,2025-03-27
2025032704012031,HDHPC,35,32,175.0,199.9,34982.5,2025-03-27
2025032704012030,HDHPC,35,14,200.0,199.8,39960.0,2025-03-27
2025032703011837,ALICL,82,14,250.0,759.0,189750.0,2025-03-27
2025032703011836,ALICL,82,46,100.0,758.8,75880.0,2025-03-27
2025032703011835,ALICL,82,36,150.0,758.8,113820.0,2025-03-27
2025032705016125,PHCL,65,42,10.0,582.0,5820.0,2025-03-27
2025032701014089,PRVU,93,45,10.0,212.9,2129.0,2025-03-27
2025032701014088,SBI,36,11,28.0,414.0,11592.0,2025-03-27
2025032701014087,SBI,36,4,92.0,413.5,38042.0,2025-03-27
2025032704012029,UNHPL,44,32,20.0,306.0,6120.0,2025-03-27
2025032704012028,UNHPL,44,39,180.0,305.9,55062.0,2025-03-27
2025032703011834,NADEP,26,57,50.0,876.0,43800.0,2025-03-27
2025032704012027,GLH,52,57,530.0,243.1,128843.0,2025-03-27
2025032704012026,GLH,34,57,970.0,243.2,235904.0,2025-03-27
2025032703011833,GRDBL,19,57,70.0,1387.0,97090.0,2025-03-27
2025032705016124,HRL,57,50,100.0,1021.8,102180.0,2025-03-27
2025032703011832,SFCL,57,98,201.0,537.0,107937.0,2025-03-27
2025032703011831,SFCL,57,52,31.0,537.0,16647.0,2025-03-27
2025032703011830,SFCL,57,43,40.0,537.0,21480.0,2025-03-27
2025032703011829,SFCL,57,32,78.0,537.0,41886.0,2025-03-27
2025032701014086,SARBTM,74,6,381.0,794.0,302514.0,2025-03-27
2025032701014085,SARBTM,41,6,264.0,794.1,209642.4,2025-03-27
2025032701014084,SARBTM,57,6,12.0,795.0,9540.0,2025-03-27
2025032701014083,SARBTM,38,6,200.0,795.1,159020.0,2025-03-27
2025032701014082,SARBTM,58,6,10.0,795.2,7952.0,2025-03-27
2025032701014081,SARBTM,39,6,200.0,797.0,159400.0,2025-03-27
2025032701014080,SARBTM,42,6,33.0,797.1,26304.3,2025-03-27
2025032704012025,MHNL,59,35,100.0,266.0,26600.0,2025-03-27
2025032704012024,GHL,5,58,10.0,287.0,2870.0,2025-03-27
2025032703011828,EDBL,58,34,50.0,648.0,32400.0,2025-03-27
2025032703011827,SINDU,72,1,1400.0,1076.9,1507660.0,2025-03-27
2025032703011826,MNBBL,56,49,300.0,365.0,109500.0,2025-03-27
2025032704012023,DHPL,38,34,100.0,394.7,39470.0,2025-03-27
2025032704012022,RHPL,4,22,100.0,380.0,38000.0,2025-03-27
2025032703011825,GRDBL,19,49,30.0,1387.0,41610.0,2025-03-27
2025032703011824,SMB,42,49,96.0,2566.0,246336.0,2025-03-27
2025032701014079,KDL,26,17,10.0,1111.0,11110.0,2025-03-27
2025032705016123,SAHAS,14,36,100.0,501.2,50120.0,2025-03-27
2025032704012021,AKJCL,36,42,334.0,204.0,68136.0,2025-03-27
2025032704012020,AKJCL,57,42,100.0,204.0,20400.0,2025-03-27
2025032704012019,AKJCL,49,42,490.0,204.0,99960.0,2025-03-27
2025032704012018,AKJCL,49,42,15.0,204.0,3060.0,2025-03-27
2025032704012017,AKJCL,58,42,550.0,204.0,112200.0,2025-03-27
2025032704012016,AKJCL,40,42,686.0,204.0,139944.0,2025-03-27
2025032705016122,GCIL,38,79,11.0,548.2,6030.2,2025-03-27
2025032701014078,KBL,54,86,10.0,204.5,2045.0,2025-03-27
2025032704012015,HURJA,42,52,75.0,236.3,17722.5,2025-03-27
2025032703011823,JSLBB,38,52,37.0,1491.0,55167.0,2025-03-27
2025032705016121,NRN,17,42,11.0,1486.0,16346.0,2025-03-27
2025032704012014,GLH,34,34,20.0,243.2,4864.0,2025-03-27
2025032704012013,GLH,56,34,80.0,243.2,19456.0,2025-03-27
2025032701014077,MKJC,62,42,94.0,538.0,50572.0,2025-03-27
2025032701014076,MKJC,58,42,40.0,538.0,21520.0,2025-03-27
2025032701014075,MKJC,51,42,25.0,538.0,13450.0,2025-03-27
2025032701014074,MKJC,39,42,250.0,538.0,134500.0,2025-03-27
2025032705016120,GCIL,38,26,11.0,548.2,6030.2,2025-03-27
2025032705016119,HRL,62,63,120.0,1020.9,122508.0,2025-03-27
2025032705016118,HRL,34,63,10.0,1021.0,10210.0,2025-03-27
2025032705016117,GCIL,38,63,4000.0,548.2,2192800.0,2025-03-27
2025032704012012,UNHPL,22,44,39.0,305.0,11895.0,2025-03-27
2025032701014073,GVL,59,59,1.0,465.0,465.0,2025-03-27
2025032701014072,USHL,14,55,360.0,731.1,263196.0,2025-03-27
2025032701014071,USHL,57,55,50.0,731.2,36560.0,2025-03-27
2025032701014070,USHL,21,55,10.0,732.2,7322.0,2025-03-27
2025032701014069,USHL,35,55,10.0,734.0,7340.0,2025-03-27
2025032704012011,BARUN,38,58,90.0,513.2,46188.0,2025-03-27
2025032703011822,SMB,42,58,190.0,2566.0,487540.0,2025-03-27
2025032703011821,SMB,55,58,10.0,2566.0,25660.0,2025-03-27
2025032703011820,NFS,22,47,200.0,692.0,138400.0,2025-03-27
2025032701014068,CITY,14,91,304.0,850.9,258673.6,2025-03-27
2025032701014067,CITY,14,34,200.0,850.8,170160.0,2025-03-27
2025032701014066,CITY,14,56,100.0,850.8,85080.0,2025-03-27
2025032701014065,CITY,14,56,50.0,850.7,42535.0,2025-03-27
2025032701014064,CITY,14,38,10.0,850.0,8500.0,2025-03-27
2025032701014063,CITY,14,43,20.0,850.0,17000.0,2025-03-27
2025032701014062,CITY,14,34,10.0,850.0,8500.0,2025-03-27
2025032701014061,CITY,14,44,20.0,849.9,16998.0,2025-03-27
2025032701014060,CITY,14,48,90.0,849.8,76482.0,2025-03-27
2025032701014059,CITY,14,29,186.0,849.0,157914.0,2025-03-27
2025032701014058,CITY,14,22,10.0,848.5,8485.0,2025-03-27
2025032703011819,JFL,41,42,75.0,513.9,38542.5,2025-03-27
2025032704012010,SSHL,54,34,15.0,230.9,3463.5,2025-03-27
2025032704012009,SSHL,54,57,100.0,230.9,23090.0,2025-03-27
2025032704012008,SSHL,54,34,200.0,230.5,46100.0,2025-03-27
2025032704012007,SSHL,54,21,75.0,230.5,17287.5,2025-03-27
2025032704012006,SSHL,54,50,40.0,230.0,9200.0,2025-03-27
2025032703011818,SINDU,34,41,50.0,1077.0,53850.0,2025-03-27
2025032705016116,HRL,34,34,990.0,1021.0,1010790.0,2025-03-27
2025032703011817,CORBL,58,42,19.0,1765.0,33535.0,2025-03-27
2025032705016115,HRL,46,34,19.0,1020.6,19391.4,2025-03-27
2025032705016114,NRN,17,42,11.0,1486.0,16346.0,2025-03-27
2025032701014057,PRVU,62,47,100.0,212.8,21280.0,2025-03-27
2025032701014056,GMLI,83,33,10.0,2291.0,22910.0,2025-03-27
2025032703011816,NFS,39,47,20.0,692.0,13840.0,2025-03-27
2025032703011815,NFS,39,49,500.0,691.9,345950.0,2025-03-27
2025032703011814,NFS,39,14,180.0,691.9,124542.0,2025-03-27
2025032705016113,HRL,46,39,10.0,1020.6,10206.0,2025-03-27
2025032704012005,HURJA,53,39,50.0,236.1,11805.0,2025-03-27
2025032704012004,HURJA,52,39,500.0,236.1,118050.0,2025-03-27
2025032704012003,HURJA,39,39,450.0,236.3,106335.0,2025-03-27
2025032701014055,MHL,6,58,11.0,712.9,7841.9,2025-03-27
2025032701014054,GBIME,48,59,20.0,219.2,4384.0,2025-03-27
2025032701014053,KBSH,53,47,38.0,2430.0,92340.0,2025-03-27
2025032701014052,KBSH,87,47,72.0,2431.0,175032.0,2025-03-27
2025032701014051,SGHC,16,29,130.0,543.1,70603.0,2025-03-27
2025032703011813,SADBL,52,43,443.0,406.0,179858.0,2025-03-27
2025032703011812,SMPDA,49,81,69.0,942.2,65011.8,2025-03-27
2025032703011811,SMPDA,42,81,42.0,944.0,39648.0,2025-03-27
2025032705016112,RMF1,4,57,100.0,8.87,887.0,2025-03-27
2025032703011810,SWBBL,50,22,10.0,834.9,8349.0,2025-03-27
2025032704012002,CHCL,17,55,20.0,486.0,9720.0,2025-03-27
2025032705016111,NRIC,18,49,100.0,1295.0,129500.0,2025-03-27
2025032704012001,HDHPC,49,14,90.0,199.8,17982.0,2025-03-27
2025032701014050,GMLI,83,42,10.0,2291.0,22910.0,2025-03-27
2025032704012000,SICL,34,34,19.0,783.0,14877.0,2025-03-27
2025032701014049,PPL,57,74,100.0,528.0,52800.0,2025-03-27
2025032701014048,DOLTI,6,99,50.0,687.0,34350.0,2025-03-27
2025032705016110,NRN,6,94,130.0,1490.0,193700.0,2025-03-27
2025032705016109,NRN,6,26,70.0,1489.0,104230.0,2025-03-27
2025032705016108,SONA,32,57,50.0,474.5,23725.0,2025-03-27
2025032703011809,ALBSL,57,42,10.0,854.0,8540.0,2025-03-27
2025032704011999,UMHL,42,22,10.0,434.7,4347.0,2025-03-27
2025032704011998,UMHL,29,22,60.0,434.7,26082.0,2025-03-27
2025032701014047,USHL,38,14,10.0,736.8,7368.0,2025-03-27
2025032705016107,GCIL,38,38,500.0,548.2,274100.0,2025-03-27
2025032705016106,HRL,38,34,10.0,1021.0,10210.0,2025-03-27
2025032703011808,SMPDA,42,38,19.0,944.0,17936.0,2025-03-27
2025032701014046,NYADI,38,50,60.0,578.0,34680.0,2025-03-27
2025032705016105,NIFRA,57,91,146.0,269.0,39274.0,2025-03-27
2025032705016104,NIFRA,54,91,200.0,269.0,53800.0,2025-03-27
2025032705016103,NIFRA,52,91,125.0,269.0,33625.0,2025-03-27
2025032705016102,NIFRA,55,91,200.0,269.0,53800.0,2025-03-27
2025032705016101,NIFRA,57,91,100.0,269.0,26900.0,2025-03-27
2025032705016100,NIFRA,35,91,229.0,269.1,61623.9,2025-03-27
2025032701014045,GMLI,83,11,10.0,2291.0,22910.0,2025-03-27
2025032705016099,HRL,22,64,84.0,1020.4,85713.6,2025-03-27
2025032705016098,HRL,17,64,108.0,1020.5,110214.0,2025-03-27
2025032705016097,HRL,66,64,30.0,1020.6,30618.0,2025-03-27
2025032705016096,HRL,45,64,270.0,1020.6,275562.0,2025-03-27
2025032703011807,MFIL,45,57,200.0,614.0,122800.0,2025-03-27
2025032703011806,MFIL,45,34,150.0,613.5,92025.0,2025-03-27
2025032705016095,CLI,17,45,67.0,511.0,34237.0,2025-03-27
2025032704011997,NHPC,49,20,200.0,209.2,41840.0,2025-03-27
2025032704011996,UPPER,38,1,50.0,201.0,10050.0,2025-03-27
2025032704011995,UPPER,49,1,65.0,201.0,13065.0,2025-03-27
2025032704011994,UPPER,45,1,69.0,201.0,13869.0,2025-03-27
2025032704011993,UPPER,58,1,300.0,201.0,60300.0,2025-03-27
2025032704011992,UPPER,22,1,100.0,201.0,20100.0,2025-03-27
2025032704011991,UPPER,6,1,255.0,201.0,51255.0,2025-03-27
2025032704011990,UPPER,36,1,778.0,201.0,156378.0,2025-03-27
2025032704011989,UPPER,26,1,500.0,201.1,100550.0,2025-03-27
2025032701014044,SANIMA,49,39,200.0,302.0,60400.0,2025-03-27
2025032703011805,MNBBL,57,49,49.0,365.0,17885.0,2025-03-27
2025032703011804,MNBBL,1,49,100.0,365.0,36500.0,2025-03-27
2025032703011803,KSBBL,58,95,34.0,441.7,15017.8,2025-03-27
2025032704011988,SHL,64,14,110.0,481.0,52910.0,2025-03-27
2025032703011802,NMBMF,62,74,10.0,759.9,7599.0,2025-03-27
2025032705016094,KEF,62,42,100.0,8.99,899.0,2025-03-27
2025032701014043,HIDCLP,58,34,49.0,176.5,8648.5,2025-03-27
2025032701014042,HIDCLP,35,34,60.0,177.0,10620.0,2025-03-27
2025032701014041,HIDCLP,28,34,100.0,177.3,17730.0,2025-03-27
2025032701014040,HIDCLP,49,34,11.0,177.3,1950.3,2025-03-27
2025032701014039,HIDCLP,22,34,100.0,177.3,17730.0,2025-03-27
2025032701014038,HIDCLP,25,34,200.0,177.5,35500.0,2025-03-27
2025032701014037,HIDCLP,54,34,480.0,177.5,85200.0,2025-03-27
2025032701014036,KBSH,87,48,12.0,2431.0,29172.0,2025-03-27
2025032704011987,DHPL,74,34,781.0,394.7,308260.7,2025-03-27
2025032704011986,DHPL,74,34,500.0,394.7,197350.0,2025-03-27
2025032704011985,DHPL,74,58,10.0,394.0,3940.0,2025-03-27
2025032704011984,DHPL,74,74,500.0,394.0,197000.0,2025-03-27
2025032704011983,DHPL,74,74,209.0,393.9,82325.1,2025-03-27
2025032703011801,GUFL,58,19,53.0,585.0,31005.0,2025-03-27
2025032704011982,NGPL,57,4,108.0,270.0,29160.0,2025-03-27
2025032704011981,SPDL,49,57,200.0,318.5,63700.0,2025-03-27
2025032705016093,SAHAS,5,52,10.0,501.0,5010.0,2025-03-27
2025032705016092,SAHAS,5,26,80.0,501.0,40080.0,2025-03-27
2025032701014035,IHL,66,81,300.0,677.0,203100.0,2025-03-27
2025032701014034,IHL,66,91,50.0,676.0,33800.0,2025-03-27
2025032701014033,IHL,66,49,10.0,675.0,6750.0,2025-03-27
2025032703011800,CORBL,58,66,25.0,1765.0,44125.0,2025-03-27
2025032701014032,EHPL,42,56,500.0,690.0,345000.0,2025-03-27
2025032701014031,EHPL,42,56,60.0,690.0,41400.0,2025-03-27
2025032701014030,EHPL,50,56,252.0,690.9,174106.8,2025-03-27
2025032701014029,EHPL,16,56,50.0,691.0,34550.0,2025-03-27
2025032701014028,EHPL,11,56,100.0,691.0,69100.0,2025-03-27
2025032705016091,PHCL,65,51,10.0,585.0,5850.0,2025-03-27
2025032705016090,PHCL,65,56,100.0,584.9,58490.0,2025-03-27
2025032703011799,DDBL,46,38,33.0,782.0,25806.0,2025-03-27
2025032703011798,DDBL,17,38,46.0,782.1,35976.6,2025-03-27
2025032704011980,UMHL,29,4,190.0,434.7,82593.0,2025-03-27
2025032701014027,HEIP,32,72,1000.0,360.0,360000.0,2025-03-27
2025032701014026,GVL,52,58,45.0,466.1,20974.5,2025-03-27
2025032703011797,SINDU,49,41,50.0,1077.0,53850.0,2025-03-27
2025032703011796,MNBBL,3,34,899.0,365.5,328584.5,2025-03-27
2025032703011795,NLICL,41,33,10.0,644.0,6440.0,2025-03-27
2025032703011794,MERO,52,86,10.0,723.6,7236.0,2025-03-27
2025032703011793,MDB,42,44,200.0,634.0,126800.0,2025-03-27
2025032704011979,RHPL,4,34,300.0,380.0,114000.0,2025-03-27
2025032704011978,GLH,7,39,100.0,244.0,24400.0,2025-03-27
2025032703011792,SAPDBL,22,6,40.0,1099.9,43996.0,2025-03-27
2025032703011791,MLBL,14,14,100.0,406.0,40600.0,2025-03-27
2025032703011790,MLBL,41,14,84.0,406.0,34104.0,2025-03-27
2025032703011789,MLBL,33,14,20.0,406.0,8120.0,2025-03-27
2025032703011788,MLBL,60,14,10.0,406.9,4069.0,2025-03-27
2025032705016089,HATHY,41,45,10.0,1303.0,13030.0,2025-03-27
2025032701014025,DOLTI,25,35,10.0,687.0,6870.0,2025-03-27
2025032705016088,SHIVM,26,26,710.0,534.0,379140.0,2025-03-27
2025032705016087,SHIVM,49,26,16.0,534.1,8545.6,2025-03-27
2025032705016086,SHIVM,58,26,100.0,534.1,53410.0,2025-03-27
2025032705016085,SHIVM,50,26,157.0,535.0,83995.0,2025-03-27
2025032705016084,SHIVM,49,26,20.0,535.0,10700.0,2025-03-27
2025032705016083,SHIVM,26,26,200.0,535.0,107000.0,2025-03-27
2025032705016082,SHIVM,41,26,10.0,535.0,5350.0,2025-03-27
2025032705016081,SHIVM,42,26,10.0,535.0,5350.0,2025-03-27
2025032705016080,SHIVM,16,26,10.0,535.0,5350.0,2025-03-27
2025032705016079,SHIVM,6,26,50.0,535.0,26750.0,2025-03-27
2025032705016078,SHIVM,16,26,77.0,535.0,41195.0,2025-03-27
2025032705016077,SHIVM,1,26,50.0,535.5,26775.0,2025-03-27
2025032705016076,SHIVM,47,26,100.0,535.5,53550.0,2025-03-27
2025032705016075,SHIVM,21,26,20.0,536.0,10720.0,2025-03-27
2025032705016074,SHIVM,57,26,300.0,536.0,160800.0,2025-03-27
2025032705016073,SHIVM,37,26,75.0,537.1,40282.5,2025-03-27
2025032705016072,SHIVM,34,26,351.0,537.2,188557.2,2025-03-27
2025032705016071,NIFRA,35,35,80.0,269.1,21528.0,2025-03-27
2025032701014024,BNHC,34,89,500.0,502.2,251100.0,2025-03-27
2025032704011977,SPIL,14,80,227.0,820.0,186140.0,2025-03-27
2025032704011976,SPIL,56,80,20.0,820.0,16400.0,2025-03-27
2025032704011975,SPIL,22,80,20.0,820.1,16402.0,2025-03-27
2025032704011974,SPIL,63,80,33.0,822.0,27126.0,2025-03-27
2025032704011973,HPPL,58,48,770.0,588.0,452760.0,2025-03-27
2025032704011972,HPPL,91,48,500.0,588.1,294050.0,2025-03-27
2025032704011971,HPPL,91,48,250.0,588.1,147025.0,2025-03-27
2025032704011970,HPPL,50,48,250.0,588.1,147025.0,2025-03-27
2025032704011969,HPPL,33,48,200.0,588.3,117660.0,2025-03-27
2025032704011968,HPPL,44,48,30.0,588.4,17652.0,2025-03-27
2025032705016070,SAHAS,28,19,230.0,500.1,115023.0,2025-03-27
2025032704011967,DHPL,59,74,291.0,393.9,114624.9,2025-03-27
2025032704011966,DHPL,59,45,100.0,393.4,39340.0,2025-03-27
2025032704011965,DHPL,59,25,365.0,393.0,143445.0,2025-03-27
2025032704011964,DHPL,59,58,50.0,392.8,19640.0,2025-03-27
2025032704011963,DHPL,59,49,153.0,392.0,59976.0,2025-03-27
2025032704011962,DHPL,59,56,41.0,391.9,16067.9,2025-03-27
2025032705016069,HRL,45,5,50.0,1020.6,51030.0,2025-03-27
2025032701014023,GMLI,83,47,10.0,2291.0,22910.0,2025-03-27
2025032703011787,SJLIC,36,38,100.0,444.0,44400.0,2025-03-27
2025032704011961,IGI,32,50,250.0,582.0,145500.0,2025-03-27
2025032701014022,MHL,42,1,40.0,710.0,28400.0,2025-03-27
2025032705016068,NIFRA,35,49,54.0,269.1,14531.4,2025-03-27
2025032703011786,GFCL,35,45,105.0,665.1,69835.5,2025-03-27
2025032703011785,GFCL,33,45,100.0,665.2,66520.0,2025-03-27
2025032704011960,RIDI,58,48,1728.0,221.8,383270.4,2025-03-27
2025032704011959,RIDI,58,74,272.0,221.5,60248.0,2025-03-27
2025032703011784,SINDU,72,58,25.0,1076.9,26922.5,2025-03-27
2025032703011783,SINDU,41,58,25.0,1077.0,26925.0,2025-03-27
2025032703011782,RSDC,88,54,104.0,713.0,74152.0,2025-03-27
2025032701014021,PCBL,13,36,246.0,251.2,61795.2,2025-03-27
2025032701014020,PCBL,22,36,1000.0,251.4,251400.0,2025-03-27
2025032701014019,PCBL,34,36,754.0,251.6,189706.4,2025-03-27
2025032701014018,USHEC,58,39,10.0,593.0,5930.0,2025-03-27
2025032701014017,SPC,39,58,10.0,525.0,5250.0,2025-03-27
2025032701014016,SPC,39,44,60.0,524.9,31494.0,2025-03-27
2025032704011958,IGI,32,44,11.0,582.0,6402.0,2025-03-27
2025032703011781,HLI,84,38,105.0,427.0,44835.0,2025-03-27
2025032703011780,HLI,84,49,395.0,427.0,168665.0,2025-03-27
2025032704011957,RIDI,36,74,128.0,221.5,28352.0,2025-03-27
2025032705016067,CLI,13,37,66.0,511.0,33726.0,2025-03-27
2025032704011956,UAIL,46,19,100.0,645.0,64500.0,2025-03-27
2025032703011779,ALICL,6,14,500.0,756.7,378350.0,2025-03-27
2025032703011778,PMLI,45,53,100.0,571.9,57190.0,2025-03-27
2025032703011777,PMLI,45,58,12.0,571.8,6861.6,2025-03-27
2025032703011776,JFL,46,21,39.0,513.0,20007.0,2025-03-27
2025032703011775,JFL,42,21,100.0,513.0,51300.0,2025-03-27
2025032701014015,LSL,62,11,100.0,219.9,21990.0,2025-03-27
2025032701014014,BEDC,71,39,30.0,780.0,23400.0,2025-03-27
2025032703011774,SADBL,33,66,2200.0,407.0,895400.0,2025-03-27
2025032703011773,SADBL,33,32,500.0,407.0,203500.0,2025-03-27
2025032703011772,SADBL,33,20,30.0,406.9,12207.0,2025-03-27
2025032701014013,GMLI,83,33,20.0,2291.0,45820.0,2025-03-27
2025032704011955,RIDI,36,48,672.0,221.5,148848.0,2025-03-27
2025032704011954,RIDI,26,48,200.0,221.5,44300.0,2025-03-27
2025032704011953,RIDI,43,48,327.0,221.6,72463.2,2025-03-27
2025032701014012,SHLB,17,19,10.0,2213.2,22132.0,2025-03-27
2025032703011771,NFS,42,59,635.0,690.1,438213.5,2025-03-27
2025032703011770,NFS,42,59,1000.0,690.1,690100.0,2025-03-27
2025032703011769,NFS,42,59,365.0,690.1,251886.5,2025-03-27
2025032705016066,ENL,57,48,15.0,1123.9,16858.5,2025-03-27
2025032704011952,GHL,57,58,500.0,287.0,143500.0,2025-03-27
2025032704011951,SJCL,57,21,60.0,326.0,19560.0,2025-03-27
2025032704011950,RIDI,43,36,200.0,221.6,44320.0,2025-03-27
2025032701014011,HIDCLP,51,38,10.0,177.8,1778.0,2025-03-27
2025032705016065,NRIC,1,58,80.0,1296.0,103680.0,2025-03-27
2025032701014010,SMHL,59,14,45.0,873.0,39285.0,2025-03-27
2025032701014009,SMHL,45,14,65.0,873.1,56751.5,2025-03-27
2025032701014008,SMHL,58,14,70.0,875.0,61250.0,2025-03-27
2025032701014007,SMHL,58,14,20.0,875.0,17500.0,2025-03-27
2025032704011949,KKHC,49,58,31.0,336.0,10416.0,2025-03-27
2025032701014006,HBL,94,45,50.0,235.0,11750.0,2025-03-27
2025032705016064,GIBF1,21,58,100.0,9.94,994.0,2025-03-27
2025032705016063,HIDCL,42,42,200.0,271.1,54220.0,2025-03-27
2025032703011768,MFIL,28,33,100.0,612.1,61210.0,2025-03-27
2025032703011767,MFIL,17,33,100.0,612.1,61210.0,2025-03-27
2025032705016062,ENL,57,55,20.0,1120.0,22400.0,2025-03-27
2025032705016061,PHCL,65,65,500.0,582.0,291000.0,2025-03-27
2025032701014005,BNHC,44,22,115.0,502.0,57730.0,2025-03-27
2025032705016060,HDL,4,59,71.0,1205.0,85555.0,2025-03-27
2025032705016059,HRL,17,64,142.0,1020.5,144911.0,2025-03-27
2025032705016058,HRL,45,64,261.0,1020.5,266350.5,2025-03-27
2025032705016057,HRL,21,64,300.0,1020.6,306180.0,2025-03-27
2025032705016056,HRL,34,64,188.0,1020.6,191872.8,2025-03-27
2025032705016055,HRL,32,64,109.0,1021.0,111289.0,2025-03-27
2025032704011948,AHPC,72,57,10.0,255.0,2550.0,2025-03-27
2025032704011947,SSHL,35,50,217.0,230.0,49910.0,2025-03-27
2025032704011946,SSHL,45,50,43.0,230.0,9890.0,2025-03-27
2025032701014004,MCHL,17,42,140.0,582.9,81606.0,2025-03-27
2025032701014003,MCHL,17,1,50.0,582.9,29145.0,2025-03-27
2025032701014002,GBIME,48,45,27.0,219.2,5918.4,2025-03-27
2025032705016054,NRN,58,26,30.0,1489.0,44670.0,2025-03-27
2025032703011766,GMFIL,42,32,10.0,500.0,5000.0,2025-03-27
2025032703011765,GMFIL,58,32,600.0,500.0,300000.0,2025-03-27
2025032703011764,GMFIL,14,32,200.0,500.0,100000.0,2025-03-27
2025032703011763,GMFIL,86,32,50.0,500.0,25000.0,2025-03-27
2025032703011762,GMFIL,7,32,200.0,500.0,100000.0,2025-03-27
2025032703011761,GMFIL,33,32,50.0,500.0,25000.0,2025-03-27
2025032703011760,GMFIL,54,32,200.0,500.1,100020.0,2025-03-27
2025032703011759,GMFIL,13,32,190.0,500.2,95038.0,2025-03-27
2025032703011758,GMFIL,55,32,100.0,500.3,50030.0,2025-03-27
2025032703011757,GMFIL,63,32,50.0,500.3,25015.0,2025-03-27
2025032703011756,GMFIL,35,32,60.0,501.0,30060.0,2025-03-27
2025032703011755,GMFIL,51,32,100.0,502.0,50200.0,2025-03-27
2025032703011754,GMFIL,8,32,500.0,502.0,251000.0,2025-03-27
2025032703011753,GMFIL,50,32,300.0,505.0,151500.0,2025-03-27
2025032703011752,GMFIL,36,32,605.0,508.0,307340.0,2025-03-27
2025032703011751,GMFIL,41,32,10.0,508.0,5080.0,2025-03-27
2025032704011945,UPPER,54,42,98.0,201.4,19737.2,2025-03-27
2025032704011944,UPPER,42,42,46.0,201.4,9264.4,2025-03-27
2025032704011943,UPPER,41,42,200.0,201.9,40380.0,2025-03-27
2025032703011750,MDB,52,34,100.0,633.9,63390.0,2025-03-27
2025032704011942,SGIC,34,43,30.0,590.0,17700.0,2025-03-27
2025032704011941,SGIC,34,49,100.0,590.0,59000.0,2025-03-27
2025032704011940,SGIC,34,14,170.0,589.9,100283.0,2025-03-27
2025032705016053,SFMF,19,42,4750.0,10.35,49162.5,2025-03-27
2025032703011749,ICFC,42,6,56.0,606.0,33936.0,2025-03-27
