transaction,symbol,buyer,seller,quantity,rate,amount,date
2024032601027551,TSHL,54,37,150.0,526.1,78915.0,2024-03-26
2024032601027550,TSHL,18,37,50.0,526.2,26310.0,2024-03-26
2024032601027549,GBIME,28,6,20.0,184.8,3696.0,2024-03-26
2024032603008632,GUFL,3,35,50.0,878.0,43900.0,2024-03-26
2024032603008631,GUFL,3,40,10.0,878.0,8780.0,2024-03-26
2024032603008630,GUFL,3,57,360.0,877.8,316008.0,2024-03-26
2024032603008629,GUFL,3,69,50.0,877.8,43890.0,2024-03-26
2024032603008628,GUFL,3,43,20.0,877.7,17554.0,2024-03-26
2024032603008627,GUFL,3,34,10.0,877.7,8777.0,2024-03-26
2024032601027548,CKHL,58,64,10.0,607.0,6070.0,2024-03-26
2024032603008626,BFC,4,56,10.0,350.0,3500.0,2024-03-26
2024032601027547,NIMB,17,35,10.0,160.6,1606.0,2024-03-26
2024032603008625,CORBL,21,69,12.0,435.0,5220.0,2024-03-26
2024032603008624,ICFC,59,53,100.0,515.6,51560.0,2024-03-26
2024032603008623,GUFL,13,34,10.0,877.7,8777.0,2024-03-26
2024032601027546,SHIVM,77,8,30.0,530.0,15900.0,2024-03-26
2024032601027545,ANLB,41,77,10.0,1992.0,19920.0,2024-03-26
2024032601027544,ANLB,53,77,10.0,1992.1,19921.0,2024-03-26
2024032601027543,DLBS,49,59,30.0,1399.6,41988.0,2024-03-26
2024032601027542,DLBS,49,1,10.0,1399.0,13990.0,2024-03-26
2024032601027541,DLBS,49,38,50.0,1399.0,69950.0,2024-03-26
2024032601027540,DLBS,49,58,10.0,1399.0,13990.0,2024-03-26
2024032601027539,DLBS,49,58,10.0,1399.0,13990.0,2024-03-26
2024032601027538,DLBS,49,35,10.0,1395.0,13950.0,2024-03-26
2024032601027537,DLBS,49,13,25.0,1392.0,34800.0,2024-03-26
2024032604009229,RURU,49,34,10.0,687.8,6878.0,2024-03-26
2024032601027536,MMKJL,49,42,10.0,422.0,4220.0,2024-03-26
2024032603008622,GUFL,22,49,10.0,877.2,8772.0,2024-03-26
2024032603008621,MFIL,57,32,31.0,517.0,16027.0,2024-03-26
2024032603008620,MFIL,56,32,100.0,517.0,51700.0,2024-03-26
2024032603008619,MFIL,1,32,100.0,517.0,51700.0,2024-03-26
2024032603008618,MFIL,58,32,30.0,518.0,15540.0,2024-03-26
2024032603008617,MFIL,58,32,260.0,518.0,134680.0,2024-03-26
2024032603008616,MFIL,49,32,79.0,518.0,40922.0,2024-03-26
2024032604009228,AHPC,49,35,10.0,177.2,1772.0,2024-03-26
2024032603008615,WNLB,35,56,10.0,1160.0,11600.0,2024-03-26
2024032601027535,SPHL,8,51,10.0,470.9,4709.0,2024-03-26
2024032601027534,NICA,45,58,10.0,413.0,4130.0,2024-03-26
2024032601027533,NICA,45,54,10.0,413.0,4130.0,2024-03-26
2024032601027532,NICA,45,39,500.0,413.0,206500.0,2024-03-26
2024032601027531,NICA,45,35,20.0,413.0,8260.0,2024-03-26
2024032601027530,NICA,45,22,450.0,412.9,185805.0,2024-03-26
2024032601027529,NICA,45,13,20.0,412.8,8256.0,2024-03-26
2024032601027528,NICA,45,45,190.0,412.8,78432.0,2024-03-26
2024032601027527,RFPL,65,45,20.0,425.0,8500.0,2024-03-26
2024032603008614,USLB,33,57,20.0,1714.0,34280.0,2024-03-26
2024032601027526,SHIVM,84,8,250.0,530.0,132500.0,2024-03-26
2024032601027525,MKHC,5,16,30.0,293.9,8817.0,2024-03-26
2024032603008613,MLBBL,16,29,10.0,905.0,9050.0,2024-03-26
2024032604009227,TRH,41,50,10.0,808.8,8088.0,2024-03-26
2024032601027524,MBL,49,62,500.0,178.0,89000.0,2024-03-26
2024032603008612,ACLBSL,62,7,10.0,739.5,7395.0,2024-03-26
2024032601027523,IHL,88,3,25.0,367.9,9197.5,2024-03-26
2024032601027522,IHL,88,34,275.0,364.0,100100.0,2024-03-26
2024032604009226,PMHPL,14,34,13.0,246.0,3198.0,2024-03-26
2024032601027521,MEL,34,74,10.0,219.0,2190.0,2024-03-26
2024032603008611,LICN,34,52,36.0,1350.0,48600.0,2024-03-26
2024032603008610,RSDC,66,14,11.0,590.0,6490.0,2024-03-26
2024032601027520,DORDI,14,26,10.0,465.0,4650.0,2024-03-26
2024032601027519,IHL,34,6,10.0,364.0,3640.0,2024-03-26
2024032603008609,LLBS,34,14,99.0,870.0,86130.0,2024-03-26
2024032603008608,LLBS,34,8,100.0,869.0,86900.0,2024-03-26
2024032603008607,LLBS,34,14,21.0,869.0,18249.0,2024-03-26
2024032603008606,LLBS,34,57,100.0,868.9,86890.0,2024-03-26
2024032603008605,LLBS,34,58,200.0,855.0,171000.0,2024-03-26
2024032603008604,LLBS,34,58,40.0,855.0,34200.0,2024-03-26
2024032603008603,LLBS,34,42,20.0,854.7,17094.0,2024-03-26
2024032603008602,LLBS,34,28,20.0,854.7,17094.0,2024-03-26
2024032601027518,BHL,71,56,10.0,353.9,3539.0,2024-03-26
2024032605004100,CHDC,71,21,10.0,936.0,9360.0,2024-03-26
2024032605004099,CHDC,71,5,30.0,935.0,28050.0,2024-03-26
2024032605004098,CHDC,71,5,10.0,933.9,9339.0,2024-03-26
2024032601027517,GCIL,71,16,10.0,519.0,5190.0,2024-03-26
2024032603008601,GUFL,71,34,10.0,877.7,8777.0,2024-03-26
2024032604009225,UPCL,72,38,37.0,212.0,7844.0,2024-03-26
2024032604009224,UPCL,72,25,47.0,211.9,9959.3,2024-03-26
2024032604009223,UPCL,72,45,60.0,211.6,12696.0,2024-03-26
2024032601027516,DORDI,72,26,10.0,465.0,4650.0,2024-03-26
2024032601027515,DORDI,72,26,10.0,465.0,4650.0,2024-03-26
2024032601027514,BNHC,28,58,10.0,497.0,4970.0,2024-03-26
2024032601027513,RBCLPO,44,58,10.0,10990.0,109900.0,2024-03-26
2024032605004097,HRL,14,58,10.0,608.0,6080.0,2024-03-26
2024032603008600,JBBL,6,58,30.0,295.0,8850.0,2024-03-26
2024032601027512,NRM,53,39,210.0,386.0,81060.0,2024-03-26
2024032601027511,NRM,50,39,10.0,386.0,3860.0,2024-03-26
2024032603008599,NABBC,38,20,10.0,424.0,4240.0,2024-03-26
2024032601027510,CKHL,70,64,10.0,607.0,6070.0,2024-03-26
2024032603008598,KSBBL,44,49,68.0,360.0,24480.0,2024-03-26
2024032603008597,KSBBL,32,49,10.0,360.0,3600.0,2024-03-26
2024032603008596,KSBBL,4,49,100.0,360.0,36000.0,2024-03-26
2024032603008595,KSBBL,57,49,30.0,360.0,10800.0,2024-03-26
2024032603008594,KSBBL,53,49,292.0,360.0,105120.0,2024-03-26
2024032603008593,GRDBL,34,49,10.0,368.5,3685.0,2024-03-26
2024032601027509,HEIP,49,3,80.0,358.9,28712.0,2024-03-26
2024032603008592,ICFC,59,49,150.0,515.6,77340.0,2024-03-26
2024032604009222,CGH,26,14,50.0,823.0,41150.0,2024-03-26
2024032603008591,BFC,32,43,10.0,350.0,3500.0,2024-03-26
2024032601027508,ULHC,34,45,135.0,331.0,44685.0,2024-03-26
2024032601027507,SRLI,45,29,225.0,445.0,100125.0,2024-03-26
2024032603008590,SAPDBL,57,35,10.0,305.0,3050.0,2024-03-26
2024032603008589,RLFL,59,26,10.0,369.7,3697.0,2024-03-26
2024032601027506,MKCL,59,50,45.0,940.0,42300.0,2024-03-26
2024032603008588,GUFL,25,34,10.0,877.7,8777.0,2024-03-26
2024032601027505,GCIL,88,55,430.0,518.0,222740.0,2024-03-26
2024032601027504,AVYAN,95,36,150.0,660.0,99000.0,2024-03-26
2024032601027503,CYCL,62,60,53.0,1410.0,74730.0,2024-03-26
2024032601027502,CYCL,62,3,10.0,1409.9,14099.0,2024-03-26
2024032601027501,CYCL,62,58,10.0,1409.9,14099.0,2024-03-26
2024032601027500,CYCL,62,1,13.0,1408.0,18304.0,2024-03-26
2024032601027499,CYCL,62,38,15.0,1408.0,21120.0,2024-03-26
2024032601027498,CYCL,62,60,180.0,1407.0,253260.0,2024-03-26
2024032601027497,CYCL,62,34,19.0,1406.9,26731.1,2024-03-26
2024032604009221,AKJCL,38,16,200.0,219.0,43800.0,2024-03-26
2024032601027496,SHLB,88,49,105.0,1010.0,106050.0,2024-03-26
2024032601027495,SHLB,88,35,10.0,1010.0,10100.0,2024-03-26
2024032601027494,SHLB,88,35,10.0,1009.0,10090.0,2024-03-26
2024032601027493,SHLB,88,40,10.0,1008.0,10080.0,2024-03-26
2024032601027492,SHLB,88,32,100.0,1005.0,100500.0,2024-03-26
2024032601027491,SHLB,88,42,40.0,1000.0,40000.0,2024-03-26
2024032601027490,SHLB,88,6,10.0,1000.0,10000.0,2024-03-26
2024032601027489,SHLB,88,7,40.0,999.0,39960.0,2024-03-26
2024032601027488,SHLB,88,55,10.0,997.0,9970.0,2024-03-26
2024032603008587,PMLI,7,43,20.0,523.0,10460.0,2024-03-26
2024032603008586,PMLI,7,48,10.0,523.0,5230.0,2024-03-26
2024032604009220,API,58,42,130.0,179.0,23270.0,2024-03-26
2024032604009219,API,58,42,230.0,179.0,41170.0,2024-03-26
2024032603008585,SJLIC,91,42,100.0,504.4,50440.0,2024-03-26
2024032603008584,GUFL,22,1,10.0,877.2,8772.0,2024-03-26
2024032603008583,GUFL,22,1,10.0,877.2,8772.0,2024-03-26
2024032603008582,GUFL,22,86,300.0,877.0,263100.0,2024-03-26
2024032603008581,GUFL,22,38,420.0,877.0,368340.0,2024-03-26
2024032603008580,GUFL,22,1,186.0,877.0,163122.0,2024-03-26
2024032603008579,GUFL,22,58,145.0,877.0,127165.0,2024-03-26
2024032603008578,GUFL,22,29,500.0,877.0,438500.0,2024-03-26
2024032603008577,GUFL,22,58,85.0,877.0,74545.0,2024-03-26
2024032603008576,GUFL,22,48,10.0,877.0,8770.0,2024-03-26
2024032603008575,GUFL,22,49,165.0,877.0,144705.0,2024-03-26
2024032603008574,GUFL,22,94,100.0,877.0,87700.0,2024-03-26
2024032603008573,GUFL,22,45,200.0,875.0,175000.0,2024-03-26
2024032603008572,GUFL,22,35,150.0,875.0,131250.0,2024-03-26
2024032603008571,GUFL,22,16,13.0,875.0,11375.0,2024-03-26
2024032603008570,GUFL,22,38,800.0,875.0,700000.0,2024-03-26
2024032603008569,GUFL,22,19,10.0,875.0,8750.0,2024-03-26
2024032603008568,GUFL,22,49,10.0,875.0,8750.0,2024-03-26
2024032603008567,GUFL,22,47,29.0,875.0,25375.0,2024-03-26
2024032603008566,GUFL,22,19,12.0,875.0,10500.0,2024-03-26
2024032603008565,GUFL,22,45,42.0,875.0,36750.0,2024-03-26
2024032603008564,GUFL,22,1,20.0,874.7,17494.0,2024-03-26
2024032603008563,GUFL,22,1,10.0,874.7,8747.0,2024-03-26
2024032603008562,GUFL,22,20,155.0,874.7,135578.5,2024-03-26
2024032603008561,GUFL,22,6,50.0,874.0,43700.0,2024-03-26
2024032603008560,GUFL,22,50,1210.0,873.0,1056330.0,2024-03-26
2024032603008559,GUFL,22,49,104.0,872.0,90688.0,2024-03-26
2024032603008558,GUFL,22,25,100.0,872.0,87200.0,2024-03-26
2024032603008557,GUFL,22,43,100.0,870.0,87000.0,2024-03-26
2024032603008556,GUFL,22,71,200.0,870.0,174000.0,2024-03-26
2024032603008555,GUFL,22,48,100.0,870.0,87000.0,2024-03-26
2024032603008554,GUFL,22,22,500.0,870.0,435000.0,2024-03-26
2024032603008553,GUFL,22,46,20.0,870.0,17400.0,2024-03-26
2024032603008552,GUFL,22,17,17.0,870.0,14790.0,2024-03-26
2024032603008551,GUFL,22,28,50.0,870.0,43500.0,2024-03-26
2024032603008550,GUFL,22,4,100.0,870.0,87000.0,2024-03-26
2024032603008549,GUFL,22,46,18.0,869.9,15658.2,2024-03-26
2024032603008548,GUFL,22,34,200.0,869.1,173820.0,2024-03-26
2024032603008547,GUFL,22,57,30.0,868.0,26040.0,2024-03-26
2024032603008546,GUFL,22,22,110.0,868.0,95480.0,2024-03-26
2024032603008545,GUFL,22,48,200.0,867.5,173500.0,2024-03-26
2024032603008544,GUFL,22,63,158.0,867.0,136986.0,2024-03-26
2024032603008543,GUFL,22,4,350.0,867.0,303450.0,2024-03-26
2024032603008542,GUFL,22,25,100.0,867.0,86700.0,2024-03-26
2024032603008541,GUFL,22,43,100.0,865.0,86500.0,2024-03-26
2024032603008540,GUFL,22,29,70.0,863.7,60459.0,2024-03-26
2024032603008539,GUFL,22,49,20.0,862.0,17240.0,2024-03-26
2024032603008538,GUFL,22,45,20.0,860.0,17200.0,2024-03-26
2024032603008537,GUFL,22,7,807.0,860.0,694020.0,2024-03-26
2024032601027487,DORDI,71,26,10.0,465.0,4650.0,2024-03-26
2024032601027486,DORDI,60,26,50.0,465.0,23250.0,2024-03-26
2024032601027485,DORDI,60,17,50.0,465.0,23250.0,2024-03-26
2024032603008536,VLBS,60,21,10.0,670.0,6700.0,2024-03-26
2024032604009218,JOSHI,72,54,50.0,354.0,17700.0,2024-03-26
2024032601027484,CYCL,62,34,30.0,1406.0,42180.0,2024-03-26
2024032603008535,GUFL,34,7,50.0,860.0,43000.0,2024-03-26
2024032601027483,NRM,39,39,190.0,386.0,73340.0,2024-03-26
2024032601027482,NRM,39,7,10.0,386.0,3860.0,2024-03-26
2024032601027481,NRM,39,21,10.0,386.0,3860.0,2024-03-26
2024032601027480,NRM,39,56,490.0,385.9,189091.0,2024-03-26
2024032601027479,NRM,39,4,10.0,385.0,3850.0,2024-03-26
2024032601027478,NRM,39,38,400.0,385.0,154000.0,2024-03-26
2024032601027477,NRM,39,42,70.0,385.0,26950.0,2024-03-26
2024032601027476,NRM,39,34,400.0,385.0,154000.0,2024-03-26
2024032601027475,NRM,39,34,500.0,385.0,192500.0,2024-03-26
2024032601027474,NRM,39,13,230.0,385.0,88550.0,2024-03-26
2024032601027473,NRM,39,29,500.0,384.9,192450.0,2024-03-26
2024032601027472,NRM,39,45,10.0,384.0,3840.0,2024-03-26
2024032601027471,NRM,39,37,180.0,384.0,69120.0,2024-03-26
2024032601027470,AVYAN,95,21,500.0,660.0,330000.0,2024-03-26
2024032601027469,SMHL,81,11,55.0,454.0,24970.0,2024-03-26
2024032601027468,SMHL,81,55,10.0,451.0,4510.0,2024-03-26
2024032601027467,SMHL,81,36,25.0,451.0,11275.0,2024-03-26
2024032601027466,SMHL,81,10,110.0,451.0,49610.0,2024-03-26
2024032603008534,MDB,43,32,10.0,424.0,4240.0,2024-03-26
2024032601027465,KBL,48,50,200.0,140.3,28060.0,2024-03-26
2024032603008533,EDBL,56,19,270.0,358.0,96660.0,2024-03-26
2024032604009217,NHPC,4,16,30.0,154.0,4620.0,2024-03-26
2024032601027464,NMB,35,43,500.0,181.0,90500.0,2024-03-26
2024032603008532,NADEP,17,3,20.0,659.7,13194.0,2024-03-26
2024032603008531,NADEP,17,81,11.0,658.9,7247.9,2024-03-26
2024032601027463,HIDCLP,17,19,10.0,103.0,1030.0,2024-03-26
2024032601027462,PCBL,44,1,11.0,193.0,2123.0,2024-03-26
2024032601027461,PCBL,44,57,180.0,193.0,34740.0,2024-03-26
2024032601027460,PCBL,44,51,394.0,192.8,75963.2,2024-03-26
2024032601027459,PCBL,44,22,536.0,192.7,103287.2,2024-03-26
2024032601027458,PCBL,44,14,512.0,192.6,98611.2,2024-03-26
2024032601027457,PCBL,44,48,191.0,192.5,36767.5,2024-03-26
2024032601027456,PCBL,44,34,1253.0,192.4,241077.2,2024-03-26
2024032601027455,PCBL,44,32,900.0,192.2,172980.0,2024-03-26
2024032601027454,PCBL,44,6,47.0,192.0,9024.0,2024-03-26
2024032601027453,PCBL,44,40,557.0,192.0,106944.0,2024-03-26
2024032603008530,ILBS,44,74,57.0,887.0,50559.0,2024-03-26
2024032603008529,ILBS,44,51,50.0,886.9,44345.0,2024-03-26
2024032603008528,ILBS,44,13,39.0,886.8,34585.2,2024-03-26
2024032603008527,ILBS,44,33,20.0,885.0,17700.0,2024-03-26
2024032603008526,ILBS,44,17,500.0,885.0,442500.0,2024-03-26
2024032603008525,ILBS,44,22,15.0,885.0,13275.0,2024-03-26
2024032603008524,ILBS,44,6,19.0,885.0,16815.0,2024-03-26
2024032603008523,ILBS,44,40,10.0,885.0,8850.0,2024-03-26
2024032603008522,ILBS,44,38,200.0,884.9,176980.0,2024-03-26
2024032603008521,ILBS,44,32,90.0,884.0,79560.0,2024-03-26
2024032603008520,ALICL,44,29,188.0,567.0,106596.0,2024-03-26
2024032603008519,ALICL,44,54,112.0,563.0,63056.0,2024-03-26
2024032604009216,AKPL,47,16,348.0,178.5,62118.0,2024-03-26
2024032601027452,MHCL,47,45,10.0,447.0,4470.0,2024-03-26
2024032604009215,AHPC,49,58,180.0,177.2,31896.0,2024-03-26
2024032604009214,AHPC,49,58,20.0,177.2,3544.0,2024-03-26
2024032601027451,USHEC,58,48,10.0,361.0,3610.0,2024-03-26
2024032601027450,SRLI,42,29,210.0,445.0,93450.0,2024-03-26
2024032604009213,UNHPL,91,5,10.0,245.0,2450.0,2024-03-26
2024032601027449,NBL,49,26,363.0,220.6,80077.8,2024-03-26
2024032601027448,SHIVM,32,8,10.0,530.0,5300.0,2024-03-26
2024032601027447,MEL,72,32,159.0,217.3,34550.7,2024-03-26
2024032601027446,MEL,50,32,200.0,217.4,43480.0,2024-03-26
2024032601027445,MEL,22,32,100.0,217.4,21740.0,2024-03-26
2024032601027444,MEL,7,32,31.0,217.4,6739.4,2024-03-26
2024032601027443,MEL,63,32,270.0,217.4,58698.0,2024-03-26
2024032601027442,MEL,62,32,240.0,217.5,52200.0,2024-03-26
2024032601027441,DORDI,45,17,50.0,465.0,23250.0,2024-03-26
2024032601027440,DORDI,45,54,165.0,465.0,76725.0,2024-03-26
2024032604009212,NGPL,45,41,80.0,313.0,25040.0,2024-03-26
2024032604009211,NGPL,45,45,90.0,313.0,28170.0,2024-03-26
2024032604009210,NGPL,45,50,30.0,312.5,9375.0,2024-03-26
2024032601027439,DLBS,49,45,39.0,1390.0,54210.0,2024-03-26
2024032601027438,DLBS,45,45,21.0,1391.0,29211.0,2024-03-26
2024032604009209,NGPL,45,50,10.0,312.5,3125.0,2024-03-26
2024032604009208,API,74,17,435.0,180.0,78300.0,2024-03-26
2024032604009207,API,74,49,104.0,180.0,18720.0,2024-03-26
2024032604009206,API,74,47,301.0,180.0,54180.0,2024-03-26
2024032604009205,API,74,1,500.0,180.0,90000.0,2024-03-26
2024032604009204,API,74,42,660.0,180.0,118800.0,2024-03-26
2024032603008518,ILBS,62,32,60.0,884.0,53040.0,2024-03-26
2024032603008517,ILBS,62,53,30.0,883.9,26517.0,2024-03-26
2024032603008516,ILBS,62,75,10.0,880.2,8802.0,2024-03-26
2024032603008515,NABBC,38,45,10.0,423.3,4233.0,2024-03-26
2024032603008514,MERO,38,57,90.0,621.6,55944.0,2024-03-26
2024032603008513,MERO,38,55,10.0,621.0,6210.0,2024-03-26
2024032603008512,MERO,38,38,50.0,620.0,31000.0,2024-03-26
2024032603008511,MERO,38,47,12.0,619.0,7428.0,2024-03-26
2024032603008510,MERO,38,25,101.0,619.0,62519.0,2024-03-26
2024032603008509,MERO,38,19,35.0,618.0,21630.0,2024-03-26
2024032601027437,USHEC,37,42,350.0,360.0,126000.0,2024-03-26
2024032603008508,GBBL,44,42,287.0,375.0,107625.0,2024-03-26
2024032601027436,PPL,71,44,20.0,460.0,9200.0,2024-03-26
2024032601027435,PPL,71,36,80.0,454.0,36320.0,2024-03-26
2024032601027434,RHGCL,60,14,40.0,304.9,12196.0,2024-03-26
2024032603008507,ALICL,46,36,10.0,562.7,5627.0,2024-03-26
2024032603008506,GMFBS,34,38,10.0,1048.0,10480.0,2024-03-26
2024032604009203,HURJA,1,7,20.0,294.9,5898.0,2024-03-26
2024032601027433,MKHC,56,21,50.0,294.0,14700.0,2024-03-26
2024032604009202,JOSHI,43,57,700.0,353.0,247100.0,2024-03-26
2024032604009201,JOSHI,43,58,485.0,353.0,171205.0,2024-03-26
2024032601027432,GCIL,17,16,30.0,519.0,15570.0,2024-03-26
2024032601027431,SHIVM,69,8,95.0,530.0,50350.0,2024-03-26
2024032601027430,SHIVM,69,21,105.0,529.0,55545.0,2024-03-26
2024032603008505,PFL,13,5,90.0,404.0,36360.0,2024-03-26
2024032601027429,SBL,50,3,21.0,223.0,4683.0,2024-03-26
2024032601027428,SBL,50,34,100.0,222.0,22200.0,2024-03-26
2024032601027427,SBL,50,46,117.0,222.0,25974.0,2024-03-26
2024032601027426,SBL,50,14,362.0,221.9,80327.8,2024-03-26
2024032601027425,JBLB,58,32,96.0,1338.0,128448.0,2024-03-26
2024032601027424,JBLB,49,32,14.0,1338.1,18733.4,2024-03-26
2024032601027423,JBLB,29,32,10.0,1338.1,13381.0,2024-03-26
2024032601027422,MKHC,35,21,10.0,294.0,2940.0,2024-03-26
2024032604009200,HURJA,41,7,10.0,294.9,2949.0,2024-03-26
2024032601027421,CKHL,58,62,200.0,600.9,120180.0,2024-03-26
2024032601027420,MEHL,1,74,37.0,289.3,10704.1,2024-03-26
2024032601027419,MEHL,45,74,20.0,289.3,5786.0,2024-03-26
2024032601027418,MEHL,28,74,10.0,293.5,2935.0,2024-03-26
2024032601027417,MEHL,28,74,10.0,293.6,2936.0,2024-03-26
2024032601027416,MEHL,28,74,10.0,293.7,2937.0,2024-03-26
2024032601027415,MEHL,28,74,10.0,293.7,2937.0,2024-03-26
2024032601027414,MEHL,34,74,200.0,294.0,58800.0,2024-03-26
2024032605004096,HRL,14,38,10.0,608.0,6080.0,2024-03-26
2024032601027413,SNLI,42,33,71.0,607.0,43097.0,2024-03-26
2024032601027412,SNLI,42,36,38.0,607.0,23066.0,2024-03-26
2024032601027411,SHIVM,42,21,85.0,529.0,44965.0,2024-03-26
2024032603008504,CBBL,65,82,100.0,846.0,84600.0,2024-03-26
2024032603008503,CBBL,46,82,16.0,846.0,13536.0,2024-03-26
2024032603008502,CBBL,32,82,14.0,846.0,11844.0,2024-03-26
2024032605004095,STC,60,44,20.0,4575.0,91500.0,2024-03-26
2024032604009199,MHNL,28,34,50.0,242.0,12100.0,2024-03-26
2024032603008501,MPFL,57,34,28.0,367.0,10276.0,2024-03-26
2024032603008500,MPFL,22,34,100.0,367.1,36710.0,2024-03-26
2024032603008499,MPFL,32,34,1000.0,367.2,367200.0,2024-03-26
2024032603008498,MPFL,62,34,500.0,367.3,183650.0,2024-03-26
2024032603008497,MPFL,66,34,227.0,367.4,83399.8,2024-03-26
2024032603008496,MPFL,49,34,145.0,367.5,53287.5,2024-03-26
2024032604009198,SHPC,1,47,99.0,341.4,33798.6,2024-03-26
2024032604009197,SHPC,1,45,71.0,341.0,24211.0,2024-03-26
2024032604009196,UPCL,42,44,740.0,210.1,155474.0,2024-03-26
2024032604009195,UPCL,74,44,386.0,210.1,81098.6,2024-03-26
2024032604009194,UPCL,6,44,245.0,210.4,51548.0,2024-03-26
2024032604009193,UPCL,62,44,500.0,210.5,105250.0,2024-03-26
2024032604009192,UPCL,54,44,200.0,210.6,42120.0,2024-03-26
2024032604009191,UPCL,14,44,100.0,210.7,21070.0,2024-03-26
2024032601027410,KBL,53,45,1000.0,140.2,140200.0,2024-03-26
2024032603008495,RLFL,33,59,46.0,368.0,16928.0,2024-03-26
2024032603008494,RLFL,33,81,100.0,367.9,36790.0,2024-03-26
2024032601027409,SPHL,13,51,10.0,470.9,4709.0,2024-03-26
2024032601027408,RFPL,50,45,10.0,425.0,4250.0,2024-03-26
2024032601027407,RFPL,50,49,10.0,425.0,4250.0,2024-03-26
2024032601027406,RFPL,50,42,10.0,425.0,4250.0,2024-03-26
2024032601027405,MEL,58,74,20.0,219.0,4380.0,2024-03-26
2024032601027404,MEL,58,28,10.0,219.0,2190.0,2024-03-26
2024032601027403,MEL,58,18,40.0,219.0,8760.0,2024-03-26
2024032601027402,MEL,58,62,500.0,218.0,109000.0,2024-03-26
2024032601027401,MEL,58,4,200.0,218.0,43600.0,2024-03-26
2024032601027400,MEL,58,17,230.0,218.0,50140.0,2024-03-26
2024032601027399,NIMB,49,35,20.0,160.6,3212.0,2024-03-26
2024032601027398,EHPL,49,74,10.0,442.0,4420.0,2024-03-26
2024032601027397,PHCL,49,48,225.0,329.0,74025.0,2024-03-26
2024032601027396,ULBSL,74,49,10.0,1201.0,12010.0,2024-03-26
2024032604009190,UPCL,17,45,100.0,211.6,21160.0,2024-03-26
2024032604009189,UPCL,28,45,340.0,211.7,71978.0,2024-03-26
2024032603008493,USLB,33,16,1102.0,1714.0,1888828.0,2024-03-26
2024032601027395,SRLI,38,11,10.0,446.0,4460.0,2024-03-26
2024032603008492,SAPDBL,74,38,50.0,303.2,15160.0,2024-03-26
2024032603008491,NFS,35,60,100.0,390.2,39020.0,2024-03-26
2024032603008490,GUFL,41,52,190.0,858.0,163020.0,2024-03-26
2024032603008489,GUFL,19,52,10.0,858.0,8580.0,2024-03-26
2024032603008488,SMB,34,42,60.0,1248.0,74880.0,2024-03-26
2024032603008487,SMB,34,56,10.0,1248.0,12480.0,2024-03-26
2024032604009188,UNHPL,68,66,200.0,243.0,48600.0,2024-03-26
2024032601027394,CLI,48,42,10.0,451.0,4510.0,2024-03-26
2024032601027393,CLI,88,4,15.0,450.4,6756.0,2024-03-26
2024032601027392,TPC,48,32,50.0,514.0,25700.0,2024-03-26
2024032603008486,NUBL,56,13,10.0,649.5,6495.0,2024-03-26
2024032601027391,KDL,47,51,85.0,795.0,67575.0,2024-03-26
2024032601027390,KDL,47,42,10.0,794.9,7949.0,2024-03-26
2024032601027389,KDL,47,32,97.0,791.0,76727.0,2024-03-26
2024032603008485,KRBL,86,21,10.0,414.0,4140.0,2024-03-26
2024032601027388,MAKAR,57,58,10.0,379.0,3790.0,2024-03-26
2024032603008484,PMLI,58,21,10.0,523.0,5230.0,2024-03-26
2024032601027387,BNT,58,35,10.0,13600.0,136000.0,2024-03-26
2024032601027386,BNT,35,35,20.0,13600.0,272000.0,2024-03-26
2024032601027385,BNT,60,35,20.0,13622.0,272440.0,2024-03-26
2024032601027384,BNT,7,35,30.0,13650.0,409500.0,2024-03-26
2024032601027383,BNT,42,35,10.0,13651.0,136510.0,2024-03-26
2024032601027382,BNT,26,35,10.0,13651.0,136510.0,2024-03-26
2024032601027381,RHGCL,32,38,10.0,304.9,3049.0,2024-03-26
2024032601027380,PPL,65,44,82.0,460.0,37720.0,2024-03-26
2024032601027379,PPL,65,42,10.0,460.0,4600.0,2024-03-26
2024032601027378,PPL,65,6,10.0,460.0,4600.0,2024-03-26
2024032601027377,PPL,65,41,10.0,460.0,4600.0,2024-03-26
2024032601027376,PPL,65,46,10.0,460.0,4600.0,2024-03-26
2024032601027375,PPL,65,34,10.0,460.0,4600.0,2024-03-26
2024032601027374,PPL,65,52,80.0,460.0,36800.0,2024-03-26
2024032601027373,PPL,65,61,100.0,459.0,45900.0,2024-03-26
2024032601027372,PPL,65,34,10.0,459.0,4590.0,2024-03-26
2024032601027371,PPL,65,4,10.0,459.0,4590.0,2024-03-26
2024032601027370,PPL,65,19,10.0,459.0,4590.0,2024-03-26
2024032601027369,PPL,65,29,10.0,459.0,4590.0,2024-03-26
2024032601027368,PPL,65,58,10.0,459.0,4590.0,2024-03-26
2024032601027367,PPL,65,41,10.0,459.0,4590.0,2024-03-26
2024032601027366,PPL,65,37,10.0,459.0,4590.0,2024-03-26
2024032601027365,PPL,65,34,10.0,459.0,4590.0,2024-03-26
2024032601027364,PPL,65,35,10.0,458.9,4589.0,2024-03-26
2024032601027363,PPL,65,66,98.0,458.8,44962.4,2024-03-26
2024032603008483,GILB,42,62,10.0,931.0,9310.0,2024-03-26
2024032601027362,PPL,62,66,52.0,458.8,23857.6,2024-03-26
2024032601027361,PPL,62,21,30.0,458.7,13761.0,2024-03-26
2024032601027360,PPL,62,49,10.0,458.0,4580.0,2024-03-26
2024032601027359,PPL,62,40,10.0,457.0,4570.0,2024-03-26
2024032601027358,PPL,62,42,10.0,456.0,4560.0,2024-03-26
2024032601027357,PPL,62,58,10.0,456.0,4560.0,2024-03-26
2024032601027356,PPL,62,34,10.0,455.0,4550.0,2024-03-26
2024032601027355,PPL,62,34,10.0,455.0,4550.0,2024-03-26
2024032601027354,PPL,62,59,400.0,455.0,182000.0,2024-03-26
2024032601027353,PPL,62,18,500.0,455.0,227500.0,2024-03-26
2024032601027352,PPL,62,45,10.0,455.0,4550.0,2024-03-26
2024032601027351,PPL,62,53,1050.0,455.0,477750.0,2024-03-26
2024032601027350,PPL,62,21,190.0,454.8,86412.0,2024-03-26
2024032601027349,PPL,62,57,100.0,454.7,45470.0,2024-03-26
2024032601027348,PPL,62,26,410.0,454.7,186427.0,2024-03-26
2024032601027347,PPL,62,57,90.0,454.6,40914.0,2024-03-26
2024032601027346,PPL,62,57,40.0,454.6,18184.0,2024-03-26
2024032601027345,PPL,62,38,10.0,454.0,4540.0,2024-03-26
2024032601027344,PPL,62,13,200.0,454.0,90800.0,2024-03-26
2024032601027343,PPL,62,70,108.0,454.0,49032.0,2024-03-26
2024032601027342,PPL,62,58,10.0,453.2,4532.0,2024-03-26
2024032601027341,PPL,62,26,240.0,453.2,108768.0,2024-03-26
2024032603008482,SJLIC,62,45,105.0,504.5,52972.5,2024-03-26
2024032601027340,SONA,38,67,10.0,487.0,4870.0,2024-03-26
2024032603008481,ALBSL,7,52,10.0,732.8,7328.0,2024-03-26
2024032603008480,GUFL,47,7,50.0,860.0,43000.0,2024-03-26
2024032603008479,GUFL,38,7,90.0,860.0,77400.0,2024-03-26
2024032603008478,GUFL,42,7,30.0,860.0,25800.0,2024-03-26
2024032603008477,GUFL,74,7,80.0,860.0,68800.0,2024-03-26
2024032603008476,GUFL,16,7,300.0,860.0,258000.0,2024-03-26
2024032603008475,GUFL,17,7,300.0,860.0,258000.0,2024-03-26
2024032603008474,GUFL,56,7,40.0,860.0,34400.0,2024-03-26
2024032603008473,GUFL,35,7,1078.0,860.0,927080.0,2024-03-26
2024032604009187,GHL,22,48,82.0,156.0,12792.0,2024-03-26
2024032604009186,GHL,22,59,18.0,156.0,2808.0,2024-03-26
2024032604009185,RIDI,58,42,100.0,185.8,18580.0,2024-03-26
2024032601027339,DORDI,60,14,300.0,464.0,139200.0,2024-03-26
2024032601027338,KBL,37,45,1000.0,140.2,140200.0,2024-03-26
2024032603008472,GUFL,35,63,922.0,860.0,792920.0,2024-03-26
2024032603008471,GUFL,71,63,78.0,860.1,67087.8,2024-03-26
2024032601027337,NYADI,39,5,10.0,298.5,2985.0,2024-03-26
2024032601027336,CITY,4,44,100.0,608.8,60880.0,2024-03-26
2024032601027335,CITY,4,37,160.0,605.0,96800.0,2024-03-26
2024032604009184,NGPL,88,40,500.0,312.0,156000.0,2024-03-26
2024032603008470,GUFL,71,43,59.0,860.1,50745.9,2024-03-26
2024032603008469,LBBL,4,33,20.0,381.0,7620.0,2024-03-26
2024032605004094,ENL,57,13,74.0,772.0,57128.0,2024-03-26
2024032601027334,HDL,58,83,50.0,1528.0,76400.0,2024-03-26
2024032601027333,NRM,36,58,10.0,383.0,3830.0,2024-03-26
2024032601027332,BHL,49,58,38.0,351.1,13341.8,2024-03-26
2024032601027331,BHL,16,58,12.0,352.0,4224.0,2024-03-26
2024032601027330,BHL,57,58,50.0,352.0,17600.0,2024-03-26
2024032601027329,MKLB,32,53,10.0,837.0,8370.0,2024-03-26
2024032601027328,MKLB,32,57,10.0,835.0,8350.0,2024-03-26
2024032601027327,SNLI,13,35,10.0,606.3,6063.0,2024-03-26
2024032603008468,WNLB,35,66,10.0,1166.0,11660.0,2024-03-26
2024032603008467,WNLB,35,32,30.0,1147.2,34416.0,2024-03-26
2024032603008466,WNLB,35,35,20.0,1110.0,22200.0,2024-03-26
2024032603008465,WNLB,35,44,60.0,1091.0,65460.0,2024-03-26
2024032603008464,WNLB,35,21,11.0,1091.0,12001.0,2024-03-26
2024032603008463,WNLB,35,35,50.0,1090.0,54500.0,2024-03-26
2024032603008462,WNLB,35,71,170.0,1090.0,185300.0,2024-03-26
2024032603008461,WNLB,35,48,100.0,1089.0,108900.0,2024-03-26
2024032605004093,HRL,14,45,20.0,608.0,12160.0,2024-03-26
2024032603008460,GMFBS,55,38,10.0,1048.0,10480.0,2024-03-26
2024032603008459,USLB,55,49,189.0,1718.0,324702.0,2024-03-26
2024032603008458,USLB,55,43,180.0,1717.9,309222.0,2024-03-26
2024032603008457,USLB,55,17,50.0,1717.5,85875.0,2024-03-26
2024032603008456,USLB,55,3,20.0,1717.4,34348.0,2024-03-26
2024032603008455,USLB,55,52,61.0,1717.0,104737.0,2024-03-26
2024032601027326,RHGCL,88,38,10.0,304.9,3049.0,2024-03-26
2024032601027325,RHGCL,88,58,10.0,303.0,3030.0,2024-03-26
2024032601027324,RHGCL,88,47,10.0,302.0,3020.0,2024-03-26
2024032601027323,SHIVM,8,38,190.0,528.0,100320.0,2024-03-26
2024032601027322,SHIVM,36,38,100.0,528.0,52800.0,2024-03-26
2024032601027321,SHIVM,45,38,15.0,528.0,7920.0,2024-03-26
2024032603008454,USLB,33,52,200.0,1714.0,342800.0,2024-03-26
2024032604009183,UMRH,1,20,50.0,356.9,17845.0,2024-03-26
2024032603008453,CORBL,21,69,11.0,435.0,4785.0,2024-03-26
2024032601027320,DLBS,38,13,20.0,1392.0,27840.0,2024-03-26
2024032601027319,BNHC,26,58,20.0,498.0,9960.0,2024-03-26
2024032605004092,HRL,14,58,20.0,608.0,12160.0,2024-03-26
2024032604009182,JOSHI,26,58,200.0,353.0,70600.0,2024-03-26
2024032601027318,BEDC,65,80,110.0,350.5,38555.0,2024-03-26
2024032601027317,BEDC,4,80,100.0,350.5,35050.0,2024-03-26
2024032604009181,JOSHI,16,58,15.0,353.0,5295.0,2024-03-26
2024032604009180,NIL,18,14,10.0,817.0,8170.0,2024-03-26
2024032603008452,SMB,4,39,15.0,1247.0,18705.0,2024-03-26
2024032604009179,HDHPC,77,7,59.0,138.5,8171.5,2024-03-26
2024032605004091,HRL,58,29,200.0,609.0,121800.0,2024-03-26
2024032603008451,GUFL,71,32,200.0,860.1,172020.0,2024-03-26
2024032601027316,MLBS,51,59,20.0,887.0,17740.0,2024-03-26
2024032603008450,SLBBL,34,59,10.0,653.0,6530.0,2024-03-26
2024032603008449,PROFL,22,38,200.0,319.1,63820.0,2024-03-26
2024032601027315,SMJC,42,21,200.0,370.0,74000.0,2024-03-26
2024032601027314,SMJC,42,38,285.0,370.0,105450.0,2024-03-26
2024032601027313,SAMAJ,42,34,41.0,1925.0,78925.0,2024-03-26
2024032603008448,SLBBL,25,43,10.0,664.0,6640.0,2024-03-26
2024032601027312,SONA,52,67,20.0,487.0,9740.0,2024-03-26
2024032603008447,KSBBL,44,41,20.0,362.0,7240.0,2024-03-26
2024032603008446,KSBBL,44,41,10.0,362.0,3620.0,2024-03-26
2024032603008445,ICFC,59,53,100.0,515.6,51560.0,2024-03-26
2024032601027311,NBL,49,57,32.0,220.6,7059.2,2024-03-26
2024032601027310,NBL,16,57,368.0,220.6,81180.8,2024-03-26
2024032603008444,ALICL,46,36,10.0,562.9,5629.0,2024-03-26
2024032601027309,NABIL,16,58,18.0,441.8,7952.4,2024-03-26
2024032604009178,KPCL,85,17,10.0,431.0,4310.0,2024-03-26
2024032601027308,ILI,65,55,10.0,531.3,5313.0,2024-03-26
2024032601027307,NRM,38,37,10.0,384.0,3840.0,2024-03-26
2024032604009177,MEN,44,42,108.0,535.2,57801.6,2024-03-26
2024032601027306,IHL,18,28,10.0,363.0,3630.0,2024-03-26
2024032601027305,MEHL,28,38,50.0,297.9,14895.0,2024-03-26
2024032601027304,PPL,89,33,10.0,453.0,4530.0,2024-03-26
2024032601027303,NABIL,49,17,25.0,441.9,11047.5,2024-03-26
2024032601027302,SMHL,38,49,10.0,450.0,4500.0,2024-03-26
2024032601027301,TVCL,26,21,30.0,505.0,15150.0,2024-03-26
2024032601027300,TVCL,26,4,50.0,505.0,25250.0,2024-03-26
2024032601027299,TVCL,26,83,20.0,505.0,10100.0,2024-03-26
2024032604009176,SJCL,58,4,10.0,289.4,2894.0,2024-03-26
2024032604009175,SJCL,58,7,20.0,283.0,5660.0,2024-03-26
2024032604009174,SJCL,58,37,20.0,283.0,5660.0,2024-03-26
2024032604009173,SJCL,58,55,10.0,280.0,2800.0,2024-03-26
2024032604009172,SJCL,58,94,40.0,280.0,11200.0,2024-03-26
2024032604009171,SJCL,58,35,10.0,280.0,2800.0,2024-03-26
2024032604009170,SJCL,58,35,10.0,280.0,2800.0,2024-03-26
2024032604009169,SJCL,58,26,20.0,278.0,5560.0,2024-03-26
2024032604009168,SJCL,58,33,80.0,277.5,22200.0,2024-03-26
2024032601027298,MMKJL,50,11,30.0,420.0,12600.0,2024-03-26
2024032601027297,MMKJL,43,11,70.0,420.0,29400.0,2024-03-26
2024032601027296,SHIVM,45,84,85.0,528.0,44880.0,2024-03-26
2024032601027295,SHIVM,35,84,100.0,528.0,52800.0,2024-03-26
2024032601027294,SHIVM,59,84,15.0,528.0,7920.0,2024-03-26
2024032601027293,SHIVM,11,84,800.0,528.0,422400.0,2024-03-26
2024032601027292,CLI,88,38,10.0,450.4,4504.0,2024-03-26
2024032601027291,SBL,22,14,10.0,221.9,2219.0,2024-03-26
2024032604009167,NGPL,88,71,900.0,312.0,280800.0,2024-03-26
2024032604009166,NGPL,16,71,100.0,312.9,31290.0,2024-03-26
2024032604009165,RADHI,42,29,44.0,242.9,10687.6,2024-03-26
2024032604009164,RADHI,42,16,26.0,242.0,6292.0,2024-03-26
2024032601027290,MEL,63,17,20.0,218.0,4360.0,2024-03-26
2024032604009163,AKJCL,42,16,23.0,219.0,5037.0,2024-03-26
2024032601027289,SONA,41,36,17.0,485.1,8246.7,2024-03-26
2024032603008443,JSLBB,42,29,10.0,1030.0,10300.0,2024-03-26
2024032604009162,RADHI,58,16,10.0,242.0,2420.0,2024-03-26
2024032601027288,MKLB,32,14,50.0,825.0,41250.0,2024-03-26
2024032605004090,NRN,5,35,100.0,530.1,53010.0,2024-03-26
2024032605004089,NRN,39,35,100.0,530.2,53020.0,2024-03-26
2024032605004088,NRN,7,35,25.0,531.5,13287.5,2024-03-26
2024032605004087,NRN,58,35,200.0,532.1,106420.0,2024-03-26
2024032605004086,NRN,6,35,500.0,532.5,266250.0,2024-03-26
2024032605004085,NRN,42,35,25.0,533.0,13325.0,2024-03-26
2024032605004084,NRN,5,35,100.0,533.0,53300.0,2024-03-26
2024032605004083,NRN,54,35,50.0,533.1,26655.0,2024-03-26
2024032604009161,GHL,35,59,10.0,156.0,1560.0,2024-03-26
2024032603008442,GILB,42,11,193.0,931.0,179683.0,2024-03-26
2024032604009160,JOSHI,45,58,10.0,353.0,3530.0,2024-03-26
2024032603008441,SHINE,41,34,990.0,373.0,369270.0,2024-03-26
2024032603008440,SHINE,41,38,10.0,373.0,3730.0,2024-03-26
2024032604009159,TRH,38,62,31.0,808.2,25054.2,2024-03-26
2024032603008439,USLB,55,52,132.0,1717.0,226644.0,2024-03-26
2024032603008438,USLB,55,11,68.0,1717.0,116756.0,2024-03-26
2024032604009158,AKPL,56,38,227.0,178.0,40406.0,2024-03-26
2024032604009157,AKPL,22,38,100.0,178.0,17800.0,2024-03-26
2024032604009156,AKPL,38,38,500.0,178.0,89000.0,2024-03-26
2024032604009155,AKPL,14,38,173.0,178.0,30794.0,2024-03-26
2024032601027287,NESDO,37,56,18.0,1739.0,31302.0,2024-03-26
2024032601027286,HIDCLP,11,36,125.0,102.7,12837.5,2024-03-26
2024032603008437,GUFL,71,36,20.0,860.1,17202.0,2024-03-26
2024032601027285,NICA,28,45,10.0,412.8,4128.0,2024-03-26
2024032603008436,DDBL,34,25,22.0,799.0,17578.0,2024-03-26
2024032603008435,DDBL,34,48,40.0,798.9,31956.0,2024-03-26
2024032603008434,DDBL,34,57,18.0,798.9,14380.2,2024-03-26
2024032601027284,SHIVM,69,21,50.0,529.0,26450.0,2024-03-26
2024032601027283,SHIVM,6,21,10.0,529.0,5290.0,2024-03-26
2024032605004082,HRL,49,29,20.0,609.0,12180.0,2024-03-26
2024032601027282,SMJC,49,38,115.0,370.0,42550.0,2024-03-26
2024032601027281,SMJC,49,11,85.0,370.0,31450.0,2024-03-26
2024032601027280,CLI,88,49,10.0,450.4,4504.0,2024-03-26
2024032603008433,SADBL,44,58,1052.0,301.0,316652.0,2024-03-26
2024032603008432,SADBL,32,58,57.0,301.1,17162.7,2024-03-26
2024032603008431,SADBL,49,58,391.0,301.2,117769.2,2024-03-26
2024032601027279,UHEWA,57,11,90.0,360.0,32400.0,2024-03-26
2024032601027278,MKHL,63,17,10.0,378.0,3780.0,2024-03-26
2024032603008430,GFCL,52,71,300.0,468.0,140400.0,2024-03-26
2024032601027277,MEL,62,52,60.0,217.5,13050.0,2024-03-26
2024032604009154,SICL,41,34,200.0,700.0,140000.0,2024-03-26
2024032604009153,SICL,46,34,20.0,700.0,14000.0,2024-03-26
2024032604009152,SICL,17,34,10.0,700.0,7000.0,2024-03-26
2024032604009151,SICL,44,34,40.0,700.1,28004.0,2024-03-26
2024032604009150,SICL,8,34,25.0,700.1,17502.5,2024-03-26
2024032605004081,NRN,34,52,158.0,535.0,84530.0,2024-03-26
2024032605004080,NRN,34,28,100.0,535.0,53500.0,2024-03-26
2024032605004079,NRN,34,58,10.0,534.8,5348.0,2024-03-26
2024032605004078,NRN,34,88,232.0,534.3,123957.6,2024-03-26
2024032603008429,SDLBSL,43,58,45.0,699.9,31495.5,2024-03-26
2024032601027276,MKCL,58,50,80.0,940.0,75200.0,2024-03-26
2024032601027275,MKCL,58,14,20.0,939.5,18790.0,2024-03-26
2024032604009149,OHL,55,49,50.0,770.1,38505.0,2024-03-26
2024032601027274,CYCL,62,57,10.0,1406.0,14060.0,2024-03-26
2024032601027273,CYCL,62,65,10.0,1406.0,14060.0,2024-03-26
2024032601027272,CYCL,62,17,50.0,1406.0,70300.0,2024-03-26
2024032601027271,CYCL,62,47,40.0,1405.0,56200.0,2024-03-26
2024032601027270,CYCL,62,45,23.0,1404.0,32292.0,2024-03-26
2024032604009148,UPPER,55,1,37.0,176.9,6545.3,2024-03-26
2024032605004077,NIFRA,7,36,10.0,207.9,2079.0,2024-03-26
2024032603008428,GUFL,71,38,25.0,860.1,21502.5,2024-03-26
2024032601027269,DOLTI,25,38,10.0,430.1,4301.0,2024-03-26
2024032601027268,SRLI,42,14,160.0,445.0,71200.0,2024-03-26
2024032601027267,SRLI,38,14,20.0,445.9,8918.0,2024-03-26
2024032604009147,AKPL,21,16,10.0,178.5,1785.0,2024-03-26
2024032601027266,HATHY,39,38,10.0,884.9,8849.0,2024-03-26
2024032601027265,HDL,34,83,24.0,1528.0,36672.0,2024-03-26
2024032601027264,HATHY,44,1,465.0,880.0,409200.0,2024-03-26
2024032601027263,HATHY,67,1,200.0,880.0,176000.0,2024-03-26
2024032601027262,HATHY,29,1,200.0,880.0,176000.0,2024-03-26
2024032601027261,HATHY,49,1,48.0,880.0,42240.0,2024-03-26
2024032601027260,HATHY,44,1,118.0,880.0,103840.0,2024-03-26
2024032601027259,HATHY,25,1,100.0,880.1,88010.0,2024-03-26
2024032601027258,HATHY,74,1,20.0,880.1,17602.0,2024-03-26
2024032601027257,HATHY,57,1,78.0,880.1,68647.8,2024-03-26
2024032605004076,NTC,47,57,40.0,847.8,33912.0,2024-03-26
2024032604009146,JOSHI,22,58,40.0,353.0,14120.0,2024-03-26
2024032604009145,JOSHI,16,58,50.0,353.0,17650.0,2024-03-26
2024032604009144,UPPER,58,1,38.0,176.9,6722.2,2024-03-26
2024032604009143,UPPER,58,36,22.0,176.9,3891.8,2024-03-26
2024032601027256,HBL,49,76,20.0,191.8,3836.0,2024-03-26
2024032603008427,SHINE,18,22,20.0,372.0,7440.0,2024-03-26
2024032603008426,KSBBL,44,41,20.0,362.0,7240.0,2024-03-26
2024032601027255,GCIL,45,16,10.0,519.0,5190.0,2024-03-26
2024032601027254,GCIL,45,17,25.0,518.9,12972.5,2024-03-26
2024032601027253,PPL,89,29,30.0,453.0,13590.0,2024-03-26
2024032601027252,MEL,91,17,250.0,218.0,54500.0,2024-03-26
2024032601027251,MEL,91,44,250.0,217.9,54475.0,2024-03-26
2024032601027250,GBIME,42,57,90.0,184.0,16560.0,2024-03-26
2024032601027249,GBIME,57,57,10.0,184.0,1840.0,2024-03-26
2024032601027248,NRM,35,37,10.0,384.0,3840.0,2024-03-26
2024032603008425,PMLI,58,58,10.0,520.0,5200.0,2024-03-26
2024032601027247,DORDI,58,54,10.0,465.0,4650.0,2024-03-26
2024032603008424,RSDC,66,22,50.0,590.0,29500.0,2024-03-26
2024032603008423,NICLBSL,47,36,10.0,609.0,6090.0,2024-03-26
2024032601027246,SHIVM,11,42,200.0,528.0,105600.0,2024-03-26
2024032601027245,SHIVM,7,42,100.0,528.0,52800.0,2024-03-26
2024032601027244,SHIVM,44,42,500.0,528.1,264050.0,2024-03-26
2024032604009142,SPDL,42,81,20.0,248.0,4960.0,2024-03-26
2024032604009141,SPDL,42,29,480.0,248.0,119040.0,2024-03-26
2024032601027243,MHCL,3,45,395.0,447.0,176565.0,2024-03-26
2024032601027242,MHCL,3,46,205.0,446.9,91614.5,2024-03-26
2024032601027241,NRM,36,54,10.0,383.0,3830.0,2024-03-26
2024032605004075,HRL,6,29,100.0,609.0,60900.0,2024-03-26
2024032603008422,SFCL,21,57,100.0,320.3,32030.0,2024-03-26
2024032605004074,NIFRA,51,6,7.0,202.9,1420.3,2024-03-26
2024032601027240,SNLI,13,58,10.0,606.3,6063.0,2024-03-26
2024032603008421,RLFL,45,41,10.0,365.0,3650.0,2024-03-26
2024032603008420,USLB,62,14,17.0,1716.0,29172.0,2024-03-26
2024032603008419,USLB,62,34,83.0,1715.0,142345.0,2024-03-26
2024032601027239,SONA,22,49,30.0,485.0,14550.0,2024-03-26
2024032604009140,RHPL,25,52,80.0,280.0,22400.0,2024-03-26
2024032601027238,NICA,14,21,40.0,411.6,16464.0,2024-03-26
2024032601027237,KDL,42,32,40.0,791.0,31640.0,2024-03-26
2024032603008418,PMLI,66,34,191.0,518.0,98938.0,2024-03-26
2024032601027236,BNHC,26,29,100.0,498.0,49800.0,2024-03-26
2024032603008417,EDBL,3,19,300.0,358.7,107610.0,2024-03-26
2024032603008416,SADBL,49,11,159.0,301.2,47890.8,2024-03-26
2024032604009139,UPCL,5,25,10.0,211.9,2119.0,2024-03-26
2024032601027235,CLI,22,42,20.0,451.0,9020.0,2024-03-26
2024032603008415,HLI,44,81,114.0,402.0,45828.0,2024-03-26
2024032603008414,HLI,85,81,126.0,402.1,50664.6,2024-03-26
2024032604009138,HDHPC,42,7,1000.0,138.5,138500.0,2024-03-26
2024032601027234,ULHC,34,42,100.0,331.0,33100.0,2024-03-26
2024032601027233,GCIL,88,42,500.0,518.0,259000.0,2024-03-26
2024032601027232,CITY,34,45,10.0,608.8,6088.0,2024-03-26
2024032601027231,CITY,34,45,10.0,608.7,6087.0,2024-03-26
2024032601027230,CITY,34,45,10.0,608.5,6085.0,2024-03-26
2024032601027229,CITY,34,35,10.0,608.0,6080.0,2024-03-26
2024032601027228,CITY,34,34,10.0,607.0,6070.0,2024-03-26
2024032601027227,CITY,34,49,10.0,606.0,6060.0,2024-03-26
2024032601027226,CITY,34,79,10.0,606.0,6060.0,2024-03-26
2024032601027225,CITY,34,45,10.0,605.5,6055.0,2024-03-26
2024032601027224,CITY,34,49,10.0,605.5,6055.0,2024-03-26
2024032601027223,CITY,34,45,10.0,605.4,6054.0,2024-03-26
2024032601027222,DLBS,38,3,10.0,1395.0,13950.0,2024-03-26
2024032603008413,MPFL,49,6,210.0,367.5,77175.0,2024-03-26
2024032601027221,HDL,49,45,15.0,1525.9,22888.5,2024-03-26
2024032604009137,AKPL,6,16,50.0,178.5,8925.0,2024-03-26
2024032601027220,UHEWA,57,19,100.0,360.0,36000.0,2024-03-26
2024032601027219,RFPL,19,29,10.0,424.9,4249.0,2024-03-26
2024032601027218,UHEWA,57,11,10.0,361.0,3610.0,2024-03-26
2024032604009136,AHPC,35,32,10.0,178.0,1780.0,2024-03-26
2024032604009135,CHCL,35,42,25.0,460.0,11500.0,2024-03-26
2024032601027217,MHCL,3,36,10.0,446.0,4460.0,2024-03-26
2024032604009134,UPPER,34,36,250.0,176.9,44225.0,2024-03-26
2024032601027216,PHCL,64,48,50.0,329.0,16450.0,2024-03-26
2024032601027215,PHCL,42,48,220.0,329.9,72578.0,2024-03-26
2024032605004073,NRIC,43,17,11.0,735.6,8091.6,2024-03-26
2024032601027214,MMKJL,43,49,10.0,420.0,4200.0,2024-03-26
2024032601027213,MMKJL,43,22,10.0,420.0,4200.0,2024-03-26
2024032601027212,MMKJL,43,49,10.0,420.0,4200.0,2024-03-26
2024032601027211,USHL,18,43,90.0,476.0,42840.0,2024-03-26
2024032603008412,MLBL,51,34,23.0,328.0,7544.0,2024-03-26
2024032601027210,KBL,58,22,288.0,140.0,40320.0,2024-03-26
2024032601027209,KBL,58,25,65.0,140.0,9100.0,2024-03-26
2024032604009133,NHPC,49,16,10.0,154.0,1540.0,2024-03-26
2024032604009132,NHPC,49,38,590.0,153.8,90742.0,2024-03-26
2024032601027208,NWCL,49,42,10.0,748.0,7480.0,2024-03-26
2024032603008411,CORBL,42,69,10.0,444.0,4440.0,2024-03-26
2024032601027207,NABIL,42,17,25.0,441.9,11047.5,2024-03-26
2024032601027206,SANIMA,52,48,110.0,234.5,25795.0,2024-03-26
2024032601027205,SANIMA,43,48,50.0,234.5,11725.0,2024-03-26
2024032601027204,SHIVM,69,8,10.0,530.0,5300.0,2024-03-26
2024032605004072,HIDCL,57,53,169.0,170.3,28780.7,2024-03-26
2024032605004071,HIDCL,19,53,48.0,170.3,8174.4,2024-03-26
2024032605004070,HIDCL,14,53,55.0,170.4,9372.0,2024-03-26
2024032601027203,SAHAS,65,45,1000.0,521.0,521000.0,2024-03-26
2024032601027202,ADBL,45,14,100.0,233.5,23350.0,2024-03-26
2024032605004069,NTC,45,57,10.0,847.8,8478.0,2024-03-26
2024032604009131,NGPL,88,6,190.0,312.0,59280.0,2024-03-26
2024032604009130,NGPL,41,6,100.0,312.1,31210.0,2024-03-26
2024032604009129,NGPL,41,6,100.0,312.2,31220.0,2024-03-26
2024032604009128,NGPL,16,6,100.0,312.5,31250.0,2024-03-26
2024032604009127,NGPL,41,6,1000.0,312.5,312500.0,2024-03-26
2024032604009126,NGPL,8,6,50.0,312.5,15625.0,2024-03-26
2024032604009125,NGPL,51,6,40.0,312.5,12500.0,2024-03-26
2024032604009124,NGPL,6,6,420.0,312.9,131418.0,2024-03-26
2024032601027201,BEDC,65,34,95.0,353.0,33535.0,2024-03-26
2024032601027200,BEDC,65,38,300.0,353.0,105900.0,2024-03-26
2024032601027199,BEDC,65,91,105.0,353.0,37065.0,2024-03-26
2024032604009123,JOSHI,16,8,50.0,353.0,17650.0,2024-03-26
2024032604009122,JOSHI,54,8,100.0,353.0,35300.0,2024-03-26
2024032604009121,JOSHI,38,8,50.0,353.0,17650.0,2024-03-26
2024032601027198,UHEWA,57,55,10.0,360.0,3600.0,2024-03-26
2024032601027197,SONA,66,67,30.0,487.0,14610.0,2024-03-26
2024032601027196,SONA,66,7,10.0,487.0,4870.0,2024-03-26
2024032601027195,SONA,66,38,100.0,486.9,48690.0,2024-03-26
2024032601027194,SONA,66,62,10.0,486.5,4865.0,2024-03-26
2024032601027193,SONA,66,49,10.0,486.5,4865.0,2024-03-26
2024032601027192,SONA,66,38,100.0,486.4,48640.0,2024-03-26
2024032601027191,SONA,66,52,10.0,486.0,4860.0,2024-03-26
2024032601027190,SONA,66,34,10.0,485.5,4855.0,2024-03-26
2024032601027189,SONA,66,58,10.0,485.5,4855.0,2024-03-26
2024032601027188,SONA,66,58,10.0,485.1,4851.0,2024-03-26
2024032601027187,HHL,49,14,15.0,366.0,5490.0,2024-03-26
2024032601027186,KBSH,21,46,10.0,1052.0,10520.0,2024-03-26
2024032601027185,KBSH,21,25,10.0,1035.0,10350.0,2024-03-26
2024032601027184,SAMAJ,42,16,10.0,1924.9,19249.0,2024-03-26
2024032601027183,SAMAJ,42,57,10.0,1924.8,19248.0,2024-03-26
2024032601027182,PCBL,55,40,100.0,192.0,19200.0,2024-03-26
2024032601027181,PCBL,48,40,100.0,192.0,19200.0,2024-03-26
2024032601027180,PCBL,42,40,10.0,192.0,1920.0,2024-03-26
2024032601027179,PCBL,6,40,46.0,192.0,8832.0,2024-03-26
2024032603008410,CFCL,32,29,1000.0,350.1,350100.0,2024-03-26
2024032604009120,NHPC,19,38,190.0,153.8,29222.0,2024-03-26
2024032604009119,KPCL,49,32,10.0,431.0,4310.0,2024-03-26
2024032601027178,NICGF2,42,7,450.0,8.12,3654.0,2024-03-26
2024032601027177,GVL,1,28,10.0,425.1,4251.0,2024-03-26
2024032601027176,ANLB,52,3,10.0,2020.0,20200.0,2024-03-26
2024032601027175,SMJC,42,39,15.0,369.9,5548.5,2024-03-26
2024032601027174,BEDC,1,91,10.0,353.0,3530.0,2024-03-26
2024032601027173,BEDC,1,55,10.0,352.0,3520.0,2024-03-26
2024032601027172,UHEWA,57,40,10.0,360.0,3600.0,2024-03-26
2024032605004068,CMF1,43,43,5000.0,9.14,45700.0,2024-03-26
2024032605004067,NRIC,43,16,10.0,735.6,7356.0,2024-03-26
2024032601027171,RAWA,33,45,10.0,477.0,4770.0,2024-03-26
2024032601027170,PHCL,50,45,100.0,330.0,33000.0,2024-03-26
2024032601027169,PHCL,26,45,150.0,330.0,49500.0,2024-03-26
2024032601027168,PHCL,33,45,65.0,330.0,21450.0,2024-03-26
2024032601027167,SNLI,45,29,10.0,606.1,6061.0,2024-03-26
2024032601027166,EHPL,18,74,80.0,442.9,35432.0,2024-03-26
2024032601027165,MLBS,74,59,10.0,887.0,8870.0,2024-03-26
2024032603008409,ILBS,62,14,19.0,877.5,16672.5,2024-03-26
2024032604009118,AKPL,14,52,27.0,178.0,4806.0,2024-03-26
2024032604009117,AKPL,4,52,2850.0,178.1,507585.0,2024-03-26
2024032604009116,AKPL,51,52,100.0,178.1,17810.0,2024-03-26
2024032604009115,AKPL,58,52,84.0,178.1,14960.4,2024-03-26
2024032604009114,AKPL,6,52,672.0,178.2,119750.4,2024-03-26
2024032604009113,AKPL,49,52,100.0,178.3,17830.0,2024-03-26
2024032604009112,AKPL,57,52,22.0,178.3,3922.6,2024-03-26
2024032604009111,AKPL,33,52,45.0,178.5,8032.5,2024-03-26
2024032604009110,AKPL,36,52,1000.0,178.5,178500.0,2024-03-26
2024032604009109,AKPL,42,52,100.0,178.5,17850.0,2024-03-26
2024032601027164,DOLTI,25,52,100.0,430.1,43010.0,2024-03-26
2024032605004066,CHDC,32,21,20.0,930.6,18612.0,2024-03-26
2024032605004065,CHDC,59,21,60.0,930.7,55842.0,2024-03-26
2024032605004064,CHDC,18,21,100.0,930.7,93070.0,2024-03-26
2024032605004063,CHDC,4,21,10.0,930.8,9308.0,2024-03-26
2024032605004062,CHDC,6,21,10.0,930.9,9309.0,2024-03-26
2024032604009108,MHNL,37,21,250.0,240.0,60000.0,2024-03-26
2024032604009107,MHNL,4,21,500.0,240.1,120050.0,2024-03-26
2024032604009106,MHNL,4,21,200.0,240.2,48040.0,2024-03-26
2024032604009105,MHNL,26,21,50.0,241.0,12050.0,2024-03-26
2024032601027163,SONA,22,34,20.0,485.0,9700.0,2024-03-26
2024032604009104,HEI,34,42,10.0,587.0,5870.0,2024-03-26
2024032604009103,HEI,34,45,70.0,585.0,40950.0,2024-03-26
2024032601027162,SPL,42,22,10.0,670.0,6700.0,2024-03-26
2024032603008408,SMB,4,19,10.0,1247.0,12470.0,2024-03-26
2024032603008407,BFC,6,40,315.0,348.3,109714.5,2024-03-26
2024032603008406,BFC,57,40,85.0,348.3,29605.5,2024-03-26
2024032601027161,MLBS,40,59,60.0,887.0,53220.0,2024-03-26
2024032601027160,MHCL,3,43,110.0,446.0,49060.0,2024-03-26
2024032601027159,CKHL,45,3,60.0,609.0,36540.0,2024-03-26
2024032601027158,CKHL,45,58,10.0,601.0,6010.0,2024-03-26
2024032601027157,CKHL,45,64,130.0,601.0,78130.0,2024-03-26
2024032605004061,HRL,6,29,20.0,609.0,12180.0,2024-03-26
2024032605004060,HRL,6,45,20.0,609.0,12180.0,2024-03-26
2024032605004059,HRL,6,58,10.0,609.0,6090.0,2024-03-26
2024032605004058,HRL,6,58,40.0,609.0,24360.0,2024-03-26
2024032605004057,HRL,6,22,20.0,609.0,12180.0,2024-03-26
2024032605004056,HRL,6,46,20.0,609.0,12180.0,2024-03-26
2024032605004055,HRL,6,55,10.0,609.0,6090.0,2024-03-26
2024032605004054,HRL,6,32,100.0,608.9,60890.0,2024-03-26
2024032601027156,NRM,36,19,150.0,383.0,57450.0,2024-03-26
2024032601027155,CLI,88,8,102.0,450.4,45940.8,2024-03-26
2024032603008405,RSDC,66,59,79.0,590.0,46610.0,2024-03-26
2024032604009102,NHPC,38,38,100.0,153.8,15380.0,2024-03-26
2024032604009101,NHPC,19,38,200.0,153.8,30760.0,2024-03-26
2024032604009100,NHPC,45,38,100.0,153.8,15380.0,2024-03-26
2024032604009099,NHPC,19,38,820.0,153.8,126116.0,2024-03-26
2024032604009098,UPPER,38,36,250.0,176.9,44225.0,2024-03-26
2024032601027154,DORDI,72,54,20.0,465.0,9300.0,2024-03-26
2024032601027153,DORDI,72,54,10.0,465.0,4650.0,2024-03-26
2024032601027152,AVYAN,95,36,55.0,660.1,36305.5,2024-03-26
2024032603008404,GUFL,71,1,140.0,860.1,120414.0,2024-03-26
2024032604009097,AKPL,42,7,20.0,179.0,3580.0,2024-03-26
2024032601027151,PPL,38,42,100.0,453.0,45300.0,2024-03-26
2024032603008403,SHINE,89,38,10.0,373.0,3730.0,2024-03-26
2024032604009096,API,48,42,140.0,180.0,25200.0,2024-03-26
2024032604009095,API,48,52,60.0,180.0,10800.0,2024-03-26
2024032604009094,BARUN,17,16,17.0,243.1,4132.7,2024-03-26
2024032601027150,SONA,22,47,10.0,485.0,4850.0,2024-03-26
2024032604009093,NGPL,6,70,500.0,312.9,156450.0,2024-03-26
2024032601027149,GCIL,88,86,200.0,518.0,103600.0,2024-03-26
2024032603008402,PFL,65,5,10.0,404.0,4040.0,2024-03-26
2024032601027148,NICA,35,59,98.0,412.0,40376.0,2024-03-26
2024032605004053,NIBSF2,4,7,9000.0,7.9,71100.0,2024-03-26
2024032601027147,RHGCL,35,38,10.0,301.5,3015.0,2024-03-26
2024032604009092,NGPL,49,45,410.0,313.0,128330.0,2024-03-26
2024032604009091,NGPL,49,50,590.0,313.0,184670.0,2024-03-26
2024032604009090,KKHC,34,34,10.0,239.9,2399.0,2024-03-26
2024032601027146,TVCL,42,36,10.0,505.0,5050.0,2024-03-26
2024032601027145,TVCL,42,3,20.0,500.0,10000.0,2024-03-26
2024032601027144,CLI,88,42,10.0,450.4,4504.0,2024-03-26
2024032604009089,NGPL,17,50,10.0,313.0,3130.0,2024-03-26
2024032604009088,NGPL,17,43,30.0,313.0,9390.0,2024-03-26
2024032605004052,STC,54,44,10.0,4575.0,45750.0,2024-03-26
2024032605004051,STC,54,32,90.0,4574.0,411660.0,2024-03-26
2024032603008401,NLIC,13,48,100.0,599.0,59900.0,2024-03-26
2024032601027143,PHCL,45,58,70.0,331.0,23170.0,2024-03-26
2024032601027142,VLUCL,74,32,12.0,522.9,6274.8,2024-03-26
2024032601027141,VLUCL,74,55,115.0,522.8,60122.0,2024-03-26
2024032601027140,VLUCL,74,44,200.0,522.5,104500.0,2024-03-26
2024032601027139,VLUCL,74,45,10.0,522.5,5225.0,2024-03-26
2024032601027138,VLUCL,74,36,10.0,522.0,5220.0,2024-03-26
2024032601027137,VLUCL,74,21,10.0,522.0,5220.0,2024-03-26
2024032601027136,VLUCL,74,4,10.0,522.0,5220.0,2024-03-26
2024032601027135,VLUCL,74,55,33.0,521.8,17219.4,2024-03-26
2024032601027134,VLUCL,74,11,100.0,521.0,52100.0,2024-03-26
2024032605004050,NIFRA,58,51,40.0,207.0,8280.0,2024-03-26
2024032604009087,UNHPL,58,6,700.0,238.3,166810.0,2024-03-26
2024032601027133,CZBIL,22,55,10.0,161.5,1615.0,2024-03-26
2024032603008400,SWBBL,44,1,40.0,743.0,29720.0,2024-03-26
2024032603008399,SWBBL,42,1,10.0,744.2,7442.0,2024-03-26
2024032601027132,NABIL,45,17,12.0,441.9,5302.8,2024-03-26
2024032601027131,NABIL,49,17,10.0,441.9,4419.0,2024-03-26
2024032601027130,NABIL,13,17,22.0,441.9,9721.8,2024-03-26
2024032604009086,SPIL,44,41,50.0,740.0,37000.0,2024-03-26
2024032601027129,CYCL,62,16,37.0,1400.0,51800.0,2024-03-26
2024032601027128,CYCL,62,42,50.0,1400.0,70000.0,2024-03-26
2024032601027127,CYCL,62,58,13.0,1400.0,18200.0,2024-03-26
2024032601027126,CYCL,62,35,13.0,1400.0,18200.0,2024-03-26
2024032601027125,CYCL,62,34,20.0,1400.0,28000.0,2024-03-26
2024032601027124,CYCL,62,66,54.0,1400.0,75600.0,2024-03-26
2024032601027123,CYCL,62,28,18.0,1399.9,25198.2,2024-03-26
2024032603008398,USLB,33,55,310.0,1714.0,531340.0,2024-03-26
2024032604009085,HDHPC,56,7,130.0,138.5,18005.0,2024-03-26
2024032601027122,SNLI,45,58,10.0,606.1,6061.0,2024-03-26
2024032601027121,ILI,65,58,10.0,531.3,5313.0,2024-03-26
2024032601027120,SMHL,49,10,90.0,451.0,40590.0,2024-03-26
2024032601027119,SMHL,49,34,10.0,451.0,4510.0,2024-03-26
2024032601027118,SONA,42,36,2500.0,483.1,1207750.0,2024-03-26
2024032601027117,SONA,65,36,400.0,483.4,193360.0,2024-03-26
2024032601027116,SONA,4,36,20.0,483.4,9668.0,2024-03-26
2024032601027115,SONA,22,36,40.0,484.0,19360.0,2024-03-26
2024032601027114,SONA,59,36,100.0,484.0,48400.0,2024-03-26
2024032601027113,SONA,57,36,500.0,484.2,242100.0,2024-03-26
2024032601027112,SONA,22,36,50.0,484.2,24210.0,2024-03-26
2024032601027111,SONA,22,36,100.0,484.5,48450.0,2024-03-26
2024032601027110,SONA,38,36,283.0,485.0,137255.0,2024-03-26
2024032603008397,HLBSL,43,4,100.0,694.1,69410.0,2024-03-26
2024032604009084,MHNL,4,21,500.0,242.0,121000.0,2024-03-26
2024032601027109,NYADI,14,48,40.0,298.0,11920.0,2024-03-26
2024032604009083,API,58,56,20.0,179.0,3580.0,2024-03-26
2024032601027108,MCHL,44,7,130.0,344.8,44824.0,2024-03-26
2024032601027107,MCHL,44,3,50.0,343.7,17185.0,2024-03-26
2024032601027106,MCHL,44,43,20.0,342.7,6854.0,2024-03-26
2024032601027105,MCHL,44,64,100.0,341.2,34120.0,2024-03-26
2024032601027104,MCHL,44,57,90.0,341.0,30690.0,2024-03-26
2024032601027103,MCHL,44,54,10.0,340.8,3408.0,2024-03-26
2024032601027102,SHIVM,77,8,30.0,530.0,15900.0,2024-03-26
2024032605004049,NTC,47,42,1160.0,848.0,983680.0,2024-03-26
2024032603008396,SDLBSL,10,29,50.0,694.0,34700.0,2024-03-26
2024032603008395,SDLBSL,47,29,50.0,695.0,34750.0,2024-03-26
2024032601027101,TSHL,38,45,200.0,527.2,105440.0,2024-03-26
2024032601027100,TSHL,54,45,20.0,528.0,10560.0,2024-03-26
2024032601027099,TSHL,58,45,10.0,530.1,5301.0,2024-03-26
2024032601027098,TSHL,36,45,410.0,534.0,218940.0,2024-03-26
2024032603008394,GUFL,71,32,50.0,860.1,43005.0,2024-03-26
2024032601027097,AVYAN,95,16,500.0,660.1,330050.0,2024-03-26
2024032601027096,ILI,55,41,10.0,532.0,5320.0,2024-03-26
2024032604009082,UPCL,5,25,100.0,211.0,21100.0,2024-03-26
2024032604009081,UPCL,10,25,500.0,211.0,105500.0,2024-03-26
2024032604009080,UPCL,95,25,300.0,211.0,63300.0,2024-03-26
2024032604009079,UPCL,42,25,100.0,211.0,21100.0,2024-03-26
2024032603008393,GUFL,25,14,10.0,860.6,8606.0,2024-03-26
2024032601027095,HATHY,57,39,22.0,880.1,19362.2,2024-03-26
2024032601027094,HATHY,10,39,18.0,880.1,15841.8,2024-03-26
2024032601027093,HATHY,59,39,50.0,880.3,44015.0,2024-03-26
2024032601027092,HATHY,7,39,10.0,884.0,8840.0,2024-03-26
2024032604009078,RURU,4,34,40.0,685.0,27400.0,2024-03-26
2024032603008392,MPFL,42,34,35.0,368.0,12880.0,2024-03-26
2024032601027091,SHIVM,69,8,37.0,530.0,19610.0,2024-03-26
2024032601027090,SHIVM,69,49,23.0,529.0,12167.0,2024-03-26
2024032603008391,GUFL,71,48,19.0,860.1,16341.9,2024-03-26
2024032603008390,SMB,45,13,30.0,1227.0,36810.0,2024-03-26
2024032601027089,AHL,18,22,10.0,440.0,4400.0,2024-03-26
2024032601027088,AHL,18,34,100.0,439.0,43900.0,2024-03-26
2024032604009077,NHPC,19,45,180.0,153.8,27684.0,2024-03-26
2024032604009076,NHPC,32,45,20.0,153.8,3076.0,2024-03-26
2024032604009075,NHPC,42,45,200.0,153.8,30760.0,2024-03-26
2024032601027087,MLBS,32,59,10.0,887.0,8870.0,2024-03-26
2024032601027086,BNHC,32,71,10.0,498.9,4989.0,2024-03-26
2024032601027085,BNHC,32,80,20.0,490.0,9800.0,2024-03-26
2024032603008389,FMDBL,59,50,10.0,614.0,6140.0,2024-03-26
2024032604009074,BPCL,63,7,105.0,305.1,32035.5,2024-03-26
2024032601027084,SCB,80,38,23.0,525.0,12075.0,2024-03-26
2024032601027083,HDL,49,49,80.0,1525.9,122072.0,2024-03-26
2024032601027082,HDL,44,49,20.0,1526.0,30520.0,2024-03-26
2024032603008388,PROFL,22,56,150.0,320.0,48000.0,2024-03-26
2024032601027081,ILI,55,36,10.0,532.0,5320.0,2024-03-26
2024032601027080,CYCL,62,34,19.0,1397.1,26544.9,2024-03-26
2024032601027079,LSL,54,48,60.0,160.0,9600.0,2024-03-26
2024032604009073,UMRH,50,17,164.0,356.8,58515.2,2024-03-26
2024032601027078,SNLI,57,36,30.0,607.0,18210.0,2024-03-26
2024032601027077,SNLI,57,46,70.0,606.3,42441.0,2024-03-26
2024032601027076,MBJC,58,57,140.0,313.0,43820.0,2024-03-26
2024032601027075,MBJC,42,57,40.0,313.1,12524.0,2024-03-26
2024032601027074,MBJC,57,57,200.0,313.2,62640.0,2024-03-26
2024032601027073,VLUCL,19,11,70.0,519.0,36330.0,2024-03-26
2024032601027072,ULHC,58,48,80.0,332.0,26560.0,2024-03-26
2024032601027071,ULHC,58,43,10.0,332.0,3320.0,2024-03-26
2024032601027070,ULHC,58,16,10.0,332.0,3320.0,2024-03-26
2024032601027069,ULHC,58,17,300.0,332.0,99600.0,2024-03-26
2024032601027068,NICA,58,48,10.0,411.8,4118.0,2024-03-26
2024032604009072,BPCL,58,58,20.0,306.0,6120.0,2024-03-26
2024032604009071,BPCL,58,48,100.0,306.0,30600.0,2024-03-26
2024032601027067,TSHL,36,6,10.0,534.0,5340.0,2024-03-26
2024032601027066,TSHL,36,50,190.0,534.0,101460.0,2024-03-26
2024032601027065,TSHL,36,44,200.0,534.0,106800.0,2024-03-26
2024032601027064,TSHL,36,57,10.0,534.0,5340.0,2024-03-26
2024032601027063,TSHL,36,44,100.0,532.4,53240.0,2024-03-26
2024032601027062,TSHL,36,35,10.0,532.4,5324.0,2024-03-26
2024032601027061,TSHL,36,44,70.0,532.0,37240.0,2024-03-26
2024032601027060,TPC,48,32,50.0,514.0,25700.0,2024-03-26
2024032601027059,NMB,53,43,10.0,182.0,1820.0,2024-03-26
2024032605004048,HRL,55,50,1280.0,607.9,778112.0,2024-03-26
2024032605004047,HRL,42,50,10.0,608.0,6080.0,2024-03-26
2024032605004046,HRL,6,50,100.0,608.0,60800.0,2024-03-26
2024032605004045,HRL,49,50,110.0,608.0,66880.0,2024-03-26
2024032601027058,SHIVM,45,49,27.0,529.0,14283.0,2024-03-26
2024032603008387,USLB,33,62,93.0,1714.0,159402.0,2024-03-26
2024032603008386,USLB,62,62,107.0,1715.0,183505.0,2024-03-26
2024032601027057,HHL,32,14,500.0,366.0,183000.0,2024-03-26
2024032601027056,HHL,58,14,32.0,366.0,11712.0,2024-03-26
2024032601027055,TAMOR,37,33,80.0,390.0,31200.0,2024-03-26
2024032601027054,SONA,38,21,10.0,485.0,4850.0,2024-03-26
2024032601027053,SONA,38,16,140.0,485.0,67900.0,2024-03-26
2024032601027052,SONA,38,28,10.0,485.0,4850.0,2024-03-26
2024032601027051,SONA,38,33,10.0,485.0,4850.0,2024-03-26
2024032601027050,SONA,38,11,260.0,485.0,126100.0,2024-03-26
2024032601027049,SONA,38,57,10.0,485.0,4850.0,2024-03-26
2024032601027048,SONA,38,72,277.0,485.0,134345.0,2024-03-26
2024032601027047,SRLI,38,11,10.0,446.0,4460.0,2024-03-26
2024032601027046,SRLI,38,41,10.0,445.8,4458.0,2024-03-26
2024032601027045,SRLI,38,58,10.0,445.0,4450.0,2024-03-26
2024032601027044,SNLI,45,58,10.0,606.1,6061.0,2024-03-26
2024032605004044,NRN,54,36,30.0,533.1,15993.0,2024-03-26
2024032603008385,ICFC,59,39,81.0,515.6,41763.6,2024-03-26
2024032603008384,ICFC,48,39,20.0,516.0,10320.0,2024-03-26
2024032603008383,ICFC,28,39,20.0,516.5,10330.0,2024-03-26
2024032603008382,ICFC,58,39,19.0,516.5,9813.5,2024-03-26
2024032603008381,ICFC,39,39,10.0,516.6,5166.0,2024-03-26
2024032601027043,SNLI,45,34,190.0,606.1,115159.0,2024-03-26
2024032601027042,SNLI,54,34,10.0,606.1,6061.0,2024-03-26
2024032604009070,SHL,6,34,825.0,442.0,364650.0,2024-03-26
2024032604009069,SHL,14,34,175.0,442.5,77437.5,2024-03-26
2024032603008380,CBBL,32,42,36.0,846.0,30456.0,2024-03-26
2024032603008379,CBBL,40,42,30.0,846.0,25380.0,2024-03-26
2024032603008378,CBBL,57,42,34.0,847.0,28798.0,2024-03-26
2024032601027041,SANIMA,42,83,10.0,235.0,2350.0,2024-03-26
2024032601027040,MCHL,44,41,375.0,336.0,126000.0,2024-03-26
2024032604009068,BARUN,10,16,10.0,243.1,2431.0,2024-03-26
2024032601027039,NABIL,13,6,10.0,441.9,4419.0,2024-03-26
2024032604009067,GHL,21,19,980.0,155.2,152096.0,2024-03-26
2024032604009066,GHL,35,19,1020.0,155.2,158304.0,2024-03-26
2024032601027038,HDL,46,83,32.0,1528.0,48896.0,2024-03-26
2024032601027037,PBD88,4,32,50.0,1000.0,50000.0,2024-03-26
2024032604009065,MEN,44,32,10.0,535.2,5352.0,2024-03-26
2024032603008377,PROFL,57,59,300.0,319.1,95730.0,2024-03-26
2024032605004043,SBCF,58,35,100.0,7.9,790.0,2024-03-26
2024032601027036,MHCL,34,58,100.0,445.2,44520.0,2024-03-26
2024032601027035,PCBL,6,58,54.0,192.0,10368.0,2024-03-26
2024032601027034,PCBL,81,58,646.0,192.0,124032.0,2024-03-26
2024032604009064,NGPL,6,42,50.0,312.9,15645.0,2024-03-26
2024032603008376,MLBBL,57,13,50.0,899.0,44950.0,2024-03-26
2024032603008375,SJLIC,46,45,300.0,504.5,151350.0,2024-03-26
2024032603008374,SJLIC,13,45,30.0,505.0,15150.0,2024-03-26
2024032601027033,NABIL,45,34,20.0,442.0,8840.0,2024-03-26
2024032601027032,SNLI,57,46,30.0,606.3,18189.0,2024-03-26
2024032601027031,SNLI,52,46,60.0,606.3,36378.0,2024-03-26
2024032605004042,CIT,80,56,47.0,2115.0,99405.0,2024-03-26
2024032605004041,CIT,80,77,153.0,2115.0,323595.0,2024-03-26
2024032604009063,BARUN,58,16,300.0,243.1,72930.0,2024-03-26
2024032601027030,SANIMA,41,83,10.0,235.0,2350.0,2024-03-26
2024032603008373,GUFL,71,59,255.0,860.1,219325.5,2024-03-26
2024032603008372,GUFL,47,59,25.0,860.2,21505.0,2024-03-26
2024032603008371,GUFL,67,59,50.0,860.3,43015.0,2024-03-26
2024032603008370,GUFL,54,59,100.0,860.3,86030.0,2024-03-26
2024032603008369,GUFL,52,59,10.0,860.3,8603.0,2024-03-26
2024032603008368,GUFL,22,59,40.0,860.6,34424.0,2024-03-26
2024032603008367,GUFL,5,59,20.0,860.6,17212.0,2024-03-26
2024032604009062,UNHPL,5,6,300.0,238.3,71490.0,2024-03-26
2024032604009061,RIDI,14,26,200.0,186.0,37200.0,2024-03-26
2024032604009060,UMHL,64,68,57.0,252.0,14364.0,2024-03-26
2024032601027029,SHIVM,7,42,800.0,528.0,422400.0,2024-03-26
2024032601027028,VLUCL,19,44,40.0,519.0,20760.0,2024-03-26
2024032601027027,VLUCL,42,44,40.0,519.1,20764.0,2024-03-26
2024032601027026,VLUCL,52,44,70.0,519.2,36344.0,2024-03-26
2024032601027025,VLUCL,34,44,50.0,520.0,26000.0,2024-03-26
2024032603008366,NMFBS,26,57,16.0,1133.0,18128.0,2024-03-26
2024032603008365,NMFBS,26,35,50.0,1132.0,56600.0,2024-03-26
2024032603008364,NMFBS,26,35,40.0,1131.9,45276.0,2024-03-26
2024032604009059,UPCL,72,38,228.0,212.0,48336.0,2024-03-26
2024032604009058,UPCL,72,46,240.0,212.0,50880.0,2024-03-26
2024032604009057,UPCL,72,41,520.0,212.0,110240.0,2024-03-26
2024032604009056,UPCL,72,58,12.0,211.5,2538.0,2024-03-26
2024032604009055,UPPER,14,36,80.0,176.9,14152.0,2024-03-26
2024032603008363,PMLI,66,21,309.0,518.0,160062.0,2024-03-26
2024032603008362,PMLI,8,21,11.0,518.0,5698.0,2024-03-26
2024032603008361,PMLI,34,21,25.0,519.0,12975.0,2024-03-26
2024032603008360,PMLI,4,21,100.0,519.0,51900.0,2024-03-26
2024032603008359,PMLI,20,21,100.0,519.1,51910.0,2024-03-26
2024032603008358,PMLI,32,21,20.0,519.2,10384.0,2024-03-26
2024032603008357,PMLI,71,21,50.0,520.0,26000.0,2024-03-26
2024032604009054,AKPL,39,7,200.0,179.0,35800.0,2024-03-26
2024032601027024,RFPL,4,39,10.0,420.0,4200.0,2024-03-26
2024032601027023,SHIVM,69,8,10.0,530.0,5300.0,2024-03-26
2024032601027022,CYCL,62,34,10.0,1399.9,13999.0,2024-03-26
2024032601027021,HHL,42,21,120.0,368.0,44160.0,2024-03-26
2024032601027020,KDL,42,32,200.0,791.0,158200.0,2024-03-26
2024032601027019,DORDI,34,26,25.0,459.0,11475.0,2024-03-26
2024032601027018,DORDI,14,26,40.0,459.0,18360.0,2024-03-26
2024032601027017,DORDI,25,26,110.0,460.0,50600.0,2024-03-26
2024032601027016,DORDI,65,26,136.0,460.0,62560.0,2024-03-26
2024032601027015,DORDI,65,26,20.0,461.0,9220.0,2024-03-26
2024032601027014,DORDI,34,26,500.0,462.0,231000.0,2024-03-26
2024032601027013,DORDI,4,26,69.0,462.0,31878.0,2024-03-26
2024032601027012,DORDI,22,26,100.0,462.5,46250.0,2024-03-26
2024032601027011,SANIMA,52,83,100.0,235.0,23500.0,2024-03-26
2024032601027010,SANIMA,1,83,100.0,235.0,23500.0,2024-03-26
2024032601027009,SANIMA,48,83,50.0,235.0,11750.0,2024-03-26
2024032601027008,SANIMA,41,83,50.0,235.0,11750.0,2024-03-26
2024032601027007,SANIMA,58,83,69.0,235.0,16215.0,2024-03-26
2024032601027006,SANIMA,8,83,16.0,235.0,3760.0,2024-03-26
2024032601027005,SANIMA,6,83,200.0,235.2,47040.0,2024-03-26
2024032605004040,HIDCL,19,49,392.0,170.3,66757.6,2024-03-26
2024032605004039,HRL,49,34,170.0,608.0,103360.0,2024-03-26
2024032605004038,HRL,49,35,20.0,608.0,12160.0,2024-03-26
2024032605004037,HRL,49,58,20.0,608.0,12160.0,2024-03-26
2024032603008356,DDBL,21,57,82.0,798.9,65509.8,2024-03-26
2024032603008355,DDBL,21,29,13.0,798.0,10374.0,2024-03-26
2024032603008354,DDBL,21,26,30.0,797.0,23910.0,2024-03-26
2024032604009053,AKPL,21,7,10.0,179.0,1790.0,2024-03-26
2024032603008353,CORBL,1,69,997.0,436.0,434692.0,2024-03-26
2024032603008352,CORBL,35,69,1000.0,436.0,436000.0,2024-03-26
2024032603008351,CORBL,39,69,200.0,436.1,87220.0,2024-03-26
2024032603008350,CORBL,35,69,303.0,437.0,132411.0,2024-03-26
2024032601027004,CLI,48,42,20.0,451.0,9020.0,2024-03-26
2024032601027003,GBIME,44,41,30.0,184.4,5532.0,2024-03-26
2024032601027002,MANDU,65,4,40.0,686.5,27460.0,2024-03-26
2024032601027001,MANDU,65,49,10.0,686.0,6860.0,2024-03-26
2024032601027000,MANDU,65,7,10.0,685.0,6850.0,2024-03-26
2024032601026999,MANDU,65,36,10.0,680.0,6800.0,2024-03-26
2024032601026998,MANDU,65,54,10.0,680.0,6800.0,2024-03-26
2024032601026997,MANDU,65,4,20.0,680.0,13600.0,2024-03-26
2024032601026996,MANDU,65,58,100.0,679.0,67900.0,2024-03-26
2024032601026995,NRM,36,32,1043.0,383.0,399469.0,2024-03-26
2024032601026994,NRM,62,32,250.0,383.0,95750.0,2024-03-26
2024032601026993,NRM,36,32,520.0,383.0,199160.0,2024-03-26
2024032601026992,NRM,50,32,37.0,383.1,14174.7,2024-03-26
2024032601026991,SMJC,42,11,10.0,369.9,3699.0,2024-03-26
2024032601026990,TSHL,22,44,30.0,532.0,15960.0,2024-03-26
2024032601026989,TSHL,22,38,10.0,532.0,5320.0,2024-03-26
2024032601026988,TSHL,22,58,10.0,532.0,5320.0,2024-03-26
2024032601026987,TSHL,22,7,10.0,532.0,5320.0,2024-03-26
2024032601026986,TSHL,22,32,10.0,530.1,5301.0,2024-03-26
2024032603008349,SADBL,50,58,500.0,301.3,150650.0,2024-03-26
2024032603008348,MNBBL,44,4,109.0,353.0,38477.0,2024-03-26
2024032604009052,JOSHI,71,42,150.0,353.0,52950.0,2024-03-26
2024032604009051,JOSHI,21,42,50.0,353.5,17675.0,2024-03-26
2024032601026985,DORDI,34,35,10.0,465.0,4650.0,2024-03-26
2024032601026984,DORDI,34,50,10.0,465.0,4650.0,2024-03-26
2024032601026983,DORDI,34,10,300.0,465.0,139500.0,2024-03-26
2024032601026982,DORDI,34,58,30.0,465.0,13950.0,2024-03-26
2024032601026981,DORDI,34,52,10.0,464.0,4640.0,2024-03-26
2024032603008347,SJLIC,34,5,10.0,506.0,5060.0,2024-03-26
2024032601026980,SNLI,26,36,50.0,607.0,30350.0,2024-03-26
2024032603008346,USLB,62,32,15.0,1715.0,25725.0,2024-03-26
2024032601026979,UHEWA,57,41,20.0,356.0,7120.0,2024-03-26
2024032603008345,HLBSL,43,57,35.0,694.1,24293.5,2024-03-26
2024032601026978,HDL,51,83,23.0,1528.0,35144.0,2024-03-26
2024032601026977,SONA,22,60,60.0,484.2,29052.0,2024-03-26
2024032601026976,SONA,67,60,40.0,484.5,19380.0,2024-03-26
2024032603008344,RSDC,34,22,50.0,591.0,29550.0,2024-03-26
2024032604009050,GLH,22,49,105.0,219.0,22995.0,2024-03-26
2024032604009049,SGIC,10,58,10.0,526.0,5260.0,2024-03-26
2024032601026975,SHIVM,77,8,10.0,530.0,5300.0,2024-03-26
2024032603008343,GFCL,53,42,52.0,472.0,24544.0,2024-03-26
2024032603008342,GFCL,53,59,217.0,471.0,102207.0,2024-03-26
2024032603008341,GFCL,53,59,402.0,470.0,188940.0,2024-03-26
2024032603008340,GFCL,53,51,100.0,468.0,46800.0,2024-03-26
2024032603008339,GFCL,53,71,229.0,468.0,107172.0,2024-03-26
2024032603008338,NICLBSL,47,18,100.0,609.0,60900.0,2024-03-26
2024032605004036,HRL,55,18,10.0,607.9,6079.0,2024-03-26
2024032601026974,MCHL,45,41,10.0,336.0,3360.0,2024-03-26
2024032605004035,HRL,35,46,10.0,608.0,6080.0,2024-03-26
2024032603008337,JBBL,6,57,52.0,295.0,15340.0,2024-03-26
2024032603008336,JBBL,26,57,10.0,295.0,2950.0,2024-03-26
2024032603008335,JBBL,7,57,138.0,295.0,40710.0,2024-03-26
2024032603008334,HLBSL,41,38,60.0,695.0,41700.0,2024-03-26
2024032603008333,MPFL,59,34,100.0,368.0,36800.0,2024-03-26
2024032603008332,HLBSL,43,66,150.0,694.1,104115.0,2024-03-26
2024032603008331,ALBSL,7,51,90.0,732.9,65961.0,2024-03-26
2024032603008330,ALBSL,7,41,10.0,732.0,7320.0,2024-03-26
2024032603008329,ALBSL,7,6,80.0,731.0,58480.0,2024-03-26
2024032603008328,ALBSL,7,22,10.0,730.0,7300.0,2024-03-26
2024032603008327,ALBSL,7,51,200.0,728.9,145780.0,2024-03-26
2024032603008326,ALBSL,7,52,10.0,728.9,7289.0,2024-03-26
2024032604009048,PMHPL,60,38,264.0,242.2,63940.8,2024-03-26
2024032604009047,PMHPL,57,38,136.0,243.0,33048.0,2024-03-26
2024032601026973,PCBL,28,32,100.0,192.2,19220.0,2024-03-26
2024032601026972,MSHL,38,49,10.0,618.0,6180.0,2024-03-26
2024032603008325,GUFL,5,52,30.0,860.6,25818.0,2024-03-26
2024032601026971,HDL,50,83,10.0,1528.0,15280.0,2024-03-26
2024032601026970,HDL,50,84,40.0,1528.0,61120.0,2024-03-26
2024032601026969,BNHC,58,80,120.0,490.0,58800.0,2024-03-26
2024032601026968,BNHC,21,80,41.0,490.0,20090.0,2024-03-26
2024032601026967,BNHC,21,80,19.0,490.0,9310.0,2024-03-26
2024032604009046,UPCL,42,57,2331.0,211.0,491841.0,2024-03-26
2024032603008324,SKBBL,57,38,249.0,837.0,208413.0,2024-03-26
2024032603008323,SKBBL,57,41,15.0,836.0,12540.0,2024-03-26
2024032603008322,SKBBL,57,45,36.0,836.0,30096.0,2024-03-26
2024032603008321,MLBL,38,34,710.0,328.0,232880.0,2024-03-26
2024032603008320,MLBL,38,17,50.0,327.8,16390.0,2024-03-26
2024032601026966,NWCL,58,58,10.0,744.0,7440.0,2024-03-26
2024032601026965,DORDI,60,17,20.0,464.0,9280.0,2024-03-26
2024032601026964,USHEC,58,42,350.0,362.0,126700.0,2024-03-26
2024032601026963,SPL,42,19,10.0,669.9,6699.0,2024-03-26
2024032601026962,SPL,42,42,20.0,669.0,13380.0,2024-03-26
2024032601026961,SPL,42,42,20.0,668.5,13370.0,2024-03-26
2024032601026960,VLUCL,19,17,10.0,520.0,5200.0,2024-03-26
2024032601026959,PPL,58,26,20.0,453.2,9064.0,2024-03-26
2024032601026958,PPL,58,26,540.0,453.2,244728.0,2024-03-26
2024032601026957,BNHC,32,34,10.0,495.0,4950.0,2024-03-26
2024032601026956,BNHC,32,35,10.0,495.0,4950.0,2024-03-26
2024032601026955,BNHC,32,64,90.0,494.0,44460.0,2024-03-26
2024032601026954,BNHC,32,17,10.0,493.0,4930.0,2024-03-26
2024032601026953,MMKJL,64,35,20.0,419.2,8384.0,2024-03-26
2024032601026952,SGHC,49,49,100.0,310.0,31000.0,2024-03-26
2024032601026951,DOLTI,25,21,10.0,430.1,4301.0,2024-03-26
2024032601026950,MBJC,58,57,10.0,314.0,3140.0,2024-03-26
2024032603008319,GMFBS,18,43,100.0,1029.5,102950.0,2024-03-26
2024032603008318,GMFBS,55,43,10.0,1030.0,10300.0,2024-03-26
2024032601026949,MHCL,47,46,10.0,446.9,4469.0,2024-03-26
2024032605004034,NIFRA,58,18,170.0,207.0,35190.0,2024-03-26
2024032605004033,NIFRA,17,18,30.0,207.0,6210.0,2024-03-26
2024032604009045,NGPL,6,22,30.0,312.9,9387.0,2024-03-26
2024032601026948,SHIVM,6,29,50.0,528.0,26400.0,2024-03-26
2024032601026947,SHIVM,44,29,50.0,528.0,26400.0,2024-03-26
2024032601026946,SHIVM,32,29,393.0,528.2,207582.6,2024-03-26
2024032601026945,TPC,45,44,10.0,515.0,5150.0,2024-03-26
2024032604009044,RHPL,45,14,64.0,280.0,17920.0,2024-03-26
2024032604009043,RHPL,45,57,10.0,280.0,2800.0,2024-03-26
2024032601026944,UHEWA,32,57,10.0,362.0,3620.0,2024-03-26
2024032601026943,UHEWA,32,11,90.0,361.0,32490.0,2024-03-26
2024032601026942,UHEWA,32,45,10.0,361.0,3610.0,2024-03-26
2024032601026941,UHEWA,32,49,10.0,360.0,3600.0,2024-03-26
2024032601026940,UHEWA,32,7,10.0,360.0,3600.0,2024-03-26
2024032601026939,UHEWA,32,5,30.0,359.0,10770.0,2024-03-26
2024032601026938,UHEWA,32,35,190.0,356.2,67678.0,2024-03-26
2024032603008317,NLIC,45,84,254.0,598.0,151892.0,2024-03-26
2024032603008316,NLIC,48,84,50.0,598.0,29900.0,2024-03-26
2024032603008315,NLIC,39,84,200.0,598.0,119600.0,2024-03-26
2024032603008314,NLIC,41,84,100.0,598.0,59800.0,2024-03-26
2024032603008313,NLIC,26,84,34.0,598.0,20332.0,2024-03-26
2024032603008312,NLIC,58,84,100.0,598.1,59810.0,2024-03-26
2024032603008311,NLIC,25,84,500.0,598.1,299050.0,2024-03-26
2024032603008310,NLIC,6,84,229.0,598.1,136964.9,2024-03-26
2024032603008309,NLIC,38,84,33.0,598.3,19743.9,2024-03-26
2024032601026937,PHCL,33,35,10.0,330.0,3300.0,2024-03-26
2024032601026936,ILI,55,22,10.0,532.0,5320.0,2024-03-26
2024032601026935,ILI,55,38,10.0,532.0,5320.0,2024-03-26
2024032601026934,ILI,55,58,10.0,531.5,5315.0,2024-03-26
2024032604009042,RIDI,7,26,50.0,186.0,9300.0,2024-03-26
2024032604009041,NGPL,14,22,70.0,312.9,21903.0,2024-03-26
2024032604009040,NGPL,14,58,40.0,312.9,12516.0,2024-03-26
2024032604009039,NGPL,14,67,190.0,312.9,59451.0,2024-03-26
2024032601026933,SBL,33,14,32.0,220.0,7040.0,2024-03-26
2024032601026932,SBL,42,14,89.0,220.0,19580.0,2024-03-26
2024032601026931,SBL,58,14,125.0,220.1,27512.5,2024-03-26
2024032601026930,SBL,32,14,50.0,220.1,11005.0,2024-03-26
2024032601026929,SBL,58,14,32.0,221.0,7072.0,2024-03-26
2024032604009038,AHPC,49,38,80.0,177.2,14176.0,2024-03-26
2024032604009037,HURJA,4,58,180.0,292.0,52560.0,2024-03-26
2024032604009036,HURJA,49,58,120.0,292.1,35052.0,2024-03-26
2024032604009035,RADHI,43,16,14.0,242.0,3388.0,2024-03-26
2024032601026928,DOLTI,25,34,200.0,430.1,86020.0,2024-03-26
2024032603008308,SADBL,46,29,500.0,302.0,151000.0,2024-03-26
2024032601026927,RNLI,47,29,10.0,439.6,4396.0,2024-03-26
2024032603008307,MPFL,49,8,135.0,367.5,49612.5,2024-03-26
2024032603008306,USLB,62,43,78.0,1715.0,133770.0,2024-03-26
2024032605004032,NTC,7,42,140.0,848.0,118720.0,2024-03-26
2024032604009034,HDHPC,25,22,490.0,138.9,68061.0,2024-03-26
2024032604009033,HDHPC,25,17,510.0,138.5,70635.0,2024-03-26
2024032604009032,UPPER,21,36,18.0,176.9,3184.2,2024-03-26
2024032604009031,UPPER,21,38,272.0,176.9,48116.8,2024-03-26
2024032604009030,UPPER,21,56,10.0,176.8,1768.0,2024-03-26
2024032601026926,KBL,34,25,30.0,140.0,4200.0,2024-03-26
2024032601026925,MKHL,34,17,10.0,378.0,3780.0,2024-03-26
2024032603008305,KSBBL,53,34,1708.0,360.0,614880.0,2024-03-26
2024032603008304,KSBBL,49,34,68.0,360.0,24480.0,2024-03-26
2024032603008303,KSBBL,51,34,24.0,361.1,8666.4,2024-03-26
2024032603008302,KSBBL,53,34,89.0,361.3,32155.7,2024-03-26
2024032603008301,KSBBL,45,34,95.0,361.5,34342.5,2024-03-26
2024032603008300,KSBBL,40,34,16.0,361.5,5784.0,2024-03-26
2024032603008299,KRBL,14,45,15.0,412.0,6180.0,2024-03-26
2024032603008298,PMLI,71,32,10.0,520.0,5200.0,2024-03-26
2024032603008297,ALBSL,46,74,100.0,719.4,71940.0,2024-03-26
2024032603008296,ALBSL,28,74,100.0,719.7,71970.0,2024-03-26
2024032603008295,ALBSL,58,74,18.0,720.0,12960.0,2024-03-26
2024032601026924,MBL,49,62,1061.0,178.0,188858.0,2024-03-26
2024032601026923,MBL,58,62,350.0,178.0,62300.0,2024-03-26
2024032601026922,MBL,57,62,100.0,178.0,17800.0,2024-03-26
2024032601026921,MBL,6,62,100.0,178.0,17800.0,2024-03-26
2024032601026920,MBL,34,62,10.0,178.0,1780.0,2024-03-26
2024032601026919,MBL,41,62,30.0,178.0,5340.0,2024-03-26
2024032601026918,MBL,41,62,13.0,178.0,2314.0,2024-03-26
2024032601026917,MBL,21,62,250.0,178.5,44625.0,2024-03-26
2024032601026916,MBL,7,62,978.0,178.5,174573.0,2024-03-26
2024032601026915,MEHL,28,33,40.0,297.8,11912.0,2024-03-26
2024032603008294,USLB,33,38,10.0,1714.0,17140.0,2024-03-26
2024032604009029,RIDI,58,38,85.0,185.8,15793.0,2024-03-26
2024032601026914,GCIL,88,49,45.0,518.0,23310.0,2024-03-26
2024032604009028,JOSHI,71,17,100.0,353.0,35300.0,2024-03-26
2024032604009027,DHPL,54,11,65.0,198.0,12870.0,2024-03-26
2024032603008293,KLBSL,58,26,30.0,919.0,27570.0,2024-03-26
2024032603008292,BFC,53,43,10.0,350.0,3500.0,2024-03-26
2024032604009026,SPDL,13,29,20.0,248.0,4960.0,2024-03-26
2024032601026913,BNHC,21,29,41.0,490.0,20090.0,2024-03-26
2024032601026912,BNHC,44,29,59.0,490.1,28915.9,2024-03-26
2024032601026911,GCIL,88,32,10.0,518.0,5180.0,2024-03-26
2024032601026910,GCIL,88,42,11.0,518.0,5698.0,2024-03-26
2024032601026909,GCIL,88,88,16.0,516.2,8259.2,2024-03-26
2024032601026908,GCIL,45,88,200.0,516.3,103260.0,2024-03-26
2024032601026907,GCIL,19,88,200.0,516.5,103300.0,2024-03-26
2024032601026906,GCIL,48,88,360.0,516.6,185976.0,2024-03-26
2024032601026905,GCIL,71,88,24.0,517.0,12408.0,2024-03-26
2024032603008291,MLBSL,5,3,10.0,1700.0,17000.0,2024-03-26
2024032605004031,NRN,28,88,185.0,534.3,98845.5,2024-03-26
2024032601026904,NWCL,38,42,50.0,747.9,37395.0,2024-03-26
2024032605004030,NRIC,39,6,10.0,735.0,7350.0,2024-03-26
2024032601026903,HHL,49,21,50.0,368.0,18400.0,2024-03-26
2024032601026902,SHIVM,69,8,100.0,530.0,53000.0,2024-03-26
2024032603008290,HLBSL,43,17,500.0,694.1,347050.0,2024-03-26
2024032604009025,SHPC,42,45,50.0,341.0,17050.0,2024-03-26
2024032601026901,PHCL,58,58,510.0,331.0,168810.0,2024-03-26
2024032603008289,GBBL,58,16,10.0,375.7,3757.0,2024-03-26
2024032601026900,NIMB,7,32,590.0,160.5,94695.0,2024-03-26
2024032601026899,NIMB,26,32,200.0,160.5,32100.0,2024-03-26
2024032601026898,NIMB,7,32,210.0,160.5,33705.0,2024-03-26
2024032604009024,RADHI,1,16,100.0,242.0,24200.0,2024-03-26
2024032604009023,RADHI,41,16,30.0,242.0,7260.0,2024-03-26
2024032604009022,RADHI,57,16,100.0,242.0,24200.0,2024-03-26
2024032604009021,SHPC,66,45,243.0,341.0,82863.0,2024-03-26
2024032603008288,KLBSL,61,39,470.0,892.0,419240.0,2024-03-26
2024032603008287,KLBSL,61,39,130.0,892.0,115960.0,2024-03-26
2024032603008286,CFCL,1,29,41.0,351.0,14391.0,2024-03-26
2024032601026897,SHLB,26,40,10.0,982.0,9820.0,2024-03-26
2024032604009020,SGIC,42,55,10.0,526.0,5260.0,2024-03-26
2024032601026896,MHCL,86,46,10.0,446.9,4469.0,2024-03-26
2024032604009019,JOSHI,71,58,10.0,353.0,3530.0,2024-03-26
2024032604009018,JOSHI,71,58,100.0,353.1,35310.0,2024-03-26
2024032601026895,ILI,65,58,10.0,531.3,5313.0,2024-03-26
2024032604009017,NGPL,58,67,20.0,312.9,6258.0,2024-03-26
2024032601026894,DLBS,49,34,11.0,1399.0,15389.0,2024-03-26
2024032601026893,CKHL,36,64,60.0,601.0,36060.0,2024-03-26
2024032601026892,NRM,50,39,463.0,383.1,177375.3,2024-03-26
2024032601026891,NRM,57,39,37.0,383.1,14174.7,2024-03-26
2024032601026890,SMH,39,18,10.0,691.9,6919.0,2024-03-26
2024032601026889,ILI,65,49,10.0,531.3,5313.0,2024-03-26
2024032601026888,HBL,41,56,53.0,190.0,10070.0,2024-03-26
2024032601026887,HBL,22,56,47.0,190.0,8930.0,2024-03-26
2024032601026886,SONA,67,34,10.0,484.5,4845.0,2024-03-26
2024032601026885,SONA,6,34,10.0,484.5,4845.0,2024-03-26
2024032601026884,EHPL,18,61,10.0,443.0,4430.0,2024-03-26
2024032601026883,HDL,35,84,10.0,1528.0,15280.0,2024-03-26
2024032603008285,NABBC,32,57,60.0,416.2,24972.0,2024-03-26
2024032601026882,DORDI,72,58,10.0,465.0,4650.0,2024-03-26
2024032604009016,SHL,22,39,100.0,442.6,44260.0,2024-03-26
2024032601026881,SBL,17,46,20.0,222.0,4440.0,2024-03-26
2024032601026880,PPL,58,42,255.0,453.2,115566.0,2024-03-26
2024032604009015,UPPER,41,44,775.0,176.5,136787.5,2024-03-26
2024032603008284,GUFL,5,47,50.0,860.6,43030.0,2024-03-26
2024032604009014,API,33,25,178.0,179.0,31862.0,2024-03-26
2024032601026879,MHL,26,34,455.0,395.0,179725.0,2024-03-26
2024032603008283,NLICL,34,57,10.0,563.8,5638.0,2024-03-26
2024032603008282,NMFBS,26,40,91.0,1131.8,102993.8,2024-03-26
2024032604009013,NIL,58,14,35.0,819.0,28665.0,2024-03-26
2024032604009012,NIL,58,5,15.0,819.0,12285.0,2024-03-26
2024032604009011,LEC,11,8,10.0,187.4,1874.0,2024-03-26
2024032605004029,NRN,54,72,20.0,533.1,10662.0,2024-03-26
2024032605004028,NRN,11,72,30.0,533.2,15996.0,2024-03-26
2024032605004027,NRN,25,72,250.0,533.3,133325.0,2024-03-26
2024032605004026,NRN,65,72,200.0,533.4,106680.0,2024-03-26
2024032601026878,BHL,64,4,120.0,354.0,42480.0,2024-03-26
2024032601026877,BHL,64,13,30.0,353.9,10617.0,2024-03-26
2024032601026876,SHIVM,77,8,10.0,530.0,5300.0,2024-03-26
2024032601026875,HHL,42,44,500.0,369.0,184500.0,2024-03-26
2024032601026874,HHL,42,49,500.0,369.0,184500.0,2024-03-26
2024032603008281,SKBBL,40,54,49.0,833.3,40831.7,2024-03-26
2024032603008280,SKBBL,42,54,77.0,833.4,64171.8,2024-03-26
2024032603008279,NLIC,38,70,67.0,598.3,40086.1,2024-03-26
2024032603008278,NLIC,41,70,36.0,598.3,21538.8,2024-03-26
2024032601026873,SRLI,38,44,300.0,445.0,133500.0,2024-03-26
2024032601026872,NRM,57,19,300.0,383.1,114930.0,2024-03-26
2024032603008277,SJLIC,58,58,4.0,505.0,2020.0,2024-03-26
2024032605004025,HIDCL,19,11,60.0,170.3,10218.0,2024-03-26
2024032605004024,HIDCL,57,11,53.0,170.3,9025.9,2024-03-26
2024032601026871,JALPA,29,58,11.0,1210.0,13310.0,2024-03-26
2024032604009010,NIL,32,5,85.0,819.0,69615.0,2024-03-26
2024032603008276,USLB,33,57,29.0,1714.0,49706.0,2024-03-26
2024032601026870,CKHL,7,64,10.0,601.0,6010.0,2024-03-26
2024032603008275,HLI,36,81,100.0,402.2,40220.0,2024-03-26
2024032601026869,SONA,25,72,125.0,485.0,60625.0,2024-03-26
2024032604009009,CGH,32,38,14.0,822.0,11508.0,2024-03-26
2024032604009008,CGH,58,38,36.0,822.0,29592.0,2024-03-26
2024032603008274,BFC,57,1,105.0,348.3,36571.5,2024-03-26
2024032601026868,KBSH,57,48,10.0,1025.0,10250.0,2024-03-26
2024032604009007,GHL,35,19,1700.0,155.2,263840.0,2024-03-26
2024032604009006,GHL,58,19,100.0,155.3,15530.0,2024-03-26
2024032604009005,GHL,57,19,200.0,155.3,31060.0,2024-03-26
2024032601026867,BGWT,18,50,75.0,619.1,46432.5,2024-03-26
2024032601026866,BGWT,54,50,15.0,619.5,9292.5,2024-03-26
2024032601026865,BGWT,38,50,40.0,619.5,24780.0,2024-03-26
2024032601026864,BGWT,21,50,20.0,621.0,12420.0,2024-03-26
2024032601026863,SARBTM,38,57,50.0,895.1,44755.0,2024-03-26
2024032605004023,NIFRA,17,41,10.0,207.0,2070.0,2024-03-26
2024032601026862,PHCL,33,49,90.0,330.0,29700.0,2024-03-26
2024032604009004,KPCL,49,34,50.0,423.4,21170.0,2024-03-26
2024032604009003,KPCL,49,57,13.0,423.0,5499.0,2024-03-26
2024032604009002,KPCL,49,49,20.0,423.0,8460.0,2024-03-26
2024032604009001,KPCL,49,43,366.0,421.0,154086.0,2024-03-26
2024032604009000,KPCL,49,26,13.0,421.0,5473.0,2024-03-26
2024032604008999,KPCL,49,41,50.0,420.2,21010.0,2024-03-26
2024032604008998,KPCL,49,19,50.0,420.0,21000.0,2024-03-26
2024032604008997,KPCL,49,32,50.0,420.0,21000.0,2024-03-26
2024032604008996,KPCL,49,35,50.0,420.0,21000.0,2024-03-26
2024032604008995,KPCL,49,21,50.0,416.9,20845.0,2024-03-26
2024032604008994,KPCL,49,52,200.0,416.2,83240.0,2024-03-26
2024032604008993,KPCL,49,38,13.0,416.0,5408.0,2024-03-26
2024032604008992,KPCL,49,25,122.0,416.0,50752.0,2024-03-26
2024032604008991,KPCL,49,49,13.0,415.0,5395.0,2024-03-26
2024032604008990,KPCL,49,22,13.0,413.8,5379.4,2024-03-26
2024032604008989,KPCL,49,50,500.0,413.0,206500.0,2024-03-26
2024032604008988,KPCL,49,57,280.0,413.0,115640.0,2024-03-26
2024032604008987,KPCL,49,50,800.0,412.9,330320.0,2024-03-26
2024032605004022,HRL,49,46,10.0,608.0,6080.0,2024-03-26
2024032605004021,HRL,49,21,10.0,608.0,6080.0,2024-03-26
2024032603008273,GLBSL,13,19,10.0,1318.0,13180.0,2024-03-26
2024032603008272,KRBL,14,56,30.0,412.0,12360.0,2024-03-26
2024032603008271,KRBL,42,56,470.0,412.0,193640.0,2024-03-26
2024032601026861,PHCL,33,58,1000.0,331.0,331000.0,2024-03-26
2024032601026860,ILI,65,32,10.0,531.3,5313.0,2024-03-26
2024032603008270,KRBL,60,34,78.0,413.9,32284.2,2024-03-26
2024032603008269,KRBL,60,36,30.0,413.8,12414.0,2024-03-26
2024032603008268,NLIC,22,72,166.0,599.9,99583.4,2024-03-26
2024032603008267,MPFL,49,38,10.0,367.5,3675.0,2024-03-26
2024032604008986,RURU,4,34,10.0,685.0,6850.0,2024-03-26
2024032601026859,MEL,63,29,10.0,217.4,2174.0,2024-03-26
2024032603008266,MLBL,25,29,315.0,326.2,102753.0,2024-03-26
2024032603008265,MLBL,58,29,35.0,326.3,11420.5,2024-03-26
2024032603008264,GFCL,52,71,10.0,468.0,4680.0,2024-03-26
2024032604008985,UNHPL,13,51,1000.0,238.3,238300.0,2024-03-26
2024032604008984,BARUN,45,16,541.0,242.0,130922.0,2024-03-26
2024032604008983,BARUN,17,16,500.0,242.1,121050.0,2024-03-26
2024032604008982,BARUN,74,16,159.0,242.1,38493.9,2024-03-26
2024032604008981,BARUN,58,16,500.0,242.2,121100.0,2024-03-26
2024032604008980,BARUN,87,16,1000.0,242.3,242300.0,2024-03-26
2024032604008979,BARUN,52,16,200.0,242.5,48500.0,2024-03-26
2024032604008978,BARUN,42,16,100.0,243.0,24300.0,2024-03-26
2024032601026858,SHIVM,69,8,10.0,530.0,5300.0,2024-03-26
2024032604008977,HDHPC,42,48,287.0,138.3,39692.1,2024-03-26
2024032601026857,NABIL,37,34,260.0,442.0,114920.0,2024-03-26
2024032603008263,NMBMF,45,34,10.0,582.0,5820.0,2024-03-26
2024032603008262,CBBL,57,45,16.0,847.0,13552.0,2024-03-26
2024032601026856,PPL,58,11,10.0,453.2,4532.0,2024-03-26
2024032604008976,JOSHI,14,54,40.0,354.0,14160.0,2024-03-26
2024032604008975,RIDI,58,21,90.0,185.8,16722.0,2024-03-26
2024032605004020,HRL,38,21,10.0,608.0,6080.0,2024-03-26
2024032601026855,UHEWA,57,42,10.0,356.0,3560.0,2024-03-26
2024032603008261,SJLIC,58,42,11.0,505.0,5555.0,2024-03-26
2024032603008260,SJLIC,38,42,19.0,505.0,9595.0,2024-03-26
2024032601026854,AHL,18,34,100.0,439.0,43900.0,2024-03-26
2024032601026853,VLUCL,19,58,40.0,520.0,20800.0,2024-03-26
2024032601026852,VLUCL,19,19,10.0,520.0,5200.0,2024-03-26
2024032601026851,DOLTI,25,67,42.0,430.1,18064.2,2024-03-26
2024032601026850,DOLTI,19,67,225.0,430.1,96772.5,2024-03-26
2024032601026849,DOLTI,62,67,233.0,430.1,100213.3,2024-03-26
2024032603008259,CBBL,57,82,10.0,849.0,8490.0,2024-03-26
2024032604008974,NGPL,51,25,50.0,312.5,15625.0,2024-03-26
2024032603008258,LICN,34,52,10.0,1350.0,13500.0,2024-03-26
2024032604008973,SHL,22,26,100.0,442.6,44260.0,2024-03-26
2024032601026848,BNHC,44,52,10.0,490.1,4901.0,2024-03-26
2024032605004019,HRL,55,35,10.0,607.9,6079.0,2024-03-26
2024032601026847,PHCL,33,58,15.0,330.0,4950.0,2024-03-26
2024032601026846,SHIVM,32,29,97.0,528.2,51235.4,2024-03-26
2024032601026845,SHIVM,19,29,75.0,528.5,39637.5,2024-03-26
2024032601026844,SHIVM,55,29,30.0,529.0,15870.0,2024-03-26
2024032601026843,SHIVM,35,29,100.0,529.0,52900.0,2024-03-26
2024032601026842,SHIVM,42,29,40.0,529.0,21160.0,2024-03-26
2024032601026841,SHIVM,45,29,50.0,529.0,26450.0,2024-03-26
2024032601026840,SHIVM,8,29,50.0,529.0,26450.0,2024-03-26
2024032601026839,SHIVM,33,29,30.0,529.0,15870.0,2024-03-26
2024032601026838,SHIVM,64,29,28.0,529.0,14812.0,2024-03-26
2024032603008257,JBBL,7,42,65.0,296.0,19240.0,2024-03-26
2024032603008256,JBBL,7,58,185.0,296.0,54760.0,2024-03-26
2024032601026837,LSL,22,48,10.0,160.0,1600.0,2024-03-26
2024032603008255,KLBSL,61,39,70.0,892.0,62440.0,2024-03-26
2024032603008254,KLBSL,29,39,390.0,893.1,348309.0,2024-03-26
2024032603008253,KLBSL,6,39,50.0,893.1,44655.0,2024-03-26
2024032603008252,KLBSL,38,39,10.0,893.3,8933.0,2024-03-26
2024032603008251,KLBSL,34,39,20.0,894.6,17892.0,2024-03-26
2024032603008250,KLBSL,26,39,10.0,895.0,8950.0,2024-03-26
2024032603008249,KLBSL,41,39,40.0,895.0,35800.0,2024-03-26
2024032603008248,KLBSL,57,39,10.0,896.0,8960.0,2024-03-26
2024032603008247,KLBSL,13,39,400.0,896.0,358400.0,2024-03-26
2024032603008246,RLFL,45,40,3176.0,365.0,1159240.0,2024-03-26
2024032603008245,RLFL,14,40,74.0,365.2,27024.8,2024-03-26
2024032601026836,SHIVM,64,42,500.0,529.0,264500.0,2024-03-26
2024032603008244,WNLB,11,66,10.0,1070.0,10700.0,2024-03-26
2024032601026835,SHIVM,64,41,25.0,529.0,13225.0,2024-03-26
2024032601026834,SNLI,52,58,40.0,606.3,24252.0,2024-03-26
2024032601026833,SNLI,45,58,10.0,606.4,6064.0,2024-03-26
2024032604008972,NGPL,7,67,250.0,312.9,78225.0,2024-03-26
2024032603008243,LBBL,4,38,180.0,381.0,68580.0,2024-03-26
2024032603008242,LBBL,57,38,30.0,381.1,11433.0,2024-03-26
2024032603008241,LBBL,22,38,290.0,381.2,110548.0,2024-03-26
2024032604008971,RBCL,38,38,10.0,13900.0,139000.0,2024-03-26
2024032601026832,ADBL,52,48,244.0,233.4,56949.6,2024-03-26
2024032601026831,MEL,91,18,10.0,219.0,2190.0,2024-03-26
2024032601026830,MEL,91,42,120.0,219.0,26280.0,2024-03-26
2024032601026829,MEL,91,52,870.0,219.0,190530.0,2024-03-26
2024032601026828,MBL,29,6,94.0,178.9,16816.6,2024-03-26
2024032601026827,MBL,29,14,280.0,178.9,50092.0,2024-03-26
2024032601026826,MBL,29,57,126.0,178.7,22516.2,2024-03-26
2024032605004018,CMF1,43,29,1550.0,9.14,14167.0,2024-03-26
2024032601026825,CLI,88,58,10.0,450.4,4504.0,2024-03-26
2024032604008970,NGPL,51,58,10.0,312.5,3125.0,2024-03-26
2024032601026824,MKCL,57,14,20.0,939.5,18790.0,2024-03-26
2024032603008240,SWMF,22,22,20.0,734.0,14680.0,2024-03-26
2024032601026823,USHL,21,52,100.0,477.0,47700.0,2024-03-26
2024032601026822,NICA,43,14,14.0,412.0,5768.0,2024-03-26
2024032601026821,NICA,43,38,26.0,412.0,10712.0,2024-03-26
2024032601026820,NICA,43,52,10.0,412.0,4120.0,2024-03-26
2024032603008239,FMDBL,36,34,120.0,613.0,73560.0,2024-03-26
2024032601026819,HHL,10,26,50.0,365.1,18255.0,2024-03-26
2024032601026818,HHL,74,26,200.0,365.1,73020.0,2024-03-26
2024032601026817,HHL,44,26,250.0,365.2,91300.0,2024-03-26
2024032601026816,HHL,52,26,200.0,366.0,73200.0,2024-03-26
2024032601026815,HHL,50,26,260.0,367.1,95446.0,2024-03-26
2024032601026814,HHL,32,26,40.0,367.2,14688.0,2024-03-26
2024032604008969,SHPC,44,45,136.0,341.0,46376.0,2024-03-26
2024032603008238,NFS,6,59,478.0,392.0,187376.0,2024-03-26
2024032603008237,NFS,6,36,22.0,390.2,8584.4,2024-03-26
2024032601026813,MHCL,34,37,100.0,445.2,44520.0,2024-03-26
2024032604008968,CGH,58,1,33.0,822.0,27126.0,2024-03-26
2024032604008967,CGH,51,1,27.0,822.0,22194.0,2024-03-26
2024032601026812,SHIVM,69,8,10.0,530.0,5300.0,2024-03-26
2024032603008236,GUFL,17,3,100.0,860.5,86050.0,2024-03-26
2024032604008966,CGH,4,14,40.0,823.0,32920.0,2024-03-26
2024032603008235,RLFL,18,59,10.0,368.0,3680.0,2024-03-26
2024032605004017,NIFRA,59,41,48.0,207.0,9936.0,2024-03-26
2024032605004016,NIFRA,21,41,45.0,207.5,9337.5,2024-03-26
2024032605004015,NIFRA,41,41,20.0,207.5,4150.0,2024-03-26
2024032605004014,NIFRA,42,41,376.0,207.5,78020.0,2024-03-26
2024032604008965,SGIC,45,7,10.0,525.4,5254.0,2024-03-26
2024032603008234,WNLB,25,45,12.0,1089.3,13071.6,2024-03-26
2024032603008233,WNLB,25,88,80.0,1089.3,87144.0,2024-03-26
2024032603008232,WNLB,25,48,100.0,1088.0,108800.0,2024-03-26
2024032604008964,JOSHI,49,54,50.0,354.0,17700.0,2024-03-26
2024032601026811,NWCL,49,58,10.0,748.0,7480.0,2024-03-26
2024032603008231,JFL,42,22,100.0,388.0,38800.0,2024-03-26
2024032603008230,JBBL,7,34,112.0,295.0,33040.0,2024-03-26
2024032603008229,JBBL,42,34,100.0,295.1,29510.0,2024-03-26
2024032603008228,SABSL,32,46,18.0,704.0,12672.0,2024-03-26
2024032601026810,BNHC,44,29,31.0,490.1,15193.1,2024-03-26
2024032601026809,BNHC,22,29,19.0,490.2,9313.8,2024-03-26
2024032604008963,NGPL,88,58,3000.0,312.0,936000.0,2024-03-26
2024032601026808,USHEC,58,36,50.0,358.6,17930.0,2024-03-26
2024032601026807,USHEC,13,36,70.0,358.6,25102.0,2024-03-26
2024032601026806,SHIVM,77,8,10.0,530.0,5300.0,2024-03-26
2024032601026805,UHEWA,53,35,10.0,356.2,3562.0,2024-03-26
2024032604008962,GHL,57,59,22.0,156.0,3432.0,2024-03-26
2024032604008961,GHL,57,38,878.0,156.0,136968.0,2024-03-26
2024032601026804,HHL,59,42,50.0,368.0,18400.0,2024-03-26
2024032601026803,HHL,59,65,250.0,368.0,92000.0,2024-03-26
2024032601026802,ILI,65,38,10.0,531.3,5313.0,2024-03-26
2024032601026801,SRLI,38,21,10.0,445.0,4450.0,2024-03-26
2024032601026800,SRLI,38,58,10.0,445.0,4450.0,2024-03-26
2024032601026799,PHCL,33,38,10.0,330.0,3300.0,2024-03-26
2024032605004013,NTC,42,42,10.0,848.0,8480.0,2024-03-26
2024032601026798,USHL,56,52,10.0,477.0,4770.0,2024-03-26
2024032601026797,NABIL,37,45,50.0,442.0,22100.0,2024-03-26
2024032601026796,ILI,65,29,10.0,531.3,5313.0,2024-03-26
2024032601026795,SONA,6,36,30.0,484.5,14535.0,2024-03-26
2024032601026794,HATHY,34,21,73.0,880.2,64254.6,2024-03-26
2024032601026793,HATHY,25,21,19.0,880.2,16723.8,2024-03-26
2024032601026792,CKHL,49,64,16.0,601.0,9616.0,2024-03-26
2024032601026791,GVL,49,49,10.0,429.0,4290.0,2024-03-26
2024032603008227,USLB,62,43,10.0,1715.0,17150.0,2024-03-26
2024032601026790,SMJC,46,11,15.0,370.0,5550.0,2024-03-26
2024032601026789,CZBIL,6,32,20.0,160.0,3200.0,2024-03-26
2024032604008960,UPCL,42,35,69.0,211.0,14559.0,2024-03-26
2024032604008959,UPCL,72,35,51.0,211.3,10776.3,2024-03-26
2024032601026788,ILI,65,7,10.0,531.3,5313.0,2024-03-26
2024032601026787,NBL,16,57,400.0,220.6,88240.0,2024-03-26
2024032603008226,LBBL,22,58,10.0,381.2,3812.0,2024-03-26
2024032603008225,LBBL,58,28,10.0,382.0,3820.0,2024-03-26
2024032601026786,SHIVM,69,8,10.0,530.0,5300.0,2024-03-26
2024032604008958,DHPL,54,42,935.0,197.0,184195.0,2024-03-26
2024032601026785,CLI,62,42,199.0,451.0,89749.0,2024-03-26
2024032601026784,CLI,32,42,500.0,451.0,225500.0,2024-03-26
2024032601026783,CLI,60,42,480.0,451.1,216528.0,2024-03-26
2024032601026782,CLI,39,42,310.0,451.2,139872.0,2024-03-26
2024032604008957,JOSHI,71,42,35.0,353.0,12355.0,2024-03-26
2024032604008956,JOSHI,6,42,50.0,353.0,17650.0,2024-03-26
2024032604008955,JOSHI,52,42,50.0,353.0,17650.0,2024-03-26
2024032604008954,JOSHI,59,42,100.0,353.1,35310.0,2024-03-26
2024032604008953,JOSHI,34,42,65.0,353.2,22958.0,2024-03-26
2024032604008952,HEI,13,45,10.0,585.0,5850.0,2024-03-26
2024032605004012,HRL,55,56,10.0,607.9,6079.0,2024-03-26
2024032603008224,SADBL,50,11,20.0,303.0,6060.0,2024-03-26
2024032601026781,SONA,6,58,10.0,484.4,4844.0,2024-03-26
2024032604008951,PRIN,94,49,50.0,770.0,38500.0,2024-03-26
2024032604008950,PRIN,94,56,98.0,770.0,75460.0,2024-03-26
2024032604008949,PRIN,94,36,25.0,769.9,19247.5,2024-03-26
2024032604008948,PRIN,94,58,80.0,769.0,61520.0,2024-03-26
2024032601026780,SHIVM,64,35,68.0,529.0,35972.0,2024-03-26
2024032601026779,SRLI,45,39,10.0,444.5,4445.0,2024-03-26
2024032601026778,CKHL,49,64,100.0,601.0,60100.0,2024-03-26
2024032605004011,CIT,1,54,23.0,2106.0,48438.0,2024-03-26
2024032605004010,CIT,21,54,11.0,2107.0,23177.0,2024-03-26
2024032605004009,CIT,25,54,14.0,2107.0,29498.0,2024-03-26
2024032605004008,CIT,22,54,50.0,2107.0,105350.0,2024-03-26
2024032605004007,CIT,88,54,10.0,2107.2,21072.0,2024-03-26
2024032605004006,CIT,58,54,10.0,2107.2,21072.0,2024-03-26
2024032605004005,CIT,42,54,100.0,2107.3,210730.0,2024-03-26
2024032605004004,CIT,58,54,10.0,2110.0,21100.0,2024-03-26
2024032605004003,CIT,57,54,10.0,2110.0,21100.0,2024-03-26
2024032605004002,CIT,58,54,10.0,2111.0,21110.0,2024-03-26
2024032601026777,TPC,57,17,25.0,513.0,12825.0,2024-03-26
2024032601026776,TPC,57,45,10.0,513.0,5130.0,2024-03-26
2024032601026775,TPC,57,77,10.0,513.0,5130.0,2024-03-26
2024032601026774,USHEC,58,57,10.0,362.0,3620.0,2024-03-26
2024032601026773,SONA,22,45,40.0,484.0,19360.0,2024-03-26
2024032605004001,NTC,47,39,10.0,847.4,8474.0,2024-03-26
2024032604008947,LEC,82,86,140.0,185.0,25900.0,2024-03-26
2024032603008223,MNBBL,44,42,735.0,353.0,259455.0,2024-03-26
2024032603008222,NICLBSL,45,18,20.0,610.0,12200.0,2024-03-26
2024032605004000,CIT,80,77,200.0,2115.0,423000.0,2024-03-26
2024032604008946,NICL,34,25,16.0,839.0,13424.0,2024-03-26
2024032604008945,NICL,34,38,36.0,835.1,30063.6,2024-03-26
2024032601026772,MKHC,5,21,10.0,294.0,2940.0,2024-03-26
2024032603008221,PROFL,22,59,60.0,319.0,19140.0,2024-03-26
2024032603008220,PROFL,32,59,50.0,319.0,15950.0,2024-03-26
2024032603008219,PROFL,41,59,290.0,319.6,92684.0,2024-03-26
2024032601026771,SONA,22,45,10.0,484.0,4840.0,2024-03-26
2024032601026770,SHIVM,64,43,170.0,529.0,89930.0,2024-03-26
2024032601026769,SONA,42,45,210.0,484.0,101640.0,2024-03-26
2024032604008944,SHL,7,16,100.0,443.0,44300.0,2024-03-26
2024032604008943,KKHC,11,41,190.0,236.0,44840.0,2024-03-26
2024032604008942,KKHC,57,41,10.0,236.1,2361.0,2024-03-26
2024032601026768,UHEWA,41,7,10.0,356.0,3560.0,2024-03-26
2024032601026767,SNLI,45,58,10.0,606.5,6065.0,2024-03-26
2024032604008941,UPPER,49,48,200.0,176.4,35280.0,2024-03-26
2024032604008940,KKHC,57,43,90.0,236.1,21249.0,2024-03-26
2024032604008939,NGPL,88,42,657.0,312.0,204984.0,2024-03-26
2024032604008938,NGPL,36,42,200.0,312.1,62420.0,2024-03-26
2024032604008937,NGPL,45,42,16.0,312.1,4993.6,2024-03-26
2024032604008936,NGPL,47,42,127.0,312.5,39687.5,2024-03-26
2024032601026766,KDL,42,32,10.0,791.0,7910.0,2024-03-26
2024032604008935,HEI,42,45,20.0,585.0,11700.0,2024-03-26
2024032605003999,NRN,3,88,200.0,534.3,106860.0,2024-03-26
2024032605003998,NRN,51,88,290.0,534.5,155005.0,2024-03-26
2024032605003997,NRN,6,88,500.0,534.7,267350.0,2024-03-26
2024032605003996,NRN,32,88,50.0,534.8,26740.0,2024-03-26
2024032605003995,NRN,6,88,43.0,534.8,22996.4,2024-03-26
2024032604008934,CHL,5,35,200.0,295.0,59000.0,2024-03-26
2024032601026765,MEL,38,52,10.0,219.0,2190.0,2024-03-26
2024032601026764,MKHC,59,43,291.0,292.9,85233.9,2024-03-26
2024032601026763,MKHC,29,43,100.0,293.0,29300.0,2024-03-26
2024032601026762,MKHC,55,43,300.0,293.0,87900.0,2024-03-26
2024032601026761,MKHC,42,43,99.0,293.0,29007.0,2024-03-26
2024032601026760,MKHC,48,43,490.0,293.1,143619.0,2024-03-26
2024032601026759,MKHC,22,43,30.0,293.5,8805.0,2024-03-26
2024032601026758,MKHC,35,43,90.0,293.5,26415.0,2024-03-26
2024032603008218,GFCL,29,49,100.0,464.0,46400.0,2024-03-26
2024032603008217,GFCL,11,49,29.0,465.0,13485.0,2024-03-26
2024032603008216,GFCL,35,49,50.0,465.0,23250.0,2024-03-26
2024032603008215,GFCL,21,49,22.0,465.0,10230.0,2024-03-26
2024032603008214,GFCL,22,49,38.0,465.1,17673.8,2024-03-26
2024032603008213,GFCL,34,49,60.0,466.0,27960.0,2024-03-26
2024032601026757,USHL,18,52,10.0,477.0,4770.0,2024-03-26
2024032601026756,ILI,34,35,10.0,532.0,5320.0,2024-03-26
2024032601026755,ILI,34,62,10.0,532.0,5320.0,2024-03-26
2024032601026754,ILI,34,56,40.0,532.0,21280.0,2024-03-26
2024032601026753,IHL,58,37,40.0,364.0,14560.0,2024-03-26
2024032601026752,GCIL,17,58,7.0,506.8,3547.6,2024-03-26
2024032603008212,MERO,49,25,34.0,619.0,21046.0,2024-03-26
2024032603008211,MERO,49,57,100.0,618.9,61890.0,2024-03-26
2024032601026751,KDL,42,32,53.0,791.0,41923.0,2024-03-26
2024032601026750,KDL,19,32,100.0,791.1,79110.0,2024-03-26
2024032603008210,KRBL,13,16,100.0,412.1,41210.0,2024-03-26
2024032604008933,UPPER,45,5,50.0,176.4,8820.0,2024-03-26
2024032601026749,NRM,36,39,480.0,383.0,183840.0,2024-03-26
2024032601026748,NRM,61,39,100.0,383.0,38300.0,2024-03-26
2024032601026747,NRM,34,39,100.0,383.0,38300.0,2024-03-26
2024032601026746,NRM,70,39,1000.0,383.1,383100.0,2024-03-26
2024032601026745,NRM,50,39,50.0,383.1,19155.0,2024-03-26
2024032601026744,NRM,42,39,270.0,383.2,103464.0,2024-03-26
2024032603008209,GBBL,44,49,200.0,375.0,75000.0,2024-03-26
2024032604008932,SPDL,13,5,25.0,247.0,6175.0,2024-03-26
2024032603008208,LBBL,52,28,10.0,382.0,3820.0,2024-03-26
2024032604008931,RIDI,54,32,10.0,185.8,1858.0,2024-03-26
2024032601026743,UHEWA,57,35,10.0,353.0,3530.0,2024-03-26
2024032603008207,NICLBSL,57,34,19.0,610.9,11607.1,2024-03-26
2024032604008930,RADHI,25,17,140.0,243.0,34020.0,2024-03-26
2024032604008929,RADHI,25,38,200.0,242.9,48580.0,2024-03-26
2024032604008928,RADHI,25,38,10.0,242.9,2429.0,2024-03-26
2024032604008927,RADHI,25,36,50.0,242.8,12140.0,2024-03-26
2024032605003994,NTC,25,42,10.0,848.0,8480.0,2024-03-26
2024032601026742,NMB,25,43,225.0,181.0,40725.0,2024-03-26
2024032601026741,NMB,62,43,39.0,181.2,7066.8,2024-03-26
2024032604008926,NGPL,47,45,100.0,312.5,31250.0,2024-03-26
2024032604008925,NGPL,47,52,273.0,312.5,85312.5,2024-03-26
2024032604008924,HPPL,44,36,30.0,273.9,8217.0,2024-03-26
2024032604008923,HPPL,44,45,10.0,273.0,2730.0,2024-03-26
2024032604008922,HPPL,44,22,20.0,272.0,5440.0,2024-03-26
2024032604008921,HPPL,44,39,10.0,270.0,2700.0,2024-03-26
2024032604008920,HPPL,44,36,30.0,269.9,8097.0,2024-03-26
2024032604008919,NGPL,45,62,850.0,312.1,265285.0,2024-03-26
2024032604008918,NGPL,41,62,100.0,312.4,31240.0,2024-03-26
2024032604008917,NGPL,8,62,50.0,312.4,15620.0,2024-03-26
2024032604008916,UPCL,72,45,465.0,211.3,98254.5,2024-03-26
2024032603008206,SHINE,18,16,500.0,372.0,186000.0,2024-03-26
2024032605003993,HRL,55,29,11096.0,607.9,6745258.4,2024-03-26
2024032605003992,HRL,7,29,342.0,607.9,207901.8,2024-03-26
2024032605003991,HRL,35,29,10.0,608.1,6081.0,2024-03-26
2024032601026740,SHIVM,69,8,10.0,530.0,5300.0,2024-03-26
2024032603008205,BFC,57,38,100.0,348.3,34830.0,2024-03-26
2024032601026739,SHIVM,77,8,10.0,530.0,5300.0,2024-03-26
2024032604008915,JOSHI,22,54,415.0,354.0,146910.0,2024-03-26
2024032601026738,SMJC,46,53,10.0,370.0,3700.0,2024-03-26
2024032601026737,SMJC,46,26,10.0,370.0,3700.0,2024-03-26
2024032601026736,SMJC,46,5,940.0,370.0,347800.0,2024-03-26
2024032601026735,SMJC,46,36,25.0,369.9,9247.5,2024-03-26
2024032603008204,USLB,62,57,30.0,1716.0,51480.0,2024-03-26
2024032605003990,HRL,35,49,10.0,608.0,6080.0,2024-03-26
2024032601026734,DOLTI,62,29,10.0,430.1,4301.0,2024-03-26
2024032601026733,BHL,66,28,39.0,351.0,13689.0,2024-03-26
2024032601026732,MCHL,38,36,10.0,334.2,3342.0,2024-03-26
2024032605003989,HIDCL,58,53,50.0,170.9,8545.0,2024-03-26
2024032601026731,MKCL,42,21,50.0,934.0,46700.0,2024-03-26
2024032603008203,BFC,54,1,100.0,349.9,34990.0,2024-03-26
2024032605003988,CIT,80,77,200.0,2115.0,423000.0,2024-03-26
2024032604008914,GHL,35,19,1280.0,155.2,198656.0,2024-03-26
2024032604008913,GHL,14,19,720.0,155.2,111744.0,2024-03-26
2024032603008202,ACLBSL,62,57,10.0,733.2,7332.0,2024-03-26
2024032603008201,USLB,62,52,190.0,1715.0,325850.0,2024-03-26
2024032603008200,USLB,62,52,10.0,1715.0,17150.0,2024-03-26
2024032604008912,RHPL,45,45,40.0,279.2,11168.0,2024-03-26
2024032601026730,MKHL,22,14,10.0,375.0,3750.0,2024-03-26
2024032603008199,NFS,58,36,18.0,390.2,7023.6,2024-03-26
2024032601026729,NRM,42,58,10.0,383.2,3832.0,2024-03-26
2024032604008911,TRH,54,57,10.0,808.9,8089.0,2024-03-26
2024032604008910,SHPC,44,50,40.0,341.0,13640.0,2024-03-26
2024032601026728,SONA,62,72,543.0,485.0,263355.0,2024-03-26
2024032601026727,SONA,62,33,10.0,485.0,4850.0,2024-03-26
2024032603008198,GUFL,62,32,50.0,862.0,43100.0,2024-03-26
2024032601026726,SONA,62,6,10.0,485.0,4850.0,2024-03-26
2024032601026725,SONA,62,39,10.0,485.0,4850.0,2024-03-26
2024032601026724,SONA,62,57,10.0,485.0,4850.0,2024-03-26
2024032601026723,SONA,62,59,100.0,485.0,48500.0,2024-03-26
2024032601026722,SONA,62,16,48.0,485.0,23280.0,2024-03-26
2024032601026721,SONA,62,44,10.0,484.9,4849.0,2024-03-26
2024032601026720,SONA,62,56,10.0,484.3,4843.0,2024-03-26
2024032601026719,SONA,62,21,10.0,484.0,4840.0,2024-03-26
2024032601026718,SONA,62,38,239.0,484.0,115676.0,2024-03-26
2024032604008909,AKPL,45,38,20.0,178.5,3570.0,2024-03-26
2024032604008908,AKPL,34,38,66.0,178.5,11781.0,2024-03-26
2024032601026717,SONA,4,7,10.0,483.4,4834.0,2024-03-26
2024032601026716,JALPA,29,57,10.0,1210.0,12100.0,2024-03-26
2024032603008197,BFC,53,1,20.0,349.9,6998.0,2024-03-26
2024032601026715,MHCL,58,58,100.0,446.0,44600.0,2024-03-26
2024032601026714,NWCL,38,21,10.0,744.9,7449.0,2024-03-26
2024032605003987,CHDC,6,44,100.0,930.9,93090.0,2024-03-26
2024032605003986,CHDC,56,44,50.0,931.0,46550.0,2024-03-26
2024032601026713,NICGF2,42,91,150.0,8.12,1218.0,2024-03-26
2024032604008907,MEN,44,91,10.0,535.0,5350.0,2024-03-26
2024032605003985,HRL,22,49,10.0,608.0,6080.0,2024-03-26
2024032601026712,GCIL,71,18,11.0,517.0,5687.0,2024-03-26
2024032604008906,UPPER,42,38,200.0,176.9,35380.0,2024-03-26
2024032601026711,DLBS,49,26,370.0,1399.6,517852.0,2024-03-26
2024032601026710,DLBS,38,26,50.0,1404.0,70200.0,2024-03-26
2024032601026709,DLBS,49,26,50.0,1405.0,70250.0,2024-03-26
