transaction,symbol,buyer,seller,quantity,rate,amount,date
2024060503015413,RLFL,50,65,10.0,408.0,4080.0,2024-06-05
2024060501021946,RHGCL,74,41,10.0,348.4,3484.0,2024-06-05
2024060503015412,GLBSL,58,26,10.0,1909.0,19090.0,2024-06-05
2024060503015411,SLBBL,43,35,100.0,796.1,79610.0,2024-06-05
2024060504007221,UNHPL,58,50,10.0,221.8,2218.0,2024-06-05
2024060505005153,NRN,58,81,106.0,605.0,64130.0,2024-06-05
2024060505005152,NRN,58,74,484.0,605.0,292820.0,2024-06-05
2024060505005151,NRN,58,53,410.0,604.9,248009.0,2024-06-05
2024060504007220,SHEL,75,34,10.0,155.5,1555.0,2024-06-05
2024060504007219,HDHPC,58,32,14.0,128.7,1801.8,2024-06-05
2024060504007218,GLH,21,49,50.0,201.0,10050.0,2024-06-05
2024060503015410,NMLBBL,38,38,10.0,729.8,7298.0,2024-06-05
2024060503015409,SADBL,48,17,200.0,316.9,63380.0,2024-06-05
2024060501021945,SMJC,48,42,50.0,377.0,18850.0,2024-06-05
2024060503015408,SDLBSL,6,42,100.0,1007.0,100700.0,2024-06-05
2024060503015407,SDLBSL,6,39,266.0,1007.0,267862.0,2024-06-05
2024060501021944,NWCL,45,42,20.0,817.0,16340.0,2024-06-05
2024060503015406,MFIL,45,43,17.0,506.0,8602.0,2024-06-05
2024060503015405,MFIL,45,41,28.0,505.0,14140.0,2024-06-05
2024060503015404,MFIL,45,34,60.0,504.9,30294.0,2024-06-05
2024060503015403,MFIL,45,34,70.0,504.0,35280.0,2024-06-05
2024060503015402,MFIL,45,6,75.0,503.3,37747.5,2024-06-05
2024060505005150,CHDC,29,71,10.0,958.0,9580.0,2024-06-05
2024060505005149,HIDCL,57,34,10.0,163.9,1639.0,2024-06-05
2024060504007217,MEN,80,6,100.0,580.0,58000.0,2024-06-05
2024060504007216,MEN,80,38,110.0,580.0,63800.0,2024-06-05
2024060501021943,GVL,39,6,120.0,500.0,60000.0,2024-06-05
2024060501021942,GVL,39,42,10.0,500.0,5000.0,2024-06-05
2024060501021941,GVL,39,38,10.0,500.0,5000.0,2024-06-05
2024060501021940,GVL,39,22,490.0,499.0,244510.0,2024-06-05
2024060501021939,GVL,39,7,90.0,498.0,44820.0,2024-06-05
2024060501021938,GVL,39,22,280.0,497.0,139160.0,2024-06-05
2024060503015401,PFL,41,43,1000.0,646.8,646800.0,2024-06-05
2024060503015400,MPFL,43,22,150.0,490.9,73635.0,2024-06-05
2024060503015399,MPFL,43,53,200.0,490.0,98000.0,2024-06-05
2024060503015398,MPFL,43,40,100.0,490.0,49000.0,2024-06-05
2024060503015397,MPFL,43,21,30.0,490.0,14700.0,2024-06-05
2024060503015396,MPFL,43,43,300.0,490.0,147000.0,2024-06-05
2024060503015395,MPFL,43,45,220.0,490.0,107800.0,2024-06-05
2024060501021937,DOLTI,49,10,10.0,422.0,4220.0,2024-06-05
2024060501021936,TVCL,6,44,140.0,443.7,62118.0,2024-06-05
2024060501021935,TVCL,45,44,180.0,443.8,79884.0,2024-06-05
2024060501021934,TVCL,16,44,50.0,443.9,22195.0,2024-06-05
2024060501021933,TVCL,7,44,100.0,444.0,44400.0,2024-06-05
2024060501021932,TVCL,35,44,180.0,444.1,79938.0,2024-06-05
2024060504007215,SPIL,44,45,10.0,777.7,7777.0,2024-06-05
2024060501021931,MKHC,41,39,10.0,317.9,3179.0,2024-06-05
2024060503015394,NADEP,21,41,100.0,865.0,86500.0,2024-06-05
2024060503015393,SFCL,41,55,10.0,366.0,3660.0,2024-06-05
2024060501021930,NABIL,25,41,50.0,480.0,24000.0,2024-06-05
2024060503015392,LLBS,69,62,10.0,1226.0,12260.0,2024-06-05
2024060501021929,MKHC,5,39,10.0,317.9,3179.0,2024-06-05
2024060503015391,HLBSL,62,57,35.0,1397.0,48895.0,2024-06-05
2024060503015390,HLBSL,62,18,300.0,1397.0,419100.0,2024-06-05
2024060503015389,HLBSL,62,42,124.0,1397.0,173228.0,2024-06-05
2024060503015388,HLBSL,62,5,100.0,1397.0,139700.0,2024-06-05
2024060503015387,HLBSL,62,42,41.0,1397.0,57277.0,2024-06-05
2024060503015386,PROFL,32,34,100.0,364.0,36400.0,2024-06-05
2024060501021928,ADBL,8,32,10.0,264.0,2640.0,2024-06-05
2024060501021927,ADBL,82,32,203.0,264.0,53592.0,2024-06-05
2024060503015385,VLBS,21,42,73.0,1084.5,79168.5,2024-06-05
2024060503015384,CFCL,4,17,50.0,425.5,21275.0,2024-06-05
2024060503015383,PFL,41,10,20.0,646.8,12936.0,2024-06-05
2024060504007214,AKPL,58,54,134.0,163.0,21842.0,2024-06-05
2024060504007213,AKPL,52,54,10.0,163.0,1630.0,2024-06-05
2024060504007212,AKPL,6,54,50.0,163.0,8150.0,2024-06-05
2024060504007211,AKPL,47,54,306.0,163.0,49878.0,2024-06-05
2024060501021926,TSHL,57,28,40.0,500.0,20000.0,2024-06-05
2024060501021925,TSHL,35,28,10.0,500.0,5000.0,2024-06-05
2024060504007210,SHL,41,54,100.0,432.0,43200.0,2024-06-05
2024060501021924,GBIME,28,51,49.0,183.9,9011.1,2024-06-05
2024060501021923,GBIME,28,16,150.0,183.8,27570.0,2024-06-05
2024060501021922,GBIME,28,25,238.0,183.5,43673.0,2024-06-05
2024060501021921,GBIME,28,13,16.0,183.0,2928.0,2024-06-05
2024060501021920,GBIME,28,34,11.0,183.0,2013.0,2024-06-05
2024060501021919,GBIME,28,34,119.0,183.0,21777.0,2024-06-05
2024060501021918,MKJC,28,43,10.0,475.0,4750.0,2024-06-05
2024060503015382,ACLBSL,3,39,150.0,990.0,148500.0,2024-06-05
2024060501021917,BNHC,64,55,10.0,650.7,6507.0,2024-06-05
2024060504007209,UPPER,20,21,10.0,161.9,1619.0,2024-06-05
2024060501021916,SBL,50,58,35.0,249.0,8715.0,2024-06-05
2024060504007208,PPCL,52,55,10.0,229.6,2296.0,2024-06-05
2024060503015381,JFL,72,22,10.0,579.3,5793.0,2024-06-05
2024060503015380,GILB,96,56,10.0,1540.0,15400.0,2024-06-05
2024060503015379,HLBSL,35,42,159.0,1397.0,222123.0,2024-06-05
2024060503015378,HLBSL,35,51,32.0,1395.0,44640.0,2024-06-05
2024060503015377,HLBSL,35,57,127.0,1392.3,176822.1,2024-06-05
2024060503015376,HLBSL,35,34,82.0,1390.0,113980.0,2024-06-05
2024060503015375,HLBSL,35,67,100.0,1378.0,137800.0,2024-06-05
2024060505005148,NTC,75,42,40.0,830.6,33224.0,2024-06-05
2024060501021915,RBCLPO,58,44,20.0,11424.0,228480.0,2024-06-05
2024060501021914,MBJC,58,58,10.0,301.0,3010.0,2024-06-05
2024060501021913,NWCL,21,19,10.0,817.1,8171.0,2024-06-05
2024060501021912,NWCL,21,47,10.0,815.0,8150.0,2024-06-05
2024060503015374,SABSL,81,28,71.0,1038.0,73698.0,2024-06-05
2024060503015373,SABSL,81,22,19.0,1030.0,19570.0,2024-06-05
2024060503015372,SABSL,81,36,10.0,1027.0,10270.0,2024-06-05
2024060503015371,SABSL,81,21,100.0,1026.2,102620.0,2024-06-05
2024060503015370,CFCL,38,17,10.0,425.5,4255.0,2024-06-05
2024060504007207,HDHPC,38,32,50.0,128.7,6435.0,2024-06-05
2024060503015369,SLBSL,16,71,10.0,1209.0,12090.0,2024-06-05
2024060503015368,PFL,60,58,100.0,647.0,64700.0,2024-06-05
2024060503015367,ALBSL,53,19,10.0,1028.0,10280.0,2024-06-05
2024060504007206,AKJCL,45,4,30.0,202.0,6060.0,2024-06-05
2024060503015366,PFL,71,45,10.0,647.0,6470.0,2024-06-05
2024060501021911,MKCL,34,71,20.0,1025.0,20500.0,2024-06-05
2024060501021910,MKCL,58,71,100.0,1025.1,102510.0,2024-06-05
2024060501021909,MKCL,21,71,20.0,1026.0,20520.0,2024-06-05
2024060501021908,MKCL,62,71,30.0,1026.1,30783.0,2024-06-05
2024060501021907,MKCL,4,71,10.0,1033.0,10330.0,2024-06-05
2024060504007205,CGH,71,62,10.0,857.0,8570.0,2024-06-05
2024060503015365,USLB,66,48,10.0,1978.0,19780.0,2024-06-05
2024060501021906,BEDC,40,22,60.0,386.0,23160.0,2024-06-05
2024060501021905,BEDC,40,57,40.0,385.2,15408.0,2024-06-05
2024060501021904,TAMOR,88,77,10.0,388.9,3889.0,2024-06-05
2024060501021903,TAMOR,88,58,10.0,388.5,3885.0,2024-06-05
2024060501021902,TAMOR,88,38,10.0,388.5,3885.0,2024-06-05
2024060501021901,TAMOR,88,8,10.0,388.0,3880.0,2024-06-05
2024060501021900,TAMOR,88,72,20.0,388.0,7760.0,2024-06-05
2024060503015364,KLBSL,16,7,50.0,983.2,49160.0,2024-06-05
2024060503015363,SMFBS,84,48,20.0,1468.0,29360.0,2024-06-05
2024060503015362,SMFBS,84,32,50.0,1467.0,73350.0,2024-06-05
2024060503015361,SMFBS,84,36,73.0,1464.0,106872.0,2024-06-05
2024060503015360,SMFBS,84,26,30.0,1463.9,43917.0,2024-06-05
2024060503015359,SMFBS,84,32,50.0,1463.0,73150.0,2024-06-05
2024060503015358,SMFBS,84,55,77.0,1460.0,112420.0,2024-06-05
2024060505005147,CIT,39,4,10.0,2110.0,21100.0,2024-06-05
2024060501021899,BNHC,39,55,350.0,650.7,227745.0,2024-06-05
2024060504007204,IGI,39,35,40.0,528.4,21136.0,2024-06-05
2024060503015357,ILBS,44,57,50.0,1360.0,68000.0,2024-06-05
2024060501021898,RHGCL,47,41,80.0,348.4,27872.0,2024-06-05
2024060501021897,BNHC,70,55,253.0,650.7,164627.1,2024-06-05
2024060501021896,BNHC,70,71,100.0,650.6,65060.0,2024-06-05
2024060501021895,BNHC,70,45,270.0,650.6,175662.0,2024-06-05
2024060501021894,BNHC,70,35,385.0,650.0,250250.0,2024-06-05
2024060501021893,BNHC,70,42,137.0,650.0,89050.0,2024-06-05
2024060501021892,BNHC,70,6,10.0,650.0,6500.0,2024-06-05
2024060501021891,BNHC,70,55,1000.0,649.0,649000.0,2024-06-05
2024060501021890,BNHC,70,22,500.0,648.7,324350.0,2024-06-05
2024060501021889,BNHC,70,8,100.0,648.7,64870.0,2024-06-05
2024060501021888,BNHC,70,22,50.0,648.7,32435.0,2024-06-05
2024060501021887,BNHC,70,21,700.0,648.7,454090.0,2024-06-05
2024060501021886,BNHC,70,41,20.0,648.6,12972.0,2024-06-05
2024060501021885,BNHC,70,49,10.0,648.6,6486.0,2024-06-05
2024060501021884,BNHC,70,42,15.0,648.6,9729.0,2024-06-05
2024060501021883,BNHC,70,58,10.0,648.0,6480.0,2024-06-05
2024060501021882,BNHC,70,61,30.0,648.0,19440.0,2024-06-05
2024060501021881,BNHC,70,1,20.0,647.9,12958.0,2024-06-05
2024060501021880,BNHC,70,25,14.0,647.8,9069.2,2024-06-05
2024060501021879,BNHC,70,36,376.0,644.9,242482.4,2024-06-05
2024060501021878,NMB,5,40,100.0,198.0,19800.0,2024-06-05
2024060503015356,GILB,96,62,30.0,1540.0,46200.0,2024-06-05
2024060501021877,AVYAN,62,11,20.0,957.9,19158.0,2024-06-05
2024060501021876,AVYAN,62,38,50.0,957.0,47850.0,2024-06-05
2024060501021875,AVYAN,62,3,10.0,955.0,9550.0,2024-06-05
2024060501021874,AVYAN,62,57,10.0,955.0,9550.0,2024-06-05
2024060501021873,AVYAN,62,34,10.0,955.0,9550.0,2024-06-05
2024060503015355,JFL,41,14,50.0,579.0,28950.0,2024-06-05
2024060503015354,SWBBL,32,26,26.0,851.0,22126.0,2024-06-05
2024060503015353,SWBBL,32,14,74.0,851.0,62974.0,2024-06-05
2024060503015352,NFS,74,34,10.0,601.1,6011.0,2024-06-05
2024060504007203,SPDL,42,74,10.0,231.9,2319.0,2024-06-05
2024060503015351,RLFL,4,42,122.0,410.0,50020.0,2024-06-05
2024060503015350,RLFL,4,14,200.0,409.9,81980.0,2024-06-05
2024060503015349,RLFL,4,58,140.0,408.9,57246.0,2024-06-05
2024060503015348,RLFL,4,42,88.0,408.0,35904.0,2024-06-05
2024060503015347,RLFL,4,58,150.0,408.0,61200.0,2024-06-05
2024060505005146,NTC,35,42,10.0,830.6,8306.0,2024-06-05
2024060505005145,NTC,38,42,15.0,830.7,12460.5,2024-06-05
2024060505005144,NTC,44,42,300.0,830.7,249210.0,2024-06-05
2024060505005143,NTC,59,42,475.0,830.9,394677.5,2024-06-05
2024060504007202,NHPC,4,50,350.0,146.0,51100.0,2024-06-05
2024060503015346,MPFL,60,10,100.0,480.0,48000.0,2024-06-05
2024060501021872,BNHC,28,36,50.0,644.9,32245.0,2024-06-05
2024060501021871,BNHC,28,36,775.0,644.9,499797.5,2024-06-05
2024060501021870,BNHC,28,65,150.0,644.9,96735.0,2024-06-05
2024060501021869,BNHC,28,50,10.0,644.9,6449.0,2024-06-05
2024060501021868,BNHC,28,5,170.0,644.8,109616.0,2024-06-05
2024060501021867,BNHC,28,17,10.0,644.8,6448.0,2024-06-05
2024060501021866,BNHC,28,38,200.0,644.0,128800.0,2024-06-05
2024060501021865,BNHC,28,33,80.0,644.0,51520.0,2024-06-05
2024060501021864,BNHC,28,38,100.0,644.0,64400.0,2024-06-05
2024060501021863,BNHC,28,45,75.0,644.0,48300.0,2024-06-05
2024060501021862,BNHC,28,39,50.0,644.0,32200.0,2024-06-05
2024060501021861,BNHC,28,33,10.0,640.0,6400.0,2024-06-05
2024060501021860,BNHC,28,28,200.0,640.0,128000.0,2024-06-05
2024060501021859,BNHC,28,49,10.0,638.0,6380.0,2024-06-05
2024060501021858,BNHC,28,74,10.0,637.9,6379.0,2024-06-05
2024060501021857,BNHC,28,25,100.0,637.0,63700.0,2024-06-05
2024060503015345,MPFL,60,28,521.0,480.0,250080.0,2024-06-05
2024060503015344,MPFL,36,28,1500.0,480.2,720300.0,2024-06-05
2024060503015343,MPFL,17,28,100.0,480.2,48020.0,2024-06-05
2024060503015342,MPFL,50,28,50.0,480.3,24015.0,2024-06-05
2024060503015341,MPFL,7,28,100.0,480.4,48040.0,2024-06-05
2024060503015340,MPFL,1,28,10.0,480.4,4804.0,2024-06-05
2024060503015339,MPFL,26,28,6000.0,480.4,2882400.0,2024-06-05
2024060503015338,MPFL,5,28,830.0,480.4,398732.0,2024-06-05
2024060503015337,MPFL,8,28,136.0,481.0,65416.0,2024-06-05
2024060503015336,MPFL,45,28,1000.0,481.1,481100.0,2024-06-05
2024060503015335,MPFL,54,28,10.0,482.3,4823.0,2024-06-05
2024060503015334,MPFL,57,28,30.0,483.0,14490.0,2024-06-05
2024060503015333,MPFL,7,28,50.0,483.0,24150.0,2024-06-05
2024060503015332,MPFL,55,28,20.0,483.0,9660.0,2024-06-05
2024060503015331,MPFL,50,28,50.0,483.1,24155.0,2024-06-05
2024060503015330,MPFL,3,28,200.0,483.2,96640.0,2024-06-05
2024060503015329,MPFL,26,28,1000.0,483.2,483200.0,2024-06-05
2024060503015328,MPFL,22,28,50.0,483.3,24165.0,2024-06-05
2024060503015327,MPFL,18,28,1000.0,483.3,483300.0,2024-06-05
2024060503015326,MPFL,7,28,105.0,484.0,50820.0,2024-06-05
2024060503015325,MPFL,42,28,100.0,484.0,48400.0,2024-06-05
2024060503015324,MPFL,32,28,100.0,485.0,48500.0,2024-06-05
2024060503015323,MPFL,45,28,150.0,485.0,72750.0,2024-06-05
2024060503015322,MPFL,1,28,10.0,485.0,4850.0,2024-06-05
2024060503015321,MPFL,32,28,2000.0,485.0,970000.0,2024-06-05
2024060503015320,MPFL,32,28,60.0,485.0,29100.0,2024-06-05
2024060503015319,MPFL,17,28,20.0,485.0,9700.0,2024-06-05
2024060503015318,MPFL,16,28,100.0,485.0,48500.0,2024-06-05
2024060503015317,MPFL,57,28,500.0,485.0,242500.0,2024-06-05
2024060503015316,MPFL,45,28,21.0,485.0,10185.0,2024-06-05
2024060503015315,MPFL,56,28,250.0,485.0,121250.0,2024-06-05
2024060503015314,MPFL,57,28,500.0,485.0,242500.0,2024-06-05
2024060503015313,MPFL,83,28,332.0,485.0,161020.0,2024-06-05
2024060503015312,MPFL,16,28,100.0,485.1,48510.0,2024-06-05
2024060503015311,MPFL,19,28,200.0,485.1,97020.0,2024-06-05
2024060503015310,MPFL,32,28,500.0,485.2,242600.0,2024-06-05
2024060503015309,MPFL,13,28,100.0,485.4,48540.0,2024-06-05
2024060503015308,MPFL,58,28,10.0,485.6,4856.0,2024-06-05
2024060503015307,MPFL,96,28,188.0,485.6,91292.8,2024-06-05
2024060503015306,MLBL,52,35,695.0,323.7,224971.5,2024-06-05
2024060503015305,MLBL,57,35,555.0,323.8,179709.0,2024-06-05
2024060503015304,ILBS,21,57,10.0,1360.0,13600.0,2024-06-05
2024060503015303,NMFBS,81,17,10.0,1358.5,13585.0,2024-06-05
2024060503015302,NMFBS,81,47,20.0,1358.5,27170.0,2024-06-05
2024060501021856,KBL,48,58,10.0,141.0,1410.0,2024-06-05
2024060501021855,DOLTI,38,10,500.0,422.0,211000.0,2024-06-05
2024060504007201,UMHL,6,13,10.0,236.0,2360.0,2024-06-05
2024060503015301,PFL,41,6,10.0,646.8,6468.0,2024-06-05
2024060504007200,RURU,96,29,50.0,609.9,30495.0,2024-06-05
2024060504007199,RURU,96,34,100.0,609.8,60980.0,2024-06-05
2024060503015300,JFL,41,68,200.0,579.0,115800.0,2024-06-05
2024060503015299,JFL,41,16,150.0,579.0,86850.0,2024-06-05
2024060503015298,BFC,45,50,44.0,440.0,19360.0,2024-06-05
2024060503015297,BFC,45,28,137.0,440.0,60280.0,2024-06-05
2024060503015296,BFC,45,1,30.0,440.0,13200.0,2024-06-05
2024060503015295,BFC,45,38,289.0,439.0,126871.0,2024-06-05
2024060505005142,NBF3,43,45,100.0,7.45,745.0,2024-06-05
2024060503015294,MERO,57,58,80.0,688.0,55040.0,2024-06-05
2024060501021854,BHDC,65,50,50.0,583.8,29190.0,2024-06-05
2024060501021853,BHDC,65,17,10.0,583.0,5830.0,2024-06-05
2024060501021852,BHDC,65,49,10.0,583.0,5830.0,2024-06-05
2024060501021851,BHDC,65,64,10.0,583.0,5830.0,2024-06-05
2024060501021850,BHDC,65,65,70.0,582.9,40803.0,2024-06-05
2024060503015293,MLBBL,40,18,25.0,1368.0,34200.0,2024-06-05
2024060501021849,SMHL,65,35,10.0,543.8,5438.0,2024-06-05
2024060501021848,SMHL,65,45,10.0,543.0,5430.0,2024-06-05
2024060505005141,NTC,57,18,10.0,833.9,8339.0,2024-06-05
2024060503015292,PFL,41,43,1611.0,646.8,1041994.8,2024-06-05
2024060501021847,JBLB,36,33,117.0,1354.0,158418.0,2024-06-05
2024060501021846,JBLB,33,33,20.0,1354.1,27082.0,2024-06-05
2024060501021845,EBL,33,66,20.0,528.9,10578.0,2024-06-05
2024060501021844,EBL,33,33,10.0,528.0,5280.0,2024-06-05
2024060501021843,EBL,33,14,70.0,527.0,36890.0,2024-06-05
2024060501021842,EBL,33,35,300.0,525.9,157770.0,2024-06-05
2024060501021841,NESDO,49,49,310.0,2107.0,653170.0,2024-06-05
2024060501021840,NESDO,41,49,50.0,2110.0,105500.0,2024-06-05
2024060501021839,NESDO,56,49,500.0,2115.0,1057500.0,2024-06-05
2024060501021838,NESDO,41,49,20.0,2115.1,42302.0,2024-06-05
2024060501021837,NESDO,41,49,10.0,2116.1,21161.0,2024-06-05
2024060501021836,NESDO,66,49,110.0,2117.0,232870.0,2024-06-05
2024060501021835,MHL,49,29,10.0,427.0,4270.0,2024-06-05
2024060501021834,MKHL,58,44,130.0,500.0,65000.0,2024-06-05
2024060504007198,HDHPC,41,32,35.0,128.7,4504.5,2024-06-05
2024060503015291,HLBSL,70,34,50.0,1390.0,69500.0,2024-06-05
2024060503015290,HLBSL,70,39,120.0,1389.3,166716.0,2024-06-05
2024060503015289,HLBSL,70,38,230.0,1389.3,319539.0,2024-06-05
2024060503015288,HLBSL,70,54,20.0,1388.0,27760.0,2024-06-05
2024060503015287,HLBSL,70,14,100.0,1388.0,138800.0,2024-06-05
2024060503015286,HLBSL,70,14,10.0,1380.0,13800.0,2024-06-05
2024060503015285,HLBSL,70,52,50.0,1380.0,69000.0,2024-06-05
2024060503015284,HLBSL,70,58,400.0,1379.0,551600.0,2024-06-05
2024060503015283,HLBSL,70,25,20.0,1379.0,27580.0,2024-06-05
2024060504007197,UPCL,5,32,622.0,186.7,116127.4,2024-06-05
2024060504007196,CGH,42,62,10.0,857.0,8570.0,2024-06-05
2024060503015282,FOWAD,82,17,20.0,1271.3,25426.0,2024-06-05
2024060504007195,SSHL,17,6,30.0,167.2,5016.0,2024-06-05
2024060504007194,SSHL,17,57,51.0,164.0,8364.0,2024-06-05
2024060501021833,MKJC,55,43,10.0,475.0,4750.0,2024-06-05
2024060503015281,CORBL,14,57,10.0,475.9,4759.0,2024-06-05
2024060503015280,NFS,74,42,95.0,601.1,57104.5,2024-06-05
2024060503015279,NFS,66,42,155.0,604.0,93620.0,2024-06-05
2024060501021832,MKHC,42,39,10.0,317.9,3179.0,2024-06-05
2024060503015278,KMCDB,34,14,10.0,1087.9,10879.0,2024-06-05
2024060501021831,PPL,4,33,10.0,437.0,4370.0,2024-06-05
2024060503015277,KSBBL,36,4,9737.0,370.4,3606584.8,2024-06-05
2024060503015276,KSBBL,41,4,220.0,370.5,81510.0,2024-06-05
2024060504007193,SHEL,42,34,20.0,155.5,3110.0,2024-06-05
2024060501021830,DLBS,64,57,10.0,1255.0,12550.0,2024-06-05
2024060501021829,KBL,52,28,800.0,140.5,112400.0,2024-06-05
2024060501021828,KBL,45,28,795.0,140.5,111697.5,2024-06-05
2024060501021827,SHLB,21,33,10.0,1765.0,17650.0,2024-06-05
2024060503015275,MFIL,45,6,100.0,503.3,50330.0,2024-06-05
2024060501021826,SGHC,48,47,35.0,322.0,11270.0,2024-06-05
2024060501021825,SGHC,34,47,100.0,322.0,32200.0,2024-06-05
2024060501021824,SGHC,54,47,100.0,322.6,32260.0,2024-06-05
2024060501021823,SGHC,59,47,50.0,323.0,16150.0,2024-06-05
2024060501021822,SGHC,49,47,250.0,323.5,80875.0,2024-06-05
2024060501021821,SGHC,25,47,10.0,323.6,3236.0,2024-06-05
2024060501021820,SGHC,47,47,50.0,324.0,16200.0,2024-06-05
2024060501021819,SGHC,53,47,40.0,324.1,12964.0,2024-06-05
2024060501021818,SGHC,65,47,200.0,324.2,64840.0,2024-06-05
2024060501021817,SGHC,62,47,10.0,324.2,3242.0,2024-06-05
2024060501021816,SGHC,63,47,20.0,325.0,6500.0,2024-06-05
2024060501021815,SGHC,59,47,105.0,325.0,34125.0,2024-06-05
2024060501021814,SGHC,11,47,40.0,325.2,13008.0,2024-06-05
2024060501021813,SGHC,42,47,30.0,325.3,9759.0,2024-06-05
2024060504007192,UPCL,22,32,10.0,186.7,1867.0,2024-06-05
2024060504007191,SHPC,34,22,10.0,329.0,3290.0,2024-06-05
2024060503015274,FMDBL,49,62,16.0,685.0,10960.0,2024-06-05
2024060503015273,MDB,19,62,20.0,488.0,9760.0,2024-06-05
2024060503015272,KLBSL,84,58,10.0,996.9,9969.0,2024-06-05
2024060501021812,RBCLPO,62,26,10.0,11340.3,113403.0,2024-06-05
2024060501021811,BNHC,53,55,20.0,632.3,12646.0,2024-06-05
2024060504007190,API,16,14,133.0,167.0,22211.0,2024-06-05
2024060504007189,API,33,14,50.0,168.0,8400.0,2024-06-05
2024060501021810,UHEWA,32,57,65.0,404.9,26318.5,2024-06-05
2024060501021809,UHEWA,32,57,15.0,404.8,6072.0,2024-06-05
2024060501021808,UHEWA,32,57,20.0,400.0,8000.0,2024-06-05
2024060501021807,NRM,32,54,34.0,379.0,12886.0,2024-06-05
2024060501021806,NRM,32,36,50.0,378.9,18945.0,2024-06-05
2024060501021805,NRM,32,38,10.0,376.0,3760.0,2024-06-05
2024060501021804,NRM,32,68,100.0,375.0,37500.0,2024-06-05
2024060501021803,NRM,32,42,45.0,375.0,16875.0,2024-06-05
2024060501021802,NRM,32,16,51.0,375.0,19125.0,2024-06-05
2024060501021801,NRM,32,26,210.0,374.0,78540.0,2024-06-05
2024060503015271,MSLB,42,52,10.0,1389.0,13890.0,2024-06-05
2024060501021800,SNLI,38,4,10.0,464.0,4640.0,2024-06-05
2024060503015270,WNLB,34,49,10.0,1440.0,14400.0,2024-06-05
2024060501021799,MHCL,34,58,200.0,387.0,77400.0,2024-06-05
2024060501021798,DOLTI,1,34,240.0,420.0,100800.0,2024-06-05
2024060503015269,ALBSL,42,35,300.0,1020.0,306000.0,2024-06-05
2024060503015268,ALBSL,70,35,100.0,1021.0,102100.0,2024-06-05
2024060504007188,JOSHI,35,22,100.0,300.0,30000.0,2024-06-05
2024060501021797,MHCL,21,58,10.0,387.0,3870.0,2024-06-05
2024060504007187,PRIN,65,38,64.0,770.5,49312.0,2024-06-05
2024060503015267,FMDBL,6,62,50.0,685.0,34250.0,2024-06-05
2024060504007186,JOSHI,33,48,210.0,299.0,62790.0,2024-06-05
2024060504007185,JOSHI,45,48,100.0,299.1,29910.0,2024-06-05
2024060504007184,JOSHI,45,48,200.0,299.1,59820.0,2024-06-05
2024060504007183,JOSHI,52,48,40.0,299.1,11964.0,2024-06-05
2024060504007182,JOSHI,55,48,50.0,299.2,14960.0,2024-06-05
2024060503015266,MERO,71,57,10.0,690.0,6900.0,2024-06-05
2024060501021796,SMJC,45,42,10.0,377.0,3770.0,2024-06-05
2024060501021795,MAKAR,88,46,241.0,389.0,93749.0,2024-06-05
2024060501021794,MAKAR,88,43,10.0,388.0,3880.0,2024-06-05
2024060501021793,MAKAR,88,42,70.0,388.0,27160.0,2024-06-05
2024060501021792,MAKAR,88,56,10.0,388.0,3880.0,2024-06-05
2024060501021791,MAKAR,88,34,200.0,385.0,77000.0,2024-06-05
2024060501021790,MAKAR,88,34,140.0,385.0,53900.0,2024-06-05
2024060501021789,MAKAR,88,38,200.0,384.0,76800.0,2024-06-05
2024060501021788,MAKAR,88,57,129.0,384.0,49536.0,2024-06-05
2024060503015265,GLBSL,58,26,10.0,1909.0,19090.0,2024-06-05
2024060504007181,MHNL,36,55,60.0,233.5,14010.0,2024-06-05
2024060504007180,MHNL,36,41,140.0,233.0,32620.0,2024-06-05
2024060503015264,EDBL,36,57,10.0,380.5,3805.0,2024-06-05
2024060503015263,PFL,41,51,257.0,646.8,166227.6,2024-06-05
2024060501021787,LSL,22,22,10.0,162.6,1626.0,2024-06-05
2024060501021786,MEHL,1,57,80.0,339.0,27120.0,2024-06-05
2024060501021785,PPL,47,33,50.0,437.0,21850.0,2024-06-05
2024060501021784,PPL,57,33,85.0,437.0,37145.0,2024-06-05
2024060504007179,GLH,45,49,66.0,201.0,13266.0,2024-06-05
2024060503015262,PFL,41,3,10.0,646.7,6467.0,2024-06-05
2024060503015261,PFL,41,71,100.0,646.7,64670.0,2024-06-05
2024060503015260,PFL,41,3,10.0,646.6,6466.0,2024-06-05
2024060503015259,PFL,41,56,10.0,646.0,6460.0,2024-06-05
2024060503015258,PFL,41,45,500.0,645.0,322500.0,2024-06-05
2024060503015257,PFL,41,42,537.0,645.0,346365.0,2024-06-05
2024060503015256,PFL,41,56,500.0,645.0,322500.0,2024-06-05
2024060503015255,PFL,41,56,500.0,645.0,322500.0,2024-06-05
2024060503015254,PFL,41,35,100.0,645.0,64500.0,2024-06-05
2024060503015253,PFL,41,52,283.0,645.0,182535.0,2024-06-05
2024060503015252,PFL,41,19,33.0,644.0,21252.0,2024-06-05
2024060503015251,PFL,41,19,200.0,643.9,128780.0,2024-06-05
2024060503015250,PFL,41,49,700.0,643.0,450100.0,2024-06-05
2024060503015249,PFL,41,55,200.0,642.0,128400.0,2024-06-05
2024060503015248,PFL,41,14,10.0,640.0,6400.0,2024-06-05
2024060503015247,PFL,41,39,500.0,640.0,320000.0,2024-06-05
2024060503015246,PFL,41,41,485.0,640.0,310400.0,2024-06-05
2024060503015245,PFL,41,25,500.0,640.0,320000.0,2024-06-05
2024060503015244,PFL,41,29,64.0,639.9,40953.6,2024-06-05
2024060501021783,SMH,62,69,170.0,712.9,121193.0,2024-06-05
2024060501021782,SMH,62,49,10.0,712.8,7128.0,2024-06-05
2024060501021781,SMH,62,44,10.0,710.0,7100.0,2024-06-05
2024060501021780,SMH,62,43,10.0,710.0,7100.0,2024-06-05
2024060501021779,SMH,62,58,10.0,710.0,7100.0,2024-06-05
2024060501021778,SMH,62,6,10.0,710.0,7100.0,2024-06-05
2024060501021777,SMH,62,6,10.0,710.0,7100.0,2024-06-05
2024060501021776,SMH,62,45,50.0,710.0,35500.0,2024-06-05
2024060501021775,SMH,62,44,10.0,710.0,7100.0,2024-06-05
2024060501021774,SMH,62,42,100.0,708.0,70800.0,2024-06-05
2024060501021773,SMH,62,59,10.0,705.0,7050.0,2024-06-05
2024060505005140,CHDC,59,62,136.0,956.3,130056.8,2024-06-05
2024060505005139,CHDC,36,62,10.0,957.0,9570.0,2024-06-05
2024060505005138,CHDC,83,62,154.0,957.0,147378.0,2024-06-05
2024060501021772,CLI,49,32,300.0,479.0,143700.0,2024-06-05
2024060501021771,BHDC,57,42,14.0,580.0,8120.0,2024-06-05
2024060501021770,BHDC,55,42,65.0,582.7,37875.5,2024-06-05
2024060501021769,RNLI,42,51,10.0,430.0,4300.0,2024-06-05
2024060505005137,NRIC,42,43,25.0,662.0,16550.0,2024-06-05
2024060505005136,NRIC,42,76,30.0,661.5,19845.0,2024-06-05
2024060505005135,NRIC,42,45,23.0,660.5,15191.5,2024-06-05
2024060505005134,NRIC,42,49,64.0,660.0,42240.0,2024-06-05
2024060505005133,NRIC,42,58,71.0,660.0,46860.0,2024-06-05
2024060505005132,NRIC,42,28,54.0,659.9,35634.6,2024-06-05
2024060505005131,NRIC,42,57,30.0,659.0,19770.0,2024-06-05
2024060503015243,NICLBSL,34,55,60.0,667.8,40068.0,2024-06-05
2024060503015242,MLBL,56,57,10.0,324.0,3240.0,2024-06-05
2024060503015241,NADEP,16,50,200.0,868.0,173600.0,2024-06-05
2024060501021768,SHLB,46,33,10.0,1765.0,17650.0,2024-06-05
2024060503015240,FMDBL,63,62,100.0,685.0,68500.0,2024-06-05
2024060503015239,SIFC,63,41,10.0,429.9,4299.0,2024-06-05
2024060501021767,PPL,57,64,10.0,439.9,4399.0,2024-06-05
2024060503015238,CBBL,19,62,20.0,836.0,16720.0,2024-06-05
2024060501021766,MAKAR,5,5,1000.0,383.9,383900.0,2024-06-05
2024060501021765,SHIVM,22,34,50.0,491.0,24550.0,2024-06-05
2024060501021764,SHIVM,34,34,60.0,491.0,29460.0,2024-06-05
2024060501021763,SHIVM,13,34,100.0,491.0,49100.0,2024-06-05
2024060501021762,SHIVM,58,34,39.0,491.2,19156.8,2024-06-05
2024060501021761,GVL,72,64,1000.0,495.0,495000.0,2024-06-05
2024060503015237,ICFC,52,41,10.0,512.1,5121.0,2024-06-05
2024060503015236,SWBBL,35,8,40.0,848.0,33920.0,2024-06-05
2024060503015235,NFS,66,51,45.0,604.0,27180.0,2024-06-05
2024060503015234,NFS,66,50,600.0,604.0,362400.0,2024-06-05
2024060505005130,NRN,58,53,90.0,604.9,54441.0,2024-06-05
2024060505005129,NRN,58,45,10.0,600.0,6000.0,2024-06-05
2024060501021760,SONA,42,58,100.0,440.2,44020.0,2024-06-05
2024060503015233,FOWAD,82,36,10.0,1271.3,12713.0,2024-06-05
2024060503015232,NABBC,58,42,230.0,596.7,137241.0,2024-06-05
2024060503015231,NABBC,58,14,150.0,596.0,89400.0,2024-06-05
2024060503015230,NABBC,58,17,1000.0,593.0,593000.0,2024-06-05
2024060503015229,NABBC,58,45,390.0,592.9,231231.0,2024-06-05
2024060503015228,NABBC,58,45,800.0,592.9,474320.0,2024-06-05
2024060503015227,NABBC,58,19,830.0,592.8,492024.0,2024-06-05
2024060503015226,NABBC,58,66,300.0,592.0,177600.0,2024-06-05
2024060503015225,NABBC,58,32,1000.0,591.0,591000.0,2024-06-05
2024060503015224,NABBC,58,52,300.0,591.0,177300.0,2024-06-05
2024060504007178,SPDL,50,57,12.0,229.0,2748.0,2024-06-05
2024060504007177,SPDL,42,57,310.0,229.0,70990.0,2024-06-05
2024060504007176,SPDL,42,57,660.0,229.0,151140.0,2024-06-05
2024060503015223,PFL,63,57,40.0,635.1,25404.0,2024-06-05
2024060503015222,PFL,63,57,10.0,635.3,6353.0,2024-06-05
2024060503015221,PFL,63,57,10.0,635.7,6357.0,2024-06-05
2024060503015220,PFL,7,57,40.0,636.0,25440.0,2024-06-05
2024060501021759,SHLB,46,33,10.0,1765.0,17650.0,2024-06-05
2024060501021758,SHLB,86,33,20.0,1765.1,35302.0,2024-06-05
2024060501021757,SHLB,71,33,10.0,1765.2,17652.0,2024-06-05
2024060501021756,SHLB,86,33,20.0,1765.3,35306.0,2024-06-05
2024060503015219,GBBL,44,22,108.0,364.0,39312.0,2024-06-05
2024060503015218,GBBL,44,57,52.0,364.0,18928.0,2024-06-05
2024060503015217,GBBL,44,34,40.0,363.0,14520.0,2024-06-05
2024060503015216,JFL,41,69,1000.0,579.0,579000.0,2024-06-05
2024060503015215,JFL,41,45,100.0,579.0,57900.0,2024-06-05
2024060503015214,JFL,41,41,40.0,578.0,23120.0,2024-06-05
2024060503015213,JFL,41,35,50.0,578.0,28900.0,2024-06-05
2024060503015212,JFL,41,51,30.0,576.0,17280.0,2024-06-05
2024060503015211,JFL,41,8,145.0,575.0,83375.0,2024-06-05
2024060503015210,JFL,41,16,100.0,575.0,57500.0,2024-06-05
2024060503015209,JFL,41,18,400.0,575.0,230000.0,2024-06-05
2024060503015208,JFL,41,7,70.0,575.0,40250.0,2024-06-05
2024060503015207,JFL,41,7,1000.0,575.0,575000.0,2024-06-05
2024060503015206,JFL,41,38,30.0,575.0,17250.0,2024-06-05
2024060503015205,JFL,41,34,200.0,575.0,115000.0,2024-06-05
2024060503015204,JFL,41,45,200.0,575.0,115000.0,2024-06-05
2024060503015203,JFL,41,58,40.0,575.0,23000.0,2024-06-05
2024060503015202,JFL,41,38,100.0,574.0,57400.0,2024-06-05
2024060503015201,JFL,41,36,100.0,572.2,57220.0,2024-06-05
2024060503015200,JFL,41,18,100.0,572.0,57200.0,2024-06-05
2024060503015199,JFL,41,45,1445.0,571.0,825095.0,2024-06-05
2024060503015198,JFL,41,38,10.0,571.0,5710.0,2024-06-05
2024060503015197,JFL,41,45,63.0,570.0,35910.0,2024-06-05
2024060503015196,JFL,41,69,200.0,570.0,114000.0,2024-06-05
2024060503015195,JFL,41,48,300.0,570.0,171000.0,2024-06-05
2024060503015194,JFL,41,45,160.0,570.0,91200.0,2024-06-05
2024060503015193,JFL,41,7,872.0,569.0,496168.0,2024-06-05
2024060503015192,FMDBL,14,62,30.0,685.0,20550.0,2024-06-05
2024060501021755,MKCL,55,38,10.0,1035.0,10350.0,2024-06-05
2024060501021754,MKCL,55,4,10.0,1034.0,10340.0,2024-06-05
2024060501021753,KDL,55,18,100.0,1225.0,122500.0,2024-06-05
2024060501021752,MKHL,58,61,500.0,500.0,250000.0,2024-06-05
2024060501021751,ULHC,42,26,55.0,377.0,20735.0,2024-06-05
2024060501021750,ULHC,39,26,25.0,377.0,9425.0,2024-06-05
2024060501021749,ULHC,51,26,10.0,377.2,3772.0,2024-06-05
2024060505005128,SMATA,64,49,10.0,1020.0,10200.0,2024-06-05
2024060501021748,SNLI,20,3,10.0,465.9,4659.0,2024-06-05
2024060504007175,LEC,34,34,20.0,179.2,3584.0,2024-06-05
2024060501021747,DOLTI,34,10,10.0,422.0,4220.0,2024-06-05
2024060501021746,BHPL,35,77,700.0,600.0,420000.0,2024-06-05
2024060501021745,CZBIL,38,17,10.0,168.0,1680.0,2024-06-05
2024060501021744,PPL,36,64,10.0,439.9,4399.0,2024-06-05
2024060504007174,AKPL,47,59,194.0,163.0,31622.0,2024-06-05
2024060504007173,AKPL,59,59,1806.0,163.0,294378.0,2024-06-05
2024060503015191,HLI,33,25,50.0,386.0,19300.0,2024-06-05
2024060503015190,HLI,7,25,40.0,386.0,15440.0,2024-06-05
2024060503015189,HLI,59,25,10.0,386.0,3860.0,2024-06-05
2024060503015188,NADEP,21,63,218.0,865.0,188570.0,2024-06-05
2024060503015187,NADEP,82,63,500.0,865.0,432500.0,2024-06-05
2024060503015186,NADEP,48,63,10.0,865.0,8650.0,2024-06-05
2024060503015185,NADEP,45,63,450.0,865.0,389250.0,2024-06-05
2024060503015184,NADEP,70,63,100.0,865.1,86510.0,2024-06-05
2024060503015183,NADEP,17,63,50.0,865.5,43275.0,2024-06-05
2024060503015182,NADEP,40,63,100.0,866.0,86600.0,2024-06-05
2024060503015181,NADEP,49,63,22.0,868.0,19096.0,2024-06-05
2024060501021743,UHEWA,48,44,40.0,397.0,15880.0,2024-06-05
2024060501021742,UHEWA,13,44,100.0,397.1,39710.0,2024-06-05
2024060501021741,UHEWA,57,44,20.0,398.0,7960.0,2024-06-05
2024060501021740,UHEWA,57,44,20.0,399.0,7980.0,2024-06-05
2024060501021739,UHEWA,57,44,20.0,400.0,8000.0,2024-06-05
2024060504007172,RADHI,44,5,500.0,229.9,114950.0,2024-06-05
2024060504007171,KPCL,77,52,100.0,439.0,43900.0,2024-06-05
2024060504007170,KPCL,77,16,100.0,438.0,43800.0,2024-06-05
2024060503015180,CBBL,42,62,30.0,836.0,25080.0,2024-06-05
2024060503015179,CBBL,32,62,100.0,836.0,83600.0,2024-06-05
2024060504007169,CGH,42,62,20.0,857.0,17140.0,2024-06-05
2024060504007168,CGH,37,62,30.0,857.0,25710.0,2024-06-05
2024060501021738,RBCLPO,62,7,10.0,11333.0,113330.0,2024-06-05
2024060503015178,SWMF,56,91,10.0,859.9,8599.0,2024-06-05
2024060504007167,PPCL,49,45,490.0,229.3,112357.0,2024-06-05
2024060504007166,PPCL,22,45,10.0,230.0,2300.0,2024-06-05
2024060501021737,MKHL,58,59,500.0,500.0,250000.0,2024-06-05
2024060501021736,RFPL,57,54,10.0,350.0,3500.0,2024-06-05
2024060501021735,MEL,71,22,20.0,223.0,4460.0,2024-06-05
2024060501021734,MEL,51,22,60.0,223.0,13380.0,2024-06-05
2024060501021733,MEL,54,22,20.0,223.0,4460.0,2024-06-05
2024060501021732,NIMBPO,22,22,10.0,138.0,1380.0,2024-06-05
2024060503015177,GILB,62,47,200.0,1591.0,318200.0,2024-06-05
2024060503015176,GILB,62,43,40.0,1591.0,63640.0,2024-06-05
2024060503015175,GILB,62,34,50.0,1591.0,79550.0,2024-06-05
2024060503015174,GILB,62,45,17.0,1591.0,27047.0,2024-06-05
2024060503015173,GILB,62,17,46.0,1591.0,73186.0,2024-06-05
2024060503015172,GILB,62,21,83.0,1591.0,132053.0,2024-06-05
2024060503015171,GILB,62,22,150.0,1591.0,238650.0,2024-06-05
2024060503015170,GILB,62,41,10.0,1590.0,15900.0,2024-06-05
2024060503015169,GILB,62,45,20.0,1589.0,31780.0,2024-06-05
2024060503015168,GILB,62,21,98.0,1589.0,155722.0,2024-06-05
2024060503015167,GILB,62,14,58.0,1586.0,91988.0,2024-06-05
2024060503015166,GILB,62,5,200.0,1586.0,317200.0,2024-06-05
2024060503015165,GILB,62,40,23.0,1585.0,36455.0,2024-06-05
2024060503015164,GILB,62,58,10.0,1585.0,15850.0,2024-06-05
2024060503015163,GILB,62,62,50.0,1585.0,79250.0,2024-06-05
2024060503015162,GILB,62,57,100.0,1585.0,158500.0,2024-06-05
2024060503015161,GILB,62,47,40.0,1585.0,63400.0,2024-06-05
2024060503015160,GILB,62,34,50.0,1585.0,79250.0,2024-06-05
2024060503015159,GILB,62,45,17.0,1585.0,26945.0,2024-06-05
2024060503015158,GILB,62,38,80.0,1585.0,126800.0,2024-06-05
2024060503015157,GILB,62,43,17.0,1585.0,26945.0,2024-06-05
2024060503015156,GILB,62,62,200.0,1585.0,317000.0,2024-06-05
2024060503015155,GILB,62,8,2000.0,1585.0,3170000.0,2024-06-05
2024060503015154,GILB,62,65,200.0,1583.0,316600.0,2024-06-05
2024060503015153,GILB,62,62,10.0,1583.0,15830.0,2024-06-05
2024060503015152,GILB,62,84,231.0,1582.0,365442.0,2024-06-05
2024060503015151,NICLBSL,69,55,13.0,665.0,8645.0,2024-06-05
2024060501021731,UHEWA,42,57,10.0,404.8,4048.0,2024-06-05
2024060501021730,UHEWA,42,42,10.0,404.0,4040.0,2024-06-05
2024060501021729,UHEWA,42,57,25.0,403.9,10097.5,2024-06-05
2024060501021728,KDL,75,18,130.0,1225.0,159250.0,2024-06-05
2024060501021727,KDL,75,34,500.0,1224.0,612000.0,2024-06-05
2024060501021726,KDL,75,38,350.0,1223.0,428050.0,2024-06-05
2024060501021725,KDL,75,42,20.0,1220.0,24400.0,2024-06-05
2024060504007165,PMHPL,26,34,24.0,224.1,5378.4,2024-06-05
2024060504007164,PMHPL,25,34,30.0,224.1,6723.0,2024-06-05
2024060504007163,PMHPL,48,34,100.0,225.0,22500.0,2024-06-05
2024060504007162,PMHPL,38,34,96.0,226.0,21696.0,2024-06-05
2024060501021724,SONA,42,56,10.0,440.2,4402.0,2024-06-05
2024060504007161,UAIL,56,55,10.0,566.0,5660.0,2024-06-05
2024060504007160,UMRH,35,6,100.0,364.0,36400.0,2024-06-05
2024060504007159,GHL,34,21,35.0,143.0,5005.0,2024-06-05
2024060504007158,GHL,35,21,100.0,143.0,14300.0,2024-06-05
2024060504007157,GHL,5,21,300.0,143.0,42900.0,2024-06-05
2024060504007156,GHL,42,21,1000.0,143.0,143000.0,2024-06-05
2024060504007155,GHL,21,21,300.0,143.0,42900.0,2024-06-05
2024060504007154,GHL,45,21,85.0,143.0,12155.0,2024-06-05
2024060504007153,GHL,65,21,165.0,143.1,23611.5,2024-06-05
2024060503015150,NADEP,49,48,44.0,868.0,38192.0,2024-06-05
2024060501021723,MHL,38,48,200.0,425.0,85000.0,2024-06-05
2024060503015149,KSBBL,53,57,10.0,372.9,3729.0,2024-06-05
2024060503015148,NABBC,14,88,130.0,583.0,75790.0,2024-06-05
2024060503015147,NABBC,63,88,100.0,583.1,58310.0,2024-06-05
2024060503015146,NABBC,63,88,100.0,583.2,58320.0,2024-06-05
2024060503015145,NABBC,60,88,30.0,583.2,17496.0,2024-06-05
2024060503015144,NABBC,6,88,50.0,583.3,29165.0,2024-06-05
2024060503015143,NABBC,45,88,50.0,584.0,29200.0,2024-06-05
2024060503015142,NABBC,67,88,50.0,585.0,29250.0,2024-06-05
2024060503015141,NABBC,6,88,20.0,585.0,11700.0,2024-06-05
2024060503015140,NABBC,58,88,10.0,585.0,5850.0,2024-06-05
2024060503015139,NABBC,44,88,50.0,585.0,29250.0,2024-06-05
2024060503015138,NABBC,71,88,20.0,585.0,11700.0,2024-06-05
2024060503015137,NABBC,48,88,390.0,585.0,228150.0,2024-06-05
2024060503015136,USLB,52,36,14.0,1946.0,27244.0,2024-06-05
2024060503015135,USLB,66,36,10.0,1950.0,19500.0,2024-06-05
2024060503015134,USLB,66,36,10.0,1960.0,19600.0,2024-06-05
2024060501021722,BHPL,58,77,10.0,600.0,6000.0,2024-06-05
2024060504007152,MEN,80,38,280.0,580.0,162400.0,2024-06-05
2024060504007151,MEN,80,5,200.0,580.0,116000.0,2024-06-05
2024060504007150,MEN,80,45,20.0,579.5,11590.0,2024-06-05
2024060505005127,NIFRA,22,50,436.0,198.0,86328.0,2024-06-05
2024060505005126,NIFRA,22,49,50.0,198.0,9900.0,2024-06-05
2024060505005125,NIFRA,22,29,64.0,198.0,12672.0,2024-06-05
2024060505005124,NIFRA,22,57,100.0,198.0,19800.0,2024-06-05
2024060505005123,NIFRA,22,4,44.0,198.0,8712.0,2024-06-05
2024060505005122,NIFRA,22,32,500.0,197.9,98950.0,2024-06-05
2024060505005121,NIFRA,22,58,100.0,197.8,19780.0,2024-06-05
2024060505005120,NIFRA,22,57,100.0,197.7,19770.0,2024-06-05
2024060505005119,NIFRA,22,57,100.0,197.5,19750.0,2024-06-05
2024060505005118,NIFRA,22,58,78.0,197.0,15366.0,2024-06-05
2024060505005117,NIFRA,22,45,64.0,197.0,12608.0,2024-06-05
2024060505005116,NIFRA,22,29,64.0,197.0,12608.0,2024-06-05
2024060505005115,NIFRA,22,57,100.0,197.0,19700.0,2024-06-05
2024060505005114,NIFRA,22,45,200.0,196.7,39340.0,2024-06-05
2024060504007149,IGI,17,35,14.0,528.4,7397.6,2024-06-05
2024060503015133,GILB,62,84,269.0,1582.0,425558.0,2024-06-05
2024060503015132,GILB,62,16,660.0,1582.0,1044120.0,2024-06-05
2024060503015131,GILB,62,34,10.0,1581.0,15810.0,2024-06-05
2024060503015130,GILB,62,6,160.0,1580.0,252800.0,2024-06-05
2024060503015129,GILB,62,62,193.0,1578.0,304554.0,2024-06-05
2024060503015128,GILB,62,62,600.0,1578.0,946800.0,2024-06-05
2024060503015127,GILB,62,49,50.0,1577.7,78885.0,2024-06-05
2024060503015126,GILB,62,48,50.0,1575.0,78750.0,2024-06-05
2024060503015125,GILB,62,45,50.0,1575.0,78750.0,2024-06-05
2024060503015124,GILB,62,59,10.0,1575.0,15750.0,2024-06-05
2024060503015123,GILB,62,71,109.0,1574.0,171566.0,2024-06-05
2024060503015122,GILB,62,17,200.0,1574.0,314800.0,2024-06-05
2024060503015121,GILB,62,14,10.0,1570.0,15700.0,2024-06-05
2024060503015120,GILB,62,81,150.0,1570.0,235500.0,2024-06-05
2024060503015119,GILB,62,41,10.0,1570.0,15700.0,2024-06-05
2024060503015118,GILB,62,62,10.0,1565.7,15657.0,2024-06-05
2024060503015117,GILB,62,21,20.0,1562.7,31254.0,2024-06-05
2024060503015116,GILB,62,34,10.0,1562.6,15626.0,2024-06-05
2024060503015115,GILB,62,62,20.0,1562.0,31240.0,2024-06-05
2024060503015114,GILB,62,43,100.0,1561.8,156180.0,2024-06-05
2024060503015113,GILB,62,34,59.0,1561.8,92146.2,2024-06-05
2024060503015112,GILB,62,56,50.0,1560.0,78000.0,2024-06-05
2024060503015111,GILB,62,52,30.0,1560.0,46800.0,2024-06-05
2024060503015110,GILB,62,41,100.0,1558.0,155800.0,2024-06-05
2024060503015109,GILB,62,53,70.0,1550.0,108500.0,2024-06-05
2024060503015108,GILB,28,53,30.0,1550.0,46500.0,2024-06-05
2024060501021721,SANIMA,34,17,209.0,253.0,52877.0,2024-06-05
2024060501021720,BHPL,43,35,10.0,571.0,5710.0,2024-06-05
2024060503015107,EDBL,21,57,10.0,380.5,3805.0,2024-06-05
2024060501021719,GBIME,28,53,100.0,182.0,18200.0,2024-06-05
2024060501021718,MAKAR,88,5,500.0,383.9,191950.0,2024-06-05
2024060501021717,PCBL,45,45,330.0,199.0,65670.0,2024-06-05
2024060504007148,IGI,45,35,500.0,528.4,264200.0,2024-06-05
2024060504007147,AHPC,38,1,150.0,154.6,23190.0,2024-06-05
2024060504007146,AHPC,17,1,100.0,154.6,15460.0,2024-06-05
2024060504007145,AKPL,59,32,1000.0,163.0,163000.0,2024-06-05
2024060505005113,SMATA,38,49,80.0,1020.0,81600.0,2024-06-05
2024060505005112,SMATA,38,25,20.0,1020.0,20400.0,2024-06-05
2024060505005111,SMATA,38,45,84.0,1020.0,85680.0,2024-06-05
2024060505005110,SMATA,38,45,16.0,1019.8,16316.8,2024-06-05
2024060503015106,NLIC,28,53,33.0,608.0,20064.0,2024-06-05
2024060503015105,GFCL,53,44,10.0,467.8,4678.0,2024-06-05
2024060501021716,HDL,45,47,40.0,1286.0,51440.0,2024-06-05
2024060503015104,ILBS,45,57,10.0,1369.0,13690.0,2024-06-05
2024060503015103,EDBL,36,57,10.0,380.5,3805.0,2024-06-05
2024060504007144,SSHL,17,57,949.0,164.1,155730.9,2024-06-05
2024060501021715,MMKJL,58,64,430.0,485.0,208550.0,2024-06-05
2024060501021714,MMKJL,58,45,200.0,478.7,95740.0,2024-06-05
2024060501021713,MMKJL,58,83,360.0,478.6,172296.0,2024-06-05
2024060501021712,MMKJL,58,38,10.0,478.0,4780.0,2024-06-05
2024060501021711,MKHL,58,58,1000.0,501.0,501000.0,2024-06-05
2024060501021710,MKHL,58,26,200.0,491.0,98200.0,2024-06-05
2024060501021709,MKHL,58,19,10.0,459.0,4590.0,2024-06-05
2024060501021708,MKHL,58,36,10.0,459.0,4590.0,2024-06-05
2024060501021707,MKHL,58,56,10.0,459.0,4590.0,2024-06-05
2024060501021706,MKHL,58,52,50.0,459.0,22950.0,2024-06-05
2024060501021705,MKHL,58,57,10.0,459.0,4590.0,2024-06-05
2024060501021704,MKHL,58,39,500.0,459.0,229500.0,2024-06-05
2024060501021703,MKHL,58,8,60.0,459.0,27540.0,2024-06-05
2024060501021702,MKHL,58,58,10.0,459.0,4590.0,2024-06-05
2024060501021701,MKHL,58,58,10.0,458.2,4582.0,2024-06-05
2024060501021700,MKHL,58,13,130.0,458.1,59553.0,2024-06-05
2024060501021699,MKHL,58,8,10.0,458.0,4580.0,2024-06-05
2024060501021698,MKHL,58,42,10.0,458.0,4580.0,2024-06-05
2024060501021697,MKHL,58,49,70.0,458.0,32060.0,2024-06-05
2024060501021696,MKHL,58,42,500.0,458.0,229000.0,2024-06-05
2024060501021695,MKHL,58,5,10.0,458.0,4580.0,2024-06-05
2024060501021694,MKHL,58,58,10.0,458.0,4580.0,2024-06-05
2024060501021693,MKHL,58,58,10.0,458.0,4580.0,2024-06-05
2024060501021692,MKHL,58,91,20.0,457.8,9156.0,2024-06-05
2024060501021691,MKHL,58,36,300.0,457.0,137100.0,2024-06-05
2024060501021690,MKHL,58,22,10.0,457.0,4570.0,2024-06-05
2024060501021689,MKHL,58,25,10.0,457.0,4570.0,2024-06-05
2024060501021688,MKHL,58,17,100.0,456.0,45600.0,2024-06-05
2024060501021687,MKHL,58,25,10.0,456.0,4560.0,2024-06-05
2024060501021686,MKHL,58,58,10.0,456.0,4560.0,2024-06-05
2024060501021685,MKHL,58,58,10.0,456.0,4560.0,2024-06-05
2024060501021684,MKHL,58,49,10.0,455.0,4550.0,2024-06-05
2024060501021683,MKHL,58,48,500.0,455.0,227500.0,2024-06-05
2024060501021682,MKHL,58,34,10.0,455.0,4550.0,2024-06-05
2024060501021681,MKHL,58,48,10.0,455.0,4550.0,2024-06-05
2024060501021680,MKHL,58,58,10.0,455.0,4550.0,2024-06-05
2024060501021679,MKHL,58,5,10.0,455.0,4550.0,2024-06-05
2024060501021678,MKHL,58,46,10.0,455.0,4550.0,2024-06-05
2024060501021677,MKHL,58,58,10.0,455.0,4550.0,2024-06-05
2024060501021676,MKHL,58,58,10.0,452.0,4520.0,2024-06-05
2024060501021675,MKHL,58,65,195.0,452.0,88140.0,2024-06-05
2024060501021674,MKHL,58,25,10.0,452.0,4520.0,2024-06-05
2024060501021673,MKHL,58,35,10.0,452.0,4520.0,2024-06-05
2024060501021672,MKHL,58,42,500.0,451.0,225500.0,2024-06-05
2024060503015102,NICLBSL,69,35,50.0,665.0,33250.0,2024-06-05
2024060501021671,JALPA,17,45,14.0,1505.0,21070.0,2024-06-05
2024060501021670,JBLB,19,33,20.0,1356.0,27120.0,2024-06-05
2024060503015101,SAPDBL,52,45,25.0,325.0,8125.0,2024-06-05
2024060503015100,SAPDBL,52,18,94.0,324.0,30456.0,2024-06-05
2024060501021669,BHPL,43,28,65.0,571.0,37115.0,2024-06-05
2024060501021668,BHPL,10,28,10.0,582.4,5824.0,2024-06-05
2024060501021667,MKHL,34,47,10.0,450.0,4500.0,2024-06-05
2024060501021666,MKHL,34,34,100.0,449.2,44920.0,2024-06-05
2024060501021665,SRLI,38,14,10.0,445.0,4450.0,2024-06-05
2024060501021664,SRLI,38,58,10.0,445.0,4450.0,2024-06-05
2024060501021663,SRLI,38,17,36.0,445.0,16020.0,2024-06-05
2024060501021662,SRLI,38,22,10.0,443.0,4430.0,2024-06-05
2024060501021661,CITY,51,53,83.0,639.0,53037.0,2024-06-05
2024060501021660,CITY,11,53,602.0,639.0,384678.0,2024-06-05
2024060501021659,CITY,34,53,470.0,639.1,300377.0,2024-06-05
2024060501021658,CITY,38,53,50.0,639.5,31975.0,2024-06-05
2024060501021657,CITY,38,53,95.0,640.0,60800.0,2024-06-05
2024060503015099,NLICL,6,45,270.0,545.1,147177.0,2024-06-05
2024060503015098,NLICL,56,45,200.0,545.1,109020.0,2024-06-05
2024060503015097,NLICL,52,45,30.0,545.2,16356.0,2024-06-05
2024060505005109,ENL,45,65,30.0,929.0,27870.0,2024-06-05
2024060501021656,ADBL,82,7,1000.0,264.0,264000.0,2024-06-05
2024060504007143,API,14,51,598.0,168.0,100464.0,2024-06-05
2024060501021655,HDL,57,47,40.0,1286.0,51440.0,2024-06-05
2024060501021654,HDL,47,47,50.0,1287.0,64350.0,2024-06-05
2024060501021653,HDL,32,47,50.0,1287.0,64350.0,2024-06-05
2024060501021652,DLBS,25,51,10.0,1265.0,12650.0,2024-06-05
2024060503015096,MPFL,43,45,210.0,490.0,102900.0,2024-06-05
2024060503015095,MPFL,43,29,30.0,489.5,14685.0,2024-06-05
2024060503015094,MPFL,43,46,420.0,489.4,205548.0,2024-06-05
2024060503015093,MPFL,43,13,50.0,489.4,24470.0,2024-06-05
2024060503015092,MPFL,43,38,405.0,489.0,198045.0,2024-06-05
2024060503015091,MPFL,43,19,300.0,489.0,146700.0,2024-06-05
2024060503015090,MPFL,43,19,300.0,488.9,146670.0,2024-06-05
2024060503015089,MPFL,43,59,100.0,488.0,48800.0,2024-06-05
2024060503015088,MPFL,43,36,15.0,486.5,7297.5,2024-06-05
2024060503015087,MPFL,43,58,100.0,486.5,48650.0,2024-06-05
2024060503015086,MPFL,43,22,70.0,486.0,34020.0,2024-06-05
2024060504007142,UPPER,51,57,1000.0,161.6,161600.0,2024-06-05
2024060503015085,KSBBL,33,57,50.0,372.9,18645.0,2024-06-05
2024060504007141,SSHL,17,17,10.0,167.2,1672.0,2024-06-05
2024060504007140,RIDI,19,49,599.0,164.6,98595.4,2024-06-05
2024060504007139,RIDI,18,49,153.0,164.6,25183.8,2024-06-05
2024060501021651,MKHC,47,55,10.0,317.0,3170.0,2024-06-05
2024060501021650,BHDC,55,20,35.0,582.7,20394.5,2024-06-05
2024060505005108,ENL,32,22,10.0,929.0,9290.0,2024-06-05
2024060505005107,ENL,32,55,50.0,928.0,46400.0,2024-06-05
2024060505005106,ENL,32,10,20.0,918.0,18360.0,2024-06-05
2024060503015084,JFL,41,32,100.0,568.0,56800.0,2024-06-05
2024060504007138,SGIC,26,52,10.0,531.7,5317.0,2024-06-05
2024060504007137,NHPC,45,20,165.0,144.5,23842.5,2024-06-05
2024060504007136,NHPC,36,20,1030.0,144.5,148835.0,2024-06-05
2024060504007135,NHPC,51,20,322.0,144.5,46529.0,2024-06-05
2024060504007134,NHPC,44,20,348.0,144.6,50320.8,2024-06-05
2024060504007133,NHPC,21,20,35.0,145.0,5075.0,2024-06-05
2024060504007132,CHL,35,42,10.0,313.4,3134.0,2024-06-05
2024060501021649,MKLB,72,95,11.0,1192.0,13112.0,2024-06-05
2024060503015083,ICFC,55,18,200.0,512.0,102400.0,2024-06-05
2024060504007131,NHPC,21,50,15.0,145.0,2175.0,2024-06-05
2024060501021648,RFPL,6,54,10.0,350.0,3500.0,2024-06-05
2024060501021647,NICA,41,48,20.0,412.0,8240.0,2024-06-05
2024060501021646,SMHL,7,34,500.0,543.9,271950.0,2024-06-05
2024060501021645,MEHL,36,57,25.0,339.0,8475.0,2024-06-05
2024060504007130,CHL,35,46,70.0,313.4,21938.0,2024-06-05
2024060501021644,MEL,58,49,50.0,224.0,11200.0,2024-06-05
2024060501021643,MEL,58,17,150.0,223.5,33525.0,2024-06-05
2024060503015082,PROFL,49,77,95.0,363.0,34485.0,2024-06-05
2024060504007129,UMRH,58,6,10.0,364.0,3640.0,2024-06-05
2024060503015081,NFS,74,62,200.0,602.0,120400.0,2024-06-05
2024060503015080,NFS,49,62,40.0,602.0,24080.0,2024-06-05
2024060503015079,CFCL,13,53,70.0,425.0,29750.0,2024-06-05
2024060504007128,NIL,6,41,10.0,799.0,7990.0,2024-06-05
2024060504007127,NIL,44,41,500.0,799.0,399500.0,2024-06-05
2024060504007126,NIL,44,41,100.0,799.0,79900.0,2024-06-05
2024060501021642,SMHL,49,32,10.0,541.0,5410.0,2024-06-05
2024060504007125,HDHPC,54,32,10.0,128.7,1287.0,2024-06-05
2024060505005105,CIT,51,52,20.0,2107.0,42140.0,2024-06-05
2024060505005104,CIT,34,52,20.0,2108.0,42160.0,2024-06-05
2024060505005103,CIT,21,52,10.0,2108.0,21080.0,2024-06-05
2024060505005102,CIT,34,52,100.0,2108.0,210800.0,2024-06-05
2024060503015078,JFL,41,28,100.0,568.0,56800.0,2024-06-05
2024060503015077,CFCL,38,53,10.0,425.0,4250.0,2024-06-05
2024060505005101,STC,54,53,50.0,4818.0,240900.0,2024-06-05
2024060501021641,LSL,33,53,38873.0,160.0,6219680.0,2024-06-05
2024060501021640,LSL,36,53,500.0,160.0,80000.0,2024-06-05
2024060501021639,LSL,35,53,100.0,160.0,16000.0,2024-06-05
2024060501021638,LSL,35,53,1000.0,160.0,160000.0,2024-06-05
2024060501021637,LSL,51,53,50.0,160.0,8000.0,2024-06-05
2024060501021636,LSL,6,53,300.0,160.0,48000.0,2024-06-05
2024060501021635,LSL,52,53,10.0,160.0,1600.0,2024-06-05
2024060501021634,LSL,16,53,100.0,160.0,16000.0,2024-06-05
2024060501021633,LSL,56,53,55.0,160.0,8800.0,2024-06-05
2024060501021632,LSL,44,53,4732.0,160.0,757120.0,2024-06-05
2024060501021631,LSL,11,53,350.0,160.1,56035.0,2024-06-05
2024060501021630,LSL,39,53,300.0,160.1,48030.0,2024-06-05
2024060501021629,LSL,36,53,980.0,160.1,156898.0,2024-06-05
2024060501021628,LSL,80,53,2000.0,160.2,320400.0,2024-06-05
2024060501021627,LSL,32,53,150.0,160.5,24075.0,2024-06-05
2024060501021626,LSL,36,53,500.0,160.6,80300.0,2024-06-05
2024060501021625,MANDU,58,36,13.0,830.0,10790.0,2024-06-05
2024060501021624,MANDU,71,36,87.0,830.0,72210.0,2024-06-05
2024060504007124,RADHI,44,48,50.0,229.0,11450.0,2024-06-05
2024060504007123,RADHI,44,41,50.0,229.0,11450.0,2024-06-05
2024060503015076,BFC,62,38,211.0,439.0,92629.0,2024-06-05
2024060503015075,BFC,62,32,25.0,439.0,10975.0,2024-06-05
2024060503015074,BFC,62,52,64.0,438.9,28089.6,2024-06-05
2024060503015073,SMB,35,13,113.0,1600.0,180800.0,2024-06-05
2024060503015072,SMB,22,13,10.0,1602.0,16020.0,2024-06-05
2024060503015071,SMB,40,13,11.0,1605.2,17657.2,2024-06-05
2024060503015070,SMB,40,13,10.0,1605.5,16055.0,2024-06-05
2024060503015069,SMB,40,13,10.0,1606.5,16065.0,2024-06-05
2024060503015068,SMB,45,13,46.0,1611.0,74106.0,2024-06-05
2024060501021623,MBL,41,42,50.0,171.0,8550.0,2024-06-05
2024060501021622,DORDI,54,41,30.0,418.0,12540.0,2024-06-05
2024060503015067,NMLBBL,42,34,30.0,729.9,21897.0,2024-06-05
2024060503015066,NMLBBL,42,53,20.0,729.0,14580.0,2024-06-05
2024060503015065,MPFL,34,22,50.0,486.0,24300.0,2024-06-05
2024060503015064,MLBSL,28,34,20.0,1925.0,38500.0,2024-06-05
2024060501021621,MLBS,58,71,10.0,1340.0,13400.0,2024-06-05
2024060501021620,BHPL,35,62,200.0,607.0,121400.0,2024-06-05
2024060501021619,BHPL,35,57,50.0,605.0,30250.0,2024-06-05
2024060501021618,BHPL,35,25,200.0,600.0,120000.0,2024-06-05
2024060501021617,BHPL,35,32,250.0,600.0,150000.0,2024-06-05
2024060503015063,ICFC,55,53,71.0,512.0,36352.0,2024-06-05
2024060503015062,ICFC,39,53,29.0,512.1,14850.9,2024-06-05
2024060501021616,SHIVM,58,35,50.0,491.2,24560.0,2024-06-05
2024060503015061,MERO,57,45,50.0,688.0,34400.0,2024-06-05
2024060503015060,GBLBS,45,77,200.0,774.0,154800.0,2024-06-05
2024060504007122,MHNL,36,41,60.0,233.0,13980.0,2024-06-05
2024060504007121,MHNL,36,70,85.0,232.5,19762.5,2024-06-05
2024060504007120,MHNL,36,57,30.0,232.4,6972.0,2024-06-05
2024060504007119,MHNL,36,58,80.0,230.1,18408.0,2024-06-05
2024060504007118,MHNL,36,11,745.0,230.0,171350.0,2024-06-05
2024060503015059,SADBL,62,46,907.0,315.9,286521.3,2024-06-05
2024060503015058,SADBL,44,46,93.0,315.9,29378.7,2024-06-05
2024060501021615,NABIL,45,22,10.0,481.0,4810.0,2024-06-05
2024060503015057,JFL,41,86,970.0,568.0,550960.0,2024-06-05
2024060503015056,JFL,35,86,30.0,568.9,17067.0,2024-06-05
2024060503015055,NMBMF,5,36,10.0,692.0,6920.0,2024-06-05
2024060503015054,NMBMF,5,25,30.0,692.0,20760.0,2024-06-05
2024060501021614,SMJC,54,5,40.0,373.0,14920.0,2024-06-05
2024060501021613,SMJC,34,5,200.0,373.0,74600.0,2024-06-05
2024060501021612,SMJC,77,5,200.0,373.0,74600.0,2024-06-05
2024060501021611,SMJC,42,5,10.0,376.0,3760.0,2024-06-05
2024060501021610,SMJC,42,5,50.0,376.9,18845.0,2024-06-05
2024060503015053,PMLI,62,36,11.0,503.0,5533.0,2024-06-05
2024060505005100,HRL,77,55,172.0,568.1,97713.2,2024-06-05
2024060504007117,DHPL,54,10,200.0,188.7,37740.0,2024-06-05
2024060504007116,DHPL,22,10,200.0,188.7,37740.0,2024-06-05
2024060504007115,DHPL,57,10,50.0,188.7,9435.0,2024-06-05
2024060505005099,NRN,67,74,35.0,599.0,20965.0,2024-06-05
2024060501021609,RAWA,18,45,300.0,503.8,151140.0,2024-06-05
2024060501021608,MHCL,55,56,10.0,384.0,3840.0,2024-06-05
2024060501021607,HATHY,38,35,10.0,915.0,9150.0,2024-06-05
2024060503015052,PFL,35,29,36.0,639.9,23036.4,2024-06-05
2024060503015051,PFL,35,16,140.0,639.9,89586.0,2024-06-05
2024060503015050,PFL,35,42,24.0,639.0,15336.0,2024-06-05
2024060503015049,JFL,35,55,170.0,568.9,96713.0,2024-06-05
2024060503015048,MNBBL,42,45,418.0,345.3,144335.4,2024-06-05
2024060503015047,FMDBL,14,51,70.0,685.0,47950.0,2024-06-05
2024060503015046,FMDBL,17,51,30.0,685.0,20550.0,2024-06-05
2024060501021606,SHLB,52,86,40.0,1766.0,70640.0,2024-06-05
2024060501021605,VLUCL,10,58,10.0,487.0,4870.0,2024-06-05
2024060503015045,MPFL,39,22,100.0,486.0,48600.0,2024-06-05
2024060504007114,SPIL,46,17,72.0,772.1,55591.2,2024-06-05
2024060504007113,SPIL,38,17,20.0,772.2,15444.0,2024-06-05
2024060501021604,HDL,19,45,40.0,1287.1,51484.0,2024-06-05
2024060501021603,MSHL,55,43,10.0,640.0,6400.0,2024-06-05
2024060503015044,NADEP,42,88,10.0,869.0,8690.0,2024-06-05
2024060503015043,EDBL,21,49,10.0,380.0,3800.0,2024-06-05
2024060505005098,HRL,38,6,10.0,568.6,5686.0,2024-06-05
2024060501021602,JALPA,40,32,20.0,1505.0,30100.0,2024-06-05
2024060501021601,JALPA,40,47,10.0,1505.0,15050.0,2024-06-05
2024060503015042,JBBL,14,51,33.0,286.5,9454.5,2024-06-05
2024060501021600,KBL,43,58,70.0,141.0,9870.0,2024-06-05
2024060504007112,HURJA,39,70,340.0,275.5,93670.0,2024-06-05
2024060504007111,HURJA,32,70,100.0,275.5,27550.0,2024-06-05
2024060504007110,API,58,14,10.0,168.5,1685.0,2024-06-05
2024060501021599,SNLI,38,58,40.0,464.0,18560.0,2024-06-05
2024060501021598,SBI,32,7,10.0,297.0,2970.0,2024-06-05
2024060504007109,IGI,57,54,70.0,527.0,36890.0,2024-06-05
2024060501021597,KBSH,16,10,25.0,1126.0,28150.0,2024-06-05
2024060505005097,CHDC,83,49,30.0,957.0,28710.0,2024-06-05
2024060505005096,CHDC,14,49,70.0,959.0,67130.0,2024-06-05
2024060503015041,GBLBS,34,77,70.0,774.0,54180.0,2024-06-05
2024060501021596,DORDI,34,7,100.0,420.0,42000.0,2024-06-05
2024060501021595,MCHL,58,35,25.0,391.0,9775.0,2024-06-05
2024060504007108,UPPER,51,36,20.0,161.6,3232.0,2024-06-05
2024060504007107,UPPER,42,36,100.0,161.6,16160.0,2024-06-05
2024060504007106,UPPER,58,36,780.0,161.6,126048.0,2024-06-05
2024060504007105,UPPER,16,36,100.0,161.7,16170.0,2024-06-05
2024060501021594,JBLB,49,33,13.0,1356.0,17628.0,2024-06-05
2024060501021593,SHIVM,58,17,13.0,491.2,6385.6,2024-06-05
2024060504007104,NHPC,44,55,52.0,144.6,7519.2,2024-06-05
2024060504007103,NHPC,45,55,1000.0,144.7,144700.0,2024-06-05
2024060504007102,NHPC,26,55,948.0,144.9,137365.2,2024-06-05
2024060501021592,CZBIL,57,13,100.0,167.0,16700.0,2024-06-05
2024060504007101,SSHL,17,41,50.0,164.1,8205.0,2024-06-05
2024060503015040,MLBBL,49,18,10.0,1368.0,13680.0,2024-06-05
2024060505005095,HRL,77,49,20.0,568.1,11362.0,2024-06-05
2024060503015039,NFS,74,46,10.0,604.9,6049.0,2024-06-05
2024060504007100,MHNL,3,11,10.0,230.0,2300.0,2024-06-05
2024060501021591,BHPL,58,32,10.0,600.0,6000.0,2024-06-05
2024060504007099,AKPL,59,52,15.0,163.0,2445.0,2024-06-05
2024060504007098,AKPL,45,52,290.0,163.1,47299.0,2024-06-05
2024060504007097,AKPL,8,52,55.0,163.3,8981.5,2024-06-05
2024060504007096,AKPL,58,52,40.0,163.4,6536.0,2024-06-05
2024060504007095,AKPL,53,52,100.0,163.5,16350.0,2024-06-05
2024060503015038,MSLB,40,38,100.0,1384.0,138400.0,2024-06-05
2024060503015037,SLBSL,45,57,330.0,1195.0,394350.0,2024-06-05
2024060501021590,BEDC,26,1,10.0,385.0,3850.0,2024-06-05
2024060501021589,MKCL,1,38,10.0,1033.0,10330.0,2024-06-05
2024060503015036,SWBBL,59,14,131.0,851.0,111481.0,2024-06-05
2024060503015035,SWBBL,59,33,450.0,851.0,382950.0,2024-06-05
2024060503015034,SWBBL,59,10,369.0,850.9,313982.1,2024-06-05
2024060503015033,SWBBL,59,41,20.0,849.9,16998.0,2024-06-05
2024060503015032,SWBBL,59,42,30.0,849.0,25470.0,2024-06-05
2024060503015031,NABBC,43,37,50.0,586.0,29300.0,2024-06-05
2024060501021588,SONA,22,35,10.0,441.0,4410.0,2024-06-05
2024060501021587,SONA,22,49,10.0,440.9,4409.0,2024-06-05
2024060501021586,PPL,57,29,50.0,437.0,21850.0,2024-06-05
2024060503015030,JFL,41,57,378.0,568.0,214704.0,2024-06-05
2024060504007094,LEC,34,14,1000.0,179.2,179200.0,2024-06-05
2024060501021585,NRM,49,26,125.0,374.0,46750.0,2024-06-05
2024060501021584,NRM,45,26,20.0,374.0,7480.0,2024-06-05
2024060501021583,NRM,59,26,145.0,374.0,54230.0,2024-06-05
2024060503015029,ICFC,39,42,100.0,512.1,51210.0,2024-06-05
2024060503015028,MERO,71,57,15.0,690.0,10350.0,2024-06-05
2024060503015027,MERO,71,45,25.0,690.0,17250.0,2024-06-05
2024060503015026,MERO,71,34,60.0,689.9,41394.0,2024-06-05
2024060501021582,MANDU,65,16,50.0,840.0,42000.0,2024-06-05
2024060501021581,MANDU,65,42,100.0,839.1,83910.0,2024-06-05
2024060501021580,MANDU,65,5,50.0,839.0,41950.0,2024-06-05
2024060501021579,MANDU,65,34,100.0,835.0,83500.0,2024-06-05
2024060504007093,HEI,62,36,500.0,596.1,298050.0,2024-06-05
2024060501021578,RFPL,36,54,10.0,350.0,3500.0,2024-06-05
2024060505005094,NTC,59,1,25.0,830.9,20772.5,2024-06-05
2024060505005093,NTC,4,1,310.0,831.0,257610.0,2024-06-05
2024060505005092,NTC,45,1,20.0,831.0,16620.0,2024-06-05
2024060505005091,NTC,58,1,20.0,831.0,16620.0,2024-06-05
2024060505005090,NTC,54,1,350.0,831.0,290850.0,2024-06-05
2024060505005089,NTC,25,1,100.0,831.0,83100.0,2024-06-05
2024060505005088,NTC,13,1,25.0,831.0,20775.0,2024-06-05
2024060505005087,NTC,55,1,130.0,831.0,108030.0,2024-06-05
2024060505005086,NTC,29,1,20.0,831.2,16624.0,2024-06-05
2024060501021577,BHDC,59,20,165.0,582.7,96145.5,2024-06-05
2024060501021576,CLI,77,32,80.0,480.0,38400.0,2024-06-05
2024060501021575,CLI,77,41,10.0,480.0,4800.0,2024-06-05
2024060501021574,CLI,77,41,10.0,480.0,4800.0,2024-06-05
2024060501021573,MAKAR,13,57,100.0,384.0,38400.0,2024-06-05
2024060501021572,MAKAR,13,33,100.0,384.0,38400.0,2024-06-05
2024060504007092,KPCL,50,62,400.0,437.0,174800.0,2024-06-05
2024060505005085,NRN,58,74,516.0,605.0,312180.0,2024-06-05
2024060505005084,NRN,58,35,280.0,604.9,169372.0,2024-06-05
2024060505005083,NRN,58,57,10.0,604.8,6048.0,2024-06-05
2024060505005082,NRN,58,5,100.0,604.0,60400.0,2024-06-05
2024060505005081,NRN,58,56,50.0,603.9,30195.0,2024-06-05
2024060505005080,NRN,58,57,186.0,603.0,112158.0,2024-06-05
2024060505005079,NRN,58,22,10.0,603.0,6030.0,2024-06-05
2024060505005078,NRN,58,41,1935.0,603.0,1166805.0,2024-06-05
2024060505005077,NRN,58,64,1000.0,602.9,602900.0,2024-06-05
2024060505005076,NRN,58,1,500.0,602.1,301050.0,2024-06-05
2024060505005075,NRN,58,49,10.0,602.1,6021.0,2024-06-05
2024060505005074,NRN,58,10,100.0,602.0,60200.0,2024-06-05
2024060505005073,NRN,58,49,1818.0,602.0,1094436.0,2024-06-05
2024060505005072,NRN,58,88,915.0,602.0,550830.0,2024-06-05
2024060505005071,NRN,58,34,625.0,601.0,375625.0,2024-06-05
2024060505005070,NRN,58,38,300.0,601.0,180300.0,2024-06-05
2024060505005069,NRN,58,60,500.0,601.0,300500.0,2024-06-05
2024060505005068,NRN,58,94,1145.0,600.0,687000.0,2024-06-05
2024060503015025,VLBS,21,45,10.0,1084.5,10845.0,2024-06-05
2024060503015024,PMLI,68,36,10.0,503.0,5030.0,2024-06-05
2024060501021571,NBL,41,42,11.0,209.0,2299.0,2024-06-05
2024060501021570,NBL,45,42,110.0,209.0,22990.0,2024-06-05
2024060501021569,SMH,40,59,160.0,705.0,112800.0,2024-06-05
2024060501021568,SMH,40,28,10.0,701.0,7010.0,2024-06-05
2024060503015023,SHINE,54,53,398.0,385.0,153230.0,2024-06-05
2024060503015022,SHINE,54,53,200.0,385.0,77000.0,2024-06-05
2024060503015021,SHINE,6,53,20.0,385.0,7700.0,2024-06-05
2024060503015020,SHINE,60,53,329.0,385.0,126665.0,2024-06-05
2024060503015019,CBBL,32,46,50.0,836.1,41805.0,2024-06-05
2024060503015018,CBBL,4,46,69.0,836.2,57697.8,2024-06-05
2024060505005067,NRIC,52,35,100.0,658.0,65800.0,2024-06-05
2024060505005066,NRIC,58,35,30.0,658.0,19740.0,2024-06-05
2024060505005065,NRIC,42,35,20.0,658.0,13160.0,2024-06-05
2024060505005064,NRIC,45,35,43.0,658.0,28294.0,2024-06-05
2024060504007091,UMRH,35,75,38.0,365.0,13870.0,2024-06-05
2024060504007090,UMRH,35,35,100.0,364.0,36400.0,2024-06-05
2024060504007089,UMRH,35,45,62.0,364.0,22568.0,2024-06-05
2024060503015017,MPFL,36,22,10.0,486.0,4860.0,2024-06-05
2024060503015016,MPFL,42,22,20.0,486.0,9720.0,2024-06-05
2024060501021567,RHGCL,47,35,20.0,348.4,6968.0,2024-06-05
2024060501021566,RHGCL,74,35,280.0,348.4,97552.0,2024-06-05
2024060501021565,RHGCL,21,35,90.0,348.6,31374.0,2024-06-05
2024060501021564,SPC,91,57,110.0,515.0,56650.0,2024-06-05
2024060501021563,SPC,34,57,90.0,515.0,46350.0,2024-06-05
2024060501021562,PRVU,5,14,100.0,143.3,14330.0,2024-06-05
2024060505005063,CHDC,14,17,30.0,959.0,28770.0,2024-06-05
2024060504007088,SSHL,17,55,1000.0,164.0,164000.0,2024-06-05
2024060504007087,SSHL,17,32,2001.0,160.9,321960.9,2024-06-05
2024060501021561,JALPA,19,49,50.0,1505.0,75250.0,2024-06-05
2024060503015015,SHINE,60,49,1105.0,385.0,425425.0,2024-06-05
2024060501021560,NABIL,25,29,235.0,480.0,112800.0,2024-06-05
2024060501021559,NABIL,53,29,40.0,480.0,19200.0,2024-06-05
2024060501021558,NABIL,42,29,402.0,480.0,192960.0,2024-06-05
2024060501021557,NABIL,77,29,313.0,480.1,150271.3,2024-06-05
2024060501021556,NABIL,58,29,10.0,481.0,4810.0,2024-06-05
2024060503015014,CFCL,34,38,70.0,423.0,29610.0,2024-06-05
2024060503015013,CFCL,47,38,10.0,423.0,4230.0,2024-06-05
2024060503015012,CFCL,48,38,15.0,423.0,6345.0,2024-06-05
2024060503015011,GUFL,1,38,40.0,668.0,26720.0,2024-06-05
2024060503015010,GUFL,32,38,160.0,668.1,106896.0,2024-06-05
2024060503015009,SIFC,45,22,700.0,428.0,299600.0,2024-06-05
2024060503015008,SIFC,45,59,40.0,428.0,17120.0,2024-06-05
2024060501021555,AVYAN,50,34,90.0,951.1,85599.0,2024-06-05
2024060501021554,AVYAN,34,34,10.0,952.0,9520.0,2024-06-05
2024060501021553,MHCL,34,58,10.0,387.0,3870.0,2024-06-05
2024060501021552,MHCL,34,18,100.0,386.0,38600.0,2024-06-05
2024060501021551,BEDC,22,57,60.0,385.2,23112.0,2024-06-05
2024060503015007,MLBBL,44,18,355.0,1368.0,485640.0,2024-06-05
2024060503015006,MLBBL,44,36,45.0,1368.0,61560.0,2024-06-05
2024060503015005,MLBBL,44,58,50.0,1366.0,68300.0,2024-06-05
2024060503015004,MLBBL,44,7,100.0,1365.0,136500.0,2024-06-05
2024060503015003,MLBBL,44,36,200.0,1364.5,272900.0,2024-06-05
2024060503015002,MLBBL,44,58,190.0,1364.0,259160.0,2024-06-05
2024060503015001,MLBBL,44,33,30.0,1363.9,40917.0,2024-06-05
2024060503015000,MLBBL,44,53,30.0,1360.0,40800.0,2024-06-05
2024060504007086,SPIL,44,45,10.0,777.7,7777.0,2024-06-05
2024060504007085,SPIL,44,50,100.0,777.0,77700.0,2024-06-05
2024060503014999,ILBS,21,44,150.0,1356.0,203400.0,2024-06-05
2024060503014998,ILBS,50,44,200.0,1356.0,271200.0,2024-06-05
2024060503014997,NFS,49,41,1460.0,602.0,878920.0,2024-06-05
2024060503014996,NFS,3,41,200.0,602.0,120400.0,2024-06-05
2024060503014995,NFS,71,41,200.0,602.0,120400.0,2024-06-05
2024060503014994,NFS,32,41,200.0,602.0,120400.0,2024-06-05
2024060503014993,NFS,45,41,100.0,602.1,60210.0,2024-06-05
2024060503014992,NFS,25,41,200.0,602.1,120420.0,2024-06-05
2024060503014991,NFS,34,41,100.0,603.0,60300.0,2024-06-05
2024060503014990,NFS,96,41,530.0,603.0,319590.0,2024-06-05
2024060503014989,NFS,6,41,100.0,603.1,60310.0,2024-06-05
2024060503014988,NFS,89,41,160.0,604.0,96640.0,2024-06-05
2024060503014987,NFS,47,41,50.0,604.1,30205.0,2024-06-05
2024060503014986,SFCL,41,35,16.0,366.0,5856.0,2024-06-05
2024060501021550,ANLB,26,49,30.0,2342.0,70260.0,2024-06-05
2024060501021549,SMHL,49,34,200.0,543.9,108780.0,2024-06-05
2024060504007084,CGH,37,75,20.0,857.0,17140.0,2024-06-05
2024060503014985,MLBSL,28,49,11.0,1925.0,21175.0,2024-06-05
2024060503014984,EDBL,21,28,50.0,380.0,19000.0,2024-06-05
2024060501021548,GCIL,26,6,10.0,477.0,4770.0,2024-06-05
2024060501021547,ADBL,82,48,10.0,264.0,2640.0,2024-06-05
2024060503014983,SHINE,56,33,10.0,386.0,3860.0,2024-06-05
2024060504007083,SHEL,42,34,80.0,155.5,12440.0,2024-06-05
2024060503014982,SKBBL,53,21,148.0,819.0,121212.0,2024-06-05
2024060503014981,CFCL,38,53,10.0,425.0,4250.0,2024-06-05
2024060501021546,CITY,38,45,10.0,640.0,6400.0,2024-06-05
2024060505005062,HRL,77,35,26.0,568.1,14770.6,2024-06-05
2024060503014980,MPFL,42,13,50.0,486.0,24300.0,2024-06-05
2024060501021545,PHCL,72,51,140.0,305.6,42784.0,2024-06-05
2024060501021544,PHCL,72,3,150.0,305.0,45750.0,2024-06-05
2024060501021543,PHCL,72,58,10.0,305.0,3050.0,2024-06-05
2024060501021542,PHCL,72,41,190.0,305.0,57950.0,2024-06-05
2024060501021541,PHCL,72,42,10.0,305.0,3050.0,2024-06-05
2024060501021540,PHCL,72,40,10.0,305.0,3050.0,2024-06-05
2024060501021539,PHCL,72,77,10.0,305.0,3050.0,2024-06-05
2024060501021538,PHCL,72,45,10.0,305.0,3050.0,2024-06-05
2024060501021537,PHCL,72,34,10.0,305.0,3050.0,2024-06-05
2024060501021536,PHCL,72,10,110.0,304.0,33440.0,2024-06-05
2024060501021535,PHCL,72,5,1000.0,304.0,304000.0,2024-06-05
2024060501021534,PHCL,72,38,10.0,304.0,3040.0,2024-06-05
2024060501021533,PHCL,72,38,10.0,304.0,3040.0,2024-06-05
2024060501021532,PHCL,72,66,330.0,303.0,99990.0,2024-06-05
2024060504007082,GLH,45,49,184.0,201.0,36984.0,2024-06-05
2024060504007081,GLH,17,49,100.0,201.0,20100.0,2024-06-05
2024060504007080,GLH,19,49,100.0,201.0,20100.0,2024-06-05
2024060504007079,GLH,39,49,200.0,201.5,40300.0,2024-06-05
2024060504007078,GLH,48,49,98.0,201.6,19756.8,2024-06-05
2024060504007077,GLH,58,49,140.0,201.7,28238.0,2024-06-05
2024060504007076,GLH,70,49,78.0,201.7,15732.6,2024-06-05
2024060504007075,GLH,59,49,290.0,201.8,58522.0,2024-06-05
2024060504007074,GLH,54,49,10.0,202.0,2020.0,2024-06-05
2024060503014979,LLBS,3,62,20.0,1226.0,24520.0,2024-06-05
2024060501021531,MEL,51,56,10.0,223.0,2230.0,2024-06-05
2024060503014978,NICLBSL,21,42,100.0,662.5,66250.0,2024-06-05
2024060503014977,RLFL,42,17,489.0,408.0,199512.0,2024-06-05
2024060501021530,NMB,22,40,20.0,198.0,3960.0,2024-06-05
2024060501021529,NMB,4,40,11.0,198.0,2178.0,2024-06-05
2024060501021528,NMB,57,40,354.0,198.0,70092.0,2024-06-05
2024060501021527,RNLI,56,11,10.0,429.0,4290.0,2024-06-05
2024060503014976,MLBSL,38,42,21.0,1925.0,40425.0,2024-06-05
2024060503014975,MLBSL,38,57,10.0,1925.0,19250.0,2024-06-05
2024060503014974,CBBL,4,57,31.0,836.2,25922.2,2024-06-05
2024060501021526,SAHAS,74,33,50.0,519.0,25950.0,2024-06-05
2024060501021525,TPC,33,64,95.0,493.0,46835.0,2024-06-05
2024060501021524,USHL,54,58,10.0,501.0,5010.0,2024-06-05
2024060501021523,BHPL,58,29,10.0,582.4,5824.0,2024-06-05
2024060504007073,UPPER,58,58,80.0,161.7,12936.0,2024-06-05
2024060503014973,SLBSL,65,57,20.0,1195.0,23900.0,2024-06-05
2024060501021522,HATHY,26,53,400.0,911.0,364400.0,2024-06-05
2024060501021521,HATHY,22,53,50.0,912.0,45600.0,2024-06-05
2024060501021520,HATHY,28,53,300.0,912.0,273600.0,2024-06-05
2024060501021519,HATHY,45,53,50.0,912.1,45605.0,2024-06-05
2024060501021518,CITY,38,45,20.0,640.0,12800.0,2024-06-05
2024060503014972,NICLBSL,22,52,40.0,667.9,26716.0,2024-06-05
2024060503014971,NICLBSL,22,39,20.0,667.9,13358.0,2024-06-05
2024060503014970,NICLBSL,22,43,100.0,667.5,66750.0,2024-06-05
2024060503014969,NICLBSL,22,38,60.0,667.5,40050.0,2024-06-05
2024060503014968,NICLBSL,22,42,80.0,667.3,53384.0,2024-06-05
2024060503014967,NICLBSL,22,13,20.0,667.0,13340.0,2024-06-05
2024060503014966,NICLBSL,22,55,180.0,665.0,119700.0,2024-06-05
2024060503014965,GBLBS,34,77,10.0,774.0,7740.0,2024-06-05
2024060503014964,SWMF,45,17,100.0,854.5,85450.0,2024-06-05
2024060501021517,ULHC,49,32,30.0,379.0,11370.0,2024-06-05
2024060503014963,NMLBBL,6,41,80.0,726.1,58088.0,2024-06-05
2024060501021516,BNHC,53,28,10.0,632.3,6323.0,2024-06-05
2024060501021515,CYCL,42,58,123.0,1570.0,193110.0,2024-06-05
2024060501021514,SONA,42,19,10.0,440.1,4401.0,2024-06-05
2024060504007072,CHL,35,46,320.0,313.4,100288.0,2024-06-05
2024060501021513,ULHC,39,59,10.0,377.0,3770.0,2024-06-05
2024060504007071,NICL,22,42,381.0,830.0,316230.0,2024-06-05
2024060504007070,MHNL,36,34,550.0,228.1,125455.0,2024-06-05
2024060504007069,MHNL,6,34,30.0,228.3,6849.0,2024-06-05
2024060504007068,MHNL,53,34,20.0,228.3,4566.0,2024-06-05
2024060504007067,MHNL,32,34,100.0,228.5,22850.0,2024-06-05
2024060504007066,MHNL,38,34,500.0,228.5,114250.0,2024-06-05
2024060504007065,MHNL,49,34,260.0,228.6,59436.0,2024-06-05
2024060504007064,MHNL,52,34,500.0,228.6,114300.0,2024-06-05
2024060504007063,MHNL,59,34,40.0,229.0,9160.0,2024-06-05
2024060503014962,CFCL,34,53,10.0,425.0,4250.0,2024-06-05
2024060503014961,CFCL,34,57,50.0,425.0,21250.0,2024-06-05
2024060503014960,CFCL,34,34,20.0,425.0,8500.0,2024-06-05
2024060501021512,RAWA,6,33,250.0,500.2,125050.0,2024-06-05
2024060505005061,NIFRA,55,45,300.0,196.7,59010.0,2024-06-05
2024060501021511,SPL,41,62,25.0,690.0,17250.0,2024-06-05
2024060501021510,SPL,41,42,10.0,689.0,6890.0,2024-06-05
2024060501021509,SPL,41,14,10.0,689.0,6890.0,2024-06-05
2024060501021508,SPL,41,46,10.0,689.0,6890.0,2024-06-05
2024060501021507,SPL,41,55,10.0,689.0,6890.0,2024-06-05
2024060503014959,MPFL,42,41,50.0,486.0,24300.0,2024-06-05
2024060501021506,MEL,58,49,240.0,224.0,53760.0,2024-06-05
2024060501021505,MEL,58,33,60.0,223.1,13386.0,2024-06-05
2024060504007062,UMHL,57,21,100.0,233.0,23300.0,2024-06-05
2024060503014958,SABSL,66,21,50.0,1026.2,51310.0,2024-06-05
2024060503014957,NADEP,74,88,173.0,869.1,150354.3,2024-06-05
2024060503014956,NADEP,34,88,50.0,870.0,43500.0,2024-06-05
2024060503014955,NADEP,47,88,200.0,870.0,174000.0,2024-06-05
2024060503014954,GLBSL,74,42,63.0,1900.1,119706.3,2024-06-05
2024060503014953,GLBSL,7,42,20.0,1901.0,38020.0,2024-06-05
2024060503014952,NADEP,42,34,129.0,873.0,112617.0,2024-06-05
2024060503014951,NADEP,42,34,171.0,872.0,149112.0,2024-06-05
2024060503014950,SAPDBL,32,38,500.0,321.8,160900.0,2024-06-05
2024060503014949,SAPDBL,41,38,50.0,321.8,16090.0,2024-06-05
2024060503014948,SAPDBL,17,38,10.0,322.0,3220.0,2024-06-05
2024060503014947,SAPDBL,7,38,38.0,322.0,12236.0,2024-06-05
2024060503014946,MFIL,44,43,433.0,503.2,217885.6,2024-06-05
2024060503014945,MFIL,55,43,50.0,503.3,25165.0,2024-06-05
2024060503014944,MFIL,44,43,17.0,503.3,8556.1,2024-06-05
2024060504007061,UMRH,91,20,200.0,362.1,72420.0,2024-06-05
2024060504007060,UMRH,85,20,550.0,362.1,199155.0,2024-06-05
2024060504007059,UMRH,41,20,250.0,362.1,90525.0,2024-06-05
2024060503014943,KRBL,82,49,180.0,428.0,77040.0,2024-06-05
2024060503014942,JBBL,48,3,150.0,286.6,42990.0,2024-06-05
2024060505005060,CIT,19,48,17.0,2108.0,35836.0,2024-06-05
2024060505005059,CIT,25,48,20.0,2108.1,42162.0,2024-06-05
2024060505005058,CIT,29,48,13.0,2109.0,27417.0,2024-06-05
2024060504007058,NGPL,48,40,10.0,303.0,3030.0,2024-06-05
2024060501021504,SHIVM,29,38,223.0,490.7,109426.1,2024-06-05
2024060501021503,SHIVM,42,38,25.0,490.8,12270.0,2024-06-05
2024060501021502,SHIVM,6,38,100.0,490.8,49080.0,2024-06-05
2024060501021501,SHIVM,53,38,100.0,491.0,49100.0,2024-06-05
2024060501021500,SHIVM,49,38,50.0,491.0,24550.0,2024-06-05
2024060501021499,SHIVM,19,38,50.0,491.0,24550.0,2024-06-05
2024060501021498,SHIVM,16,38,300.0,491.1,147330.0,2024-06-05
2024060501021497,RHGCL,47,6,500.0,349.0,174500.0,2024-06-05
2024060503014941,ICFC,1,58,200.0,512.2,102440.0,2024-06-05
2024060504007057,AKPL,53,1,100.0,163.5,16350.0,2024-06-05
2024060501021496,CYCL,25,5,54.0,1573.0,84942.0,2024-06-05
2024060501021495,KDL,62,59,100.0,1215.0,121500.0,2024-06-05
2024060501021494,HDL,57,22,10.0,1286.0,12860.0,2024-06-05
2024060501021493,HDL,46,22,30.0,1286.0,38580.0,2024-06-05
2024060501021492,HDL,49,22,20.0,1286.0,25720.0,2024-06-05
2024060501021491,HDL,16,22,20.0,1287.0,25740.0,2024-06-05
2024060501021490,HDL,29,22,80.0,1287.0,102960.0,2024-06-05
2024060501021489,HDL,58,22,40.0,1287.1,51484.0,2024-06-05
2024060501021488,CYCL,42,57,25.0,1570.0,39250.0,2024-06-05
2024060501021487,SARBTM,63,57,50.0,809.0,40450.0,2024-06-05
2024060505005057,BBC,57,66,10.0,3800.0,38000.0,2024-06-05
2024060501021486,MSHL,45,57,10.0,636.5,6365.0,2024-06-05
2024060501021485,MKHC,5,39,10.0,317.9,3179.0,2024-06-05
2024060504007056,TRH,34,19,50.0,745.0,37250.0,2024-06-05
2024060503014940,ACLBSL,34,39,40.0,990.0,39600.0,2024-06-05
2024060501021484,VLUCL,34,34,15.0,487.5,7312.5,2024-06-05
2024060501021483,MSHL,45,54,185.0,636.5,117752.5,2024-06-05
2024060501021482,MSHL,58,54,15.0,636.5,9547.5,2024-06-05
2024060501021481,TSHL,35,58,30.0,500.0,15000.0,2024-06-05
2024060501021480,MANDU,65,5,40.0,839.0,33560.0,2024-06-05
2024060501021479,MANDU,65,49,70.0,838.9,58723.0,2024-06-05
2024060501021478,MANDU,65,25,50.0,838.8,41940.0,2024-06-05
2024060501021477,MANDU,65,44,40.0,836.0,33440.0,2024-06-05
2024060503014939,EDBL,36,28,10.0,380.0,3800.0,2024-06-05
2024060504007055,NICL,25,45,30.0,829.0,24870.0,2024-06-05
2024060501021476,NESDO,14,51,39.0,2122.0,82758.0,2024-06-05
2024060504007054,AKJCL,43,4,10.0,202.0,2020.0,2024-06-05
2024060505005056,NRN,43,94,50.0,600.0,30000.0,2024-06-05
2024060503014938,FMDBL,34,77,200.0,684.6,136920.0,2024-06-05
2024060503014937,SIFC,58,22,500.0,427.5,213750.0,2024-06-05
2024060501021475,NMB,57,84,146.0,198.0,28908.0,2024-06-05
2024060501021474,NMB,49,84,854.0,198.0,169092.0,2024-06-05
2024060504007053,UMRH,35,45,30.0,364.0,10920.0,2024-06-05
2024060504007052,UMRH,35,77,470.0,363.0,170610.0,2024-06-05
2024060501021473,UHEWA,57,57,25.0,401.0,10025.0,2024-06-05
2024060503014936,NMBMF,14,25,70.0,692.0,48440.0,2024-06-05
2024060503014935,NMBMF,14,17,30.0,690.0,20700.0,2024-06-05
2024060503014934,MDB,19,62,369.0,488.0,180072.0,2024-06-05
2024060503014933,MDB,19,34,60.0,487.5,29250.0,2024-06-05
2024060503014932,MDB,19,45,100.0,486.0,48600.0,2024-06-05
2024060503014931,MDB,19,51,111.0,485.0,53835.0,2024-06-05
2024060503014930,MDB,19,17,50.0,483.9,24195.0,2024-06-05
2024060503014929,MDB,19,29,100.0,483.9,48390.0,2024-06-05
2024060503014928,MDB,19,38,10.0,483.8,4838.0,2024-06-05
2024060503014927,MDB,19,1,200.0,483.0,96600.0,2024-06-05
2024060501021472,SONA,66,19,490.0,440.1,215649.0,2024-06-05
2024060501021471,PHCL,59,50,100.0,302.2,30220.0,2024-06-05
2024060505005055,CHDC,83,49,100.0,957.0,95700.0,2024-06-05
2024060501021470,GBIME,28,10,769.0,182.0,139958.0,2024-06-05
2024060501021469,GBIME,17,10,12.0,182.1,2185.2,2024-06-05
2024060501021468,GBIME,58,10,50.0,182.1,9105.0,2024-06-05
2024060501021467,GBIME,11,10,119.0,182.1,21669.9,2024-06-05
2024060501021466,GBIME,54,10,50.0,182.2,9110.0,2024-06-05
2024060501021465,SPC,16,53,10.0,524.0,5240.0,2024-06-05
2024060501021464,SPC,16,58,10.0,517.0,5170.0,2024-06-05
2024060505005054,MMF1,48,44,100.0,7.45,745.0,2024-06-05
2024060501021463,KDL,62,56,10.0,1215.0,12150.0,2024-06-05
2024060503014926,CBBL,32,7,50.0,836.1,41805.0,2024-06-05
2024060503014925,CBBL,13,7,12.0,836.1,10033.2,2024-06-05
2024060501021462,SPHL,34,42,200.0,482.8,96560.0,2024-06-05
2024060503014924,FMDBL,59,38,98.0,686.0,67228.0,2024-06-05
2024060503014923,FMDBL,59,1,800.0,685.9,548720.0,2024-06-05
2024060503014922,FMDBL,59,34,102.0,685.0,69870.0,2024-06-05
2024060505005053,SMATA,38,17,20.0,1016.0,20320.0,2024-06-05
2024060501021461,MEL,42,33,10.0,223.1,2231.0,2024-06-05
2024060501021460,MEL,35,33,430.0,223.1,95933.0,2024-06-05
2024060501021459,RHGCL,21,34,10.0,348.6,3486.0,2024-06-05
2024060501021458,PPL,4,64,10.0,439.9,4399.0,2024-06-05
2024060503014921,KMCDB,10,34,100.0,1074.0,107400.0,2024-06-05
2024060503014920,PROFL,49,48,40.0,363.0,14520.0,2024-06-05
2024060503014919,PROFL,49,39,30.0,362.0,10860.0,2024-06-05
2024060503014918,PROFL,49,16,100.0,362.0,36200.0,2024-06-05
2024060504007051,RIDI,18,49,197.0,164.6,32426.2,2024-06-05
2024060501021457,SNLI,34,16,10.0,464.0,4640.0,2024-06-05
2024060503014917,PMLI,16,36,10.0,503.0,5030.0,2024-06-05
2024060504007050,UMRH,58,77,10.0,363.0,3630.0,2024-06-05
2024060505005052,NBF3,58,45,100.0,7.49,749.0,2024-06-05
2024060503014916,GILB,96,58,45.0,1540.0,69300.0,2024-06-05
2024060501021456,NWCL,54,42,50.0,813.0,40650.0,2024-06-05
2024060501021455,NWCL,42,42,50.0,813.1,40655.0,2024-06-05
2024060501021454,NWCL,14,42,50.0,814.0,40700.0,2024-06-05
2024060504007049,RIDI,18,25,150.0,164.6,24690.0,2024-06-05
2024060503014915,JSLBB,57,59,10.0,1388.1,13881.0,2024-06-05
2024060504007048,UMHL,17,13,10.0,236.0,2360.0,2024-06-05
2024060501021453,BEDC,57,22,150.0,386.0,57900.0,2024-06-05
2024060504007047,CGH,57,4,20.0,858.7,17174.0,2024-06-05
2024060501021452,MANDU,19,44,10.0,836.0,8360.0,2024-06-05
2024060504007046,SPIL,46,50,90.0,772.1,69489.0,2024-06-05
2024060504007045,SPIL,38,50,60.0,772.2,46332.0,2024-06-05
2024060503014914,NFS,16,10,10.0,605.0,6050.0,2024-06-05
2024060501021451,NESDO,14,58,60.0,2122.0,127320.0,2024-06-05
2024060501021450,NESDO,14,42,20.0,2122.0,42440.0,2024-06-05
2024060503014913,SHINE,60,53,1000.0,385.0,385000.0,2024-06-05
2024060501021449,SNLI,34,45,10.0,464.0,4640.0,2024-06-05
2024060503014912,SJLIC,80,25,180.0,412.8,74304.0,2024-06-05
2024060503014911,SJLIC,38,25,320.0,413.0,132160.0,2024-06-05
2024060503014910,MSLB,40,22,20.0,1384.0,27680.0,2024-06-05
2024060503014909,NADEP,74,17,80.0,869.1,69528.0,2024-06-05
2024060501021448,MEHL,7,14,100.0,339.2,33920.0,2024-06-05
2024060501021447,ANLB,55,33,10.0,2388.9,23889.0,2024-06-05
2024060503014908,SDLBSL,49,41,100.0,1005.0,100500.0,2024-06-05
2024060503014907,KSBBL,36,41,200.0,370.4,74080.0,2024-06-05
2024060503014906,MSLB,42,21,11.0,1388.0,15268.0,2024-06-05
2024060503014905,KSBBL,36,43,10.0,373.0,3730.0,2024-06-05
2024060503014904,KSBBL,36,89,30.0,370.5,11115.0,2024-06-05
2024060503014903,NADEP,51,34,29.0,872.0,25288.0,2024-06-05
2024060501021446,IHL,29,38,69.0,391.0,26979.0,2024-06-05
2024060501021445,IHL,29,38,200.0,391.0,78200.0,2024-06-05
2024060501021444,IHL,51,38,10.0,391.0,3910.0,2024-06-05
2024060501021443,IHL,13,38,57.0,392.0,22344.0,2024-06-05
2024060501021442,TAMOR,28,59,10.0,383.0,3830.0,2024-06-05
2024060501021441,MKHC,47,57,50.0,317.0,15850.0,2024-06-05
2024060501021440,RAWA,32,36,280.0,503.9,141092.0,2024-06-05
2024060501021439,RAWA,32,7,20.0,503.7,10074.0,2024-06-05
2024060503014902,SDLBSL,49,49,100.0,1005.0,100500.0,2024-06-05
2024060501021438,NRM,34,16,85.0,375.0,31875.0,2024-06-05
2024060503014901,NFS,47,34,50.0,604.1,30205.0,2024-06-05
2024060503014900,NADEP,74,34,547.0,869.1,475397.7,2024-06-05
2024060503014899,NADEP,16,34,33.0,869.1,28680.3,2024-06-05
2024060503014898,NADEP,75,34,100.0,869.2,86920.0,2024-06-05
2024060503014897,NADEP,63,34,300.0,870.0,261000.0,2024-06-05
2024060503014896,NADEP,58,34,10.0,870.0,8700.0,2024-06-05
2024060503014895,NADEP,25,34,10.0,871.0,8710.0,2024-06-05
2024060501021437,UNLB,88,17,10.0,2000.0,20000.0,2024-06-05
2024060504007044,CHL,11,46,130.0,313.5,40755.0,2024-06-05
2024060501021436,SMJC,42,42,10.0,377.0,3770.0,2024-06-05
2024060501021435,DOLTI,42,10,10.0,422.0,4220.0,2024-06-05
2024060501021434,RHGCL,63,91,250.0,348.5,87125.0,2024-06-05
2024060503014894,NICLBSL,38,55,10.0,665.0,6650.0,2024-06-05
2024060503014893,RLFL,32,39,100.0,407.0,40700.0,2024-06-05
2024060501021433,CYCL,42,55,10.0,1570.0,15700.0,2024-06-05
2024060503014892,NLIC,28,33,200.0,608.0,121600.0,2024-06-05
2024060503014891,NLIC,28,57,100.0,608.0,60800.0,2024-06-05
2024060503014890,NLIC,28,11,30.0,608.0,18240.0,2024-06-05
2024060504007043,SHPC,21,55,51.0,330.5,16855.5,2024-06-05
2024060504007042,SHPC,21,45,1000.0,330.5,330500.0,2024-06-05
2024060504007041,SHPC,21,51,300.0,330.4,99120.0,2024-06-05
2024060504007040,SHPC,21,22,200.0,330.4,66080.0,2024-06-05
2024060504007039,SHPC,21,42,369.0,330.0,121770.0,2024-06-05
2024060503014889,SADBL,56,17,10.0,316.9,3169.0,2024-06-05
2024060501021432,BNHC,42,54,10.0,638.0,6380.0,2024-06-05
2024060501021431,BNHC,42,58,10.0,638.0,6380.0,2024-06-05
2024060503014888,NMLBBL,51,54,10.0,729.9,7299.0,2024-06-05
2024060505005051,NRN,1,94,1000.0,600.0,600000.0,2024-06-05
2024060501021430,CITY,38,59,149.0,640.0,95360.0,2024-06-05
2024060501021429,TVCL,35,46,10.0,445.0,4450.0,2024-06-05
2024060504007038,SHL,13,17,200.0,433.0,86600.0,2024-06-05
2024060501021428,NESDO,14,53,81.0,2122.0,171882.0,2024-06-05
2024060501021427,PPL,57,64,40.0,439.9,17596.0,2024-06-05
2024060501021426,PPL,57,36,70.0,439.9,30793.0,2024-06-05
2024060501021425,PPL,57,13,50.0,439.4,21970.0,2024-06-05
2024060501021424,PPL,57,34,40.0,438.8,17552.0,2024-06-05
2024060504007037,SHEL,49,34,20.0,155.5,3110.0,2024-06-05
2024060501021423,MANDU,71,65,13.0,830.0,10790.0,2024-06-05
2024060501021422,MANDU,48,65,100.0,830.0,83000.0,2024-06-05
2024060501021421,MANDU,13,65,50.0,830.0,41500.0,2024-06-05
2024060501021420,MANDU,34,65,30.0,830.0,24900.0,2024-06-05
2024060501021419,MANDU,34,65,17.0,830.0,14110.0,2024-06-05
2024060501021418,MANDU,74,65,100.0,830.1,83010.0,2024-06-05
2024060501021417,MANDU,45,65,50.0,831.0,41550.0,2024-06-05
2024060501021416,MANDU,16,65,40.0,831.0,33240.0,2024-06-05
2024060501021415,MANDU,56,65,100.0,831.1,83110.0,2024-06-05
2024060501021414,MANDU,52,65,100.0,832.0,83200.0,2024-06-05
2024060501021413,MMKJL,58,83,140.0,478.6,67004.0,2024-06-05
2024060501021412,MMKJL,58,39,100.0,478.3,47830.0,2024-06-05
2024060501021411,MMKJL,58,36,10.0,478.3,4783.0,2024-06-05
2024060501021410,MMKJL,58,44,50.0,478.3,23915.0,2024-06-05
2024060501021409,MMKJL,58,56,255.0,478.0,121890.0,2024-06-05
2024060501021408,MMKJL,58,59,500.0,478.0,239000.0,2024-06-05
2024060501021407,MMKJL,58,42,100.0,477.5,47750.0,2024-06-05
2024060501021406,MMKJL,58,44,2000.0,475.0,950000.0,2024-06-05
2024060501021405,MMKJL,58,43,500.0,474.0,237000.0,2024-06-05
2024060501021404,MMKJL,58,82,700.0,474.0,331800.0,2024-06-05
2024060501021403,MMKJL,58,45,10.0,470.0,4700.0,2024-06-05
2024060501021402,MMKJL,58,64,635.0,470.0,298450.0,2024-06-05
2024060501021401,SMHL,7,34,190.0,543.9,103341.0,2024-06-05
2024060501021400,SMHL,7,43,10.0,543.9,5439.0,2024-06-05
2024060501021399,SMHL,7,26,100.0,543.9,54390.0,2024-06-05
2024060501021398,SMHL,7,26,200.0,543.0,108600.0,2024-06-05
2024060501021397,NMB,42,45,46.0,198.1,9112.6,2024-06-05
2024060501021396,NMB,42,25,54.0,198.1,10697.4,2024-06-05
2024060503014887,MFIL,53,34,10.0,504.9,5049.0,2024-06-05
2024060504007036,UPPER,51,32,92.0,162.2,14922.4,2024-06-05
2024060504007035,UPPER,51,57,100.0,162.1,16210.0,2024-06-05
2024060503014886,ALICL,91,7,17.0,569.0,9673.0,2024-06-05
2024060503014885,ALICL,91,38,850.0,569.0,483650.0,2024-06-05
2024060503014884,ALICL,91,14,100.0,568.9,56890.0,2024-06-05
2024060503014883,ALICL,91,44,24.0,568.9,13653.6,2024-06-05
2024060503014882,ALICL,91,58,599.0,568.5,340531.5,2024-06-05
2024060503014881,ALICL,91,32,150.0,567.5,85125.0,2024-06-05
2024060503014880,ALICL,91,25,160.0,567.4,90784.0,2024-06-05
2024060503014879,ALICL,91,34,100.0,567.3,56730.0,2024-06-05
2024060501021395,CITY,38,57,126.0,640.0,80640.0,2024-06-05
2024060505005050,HRL,77,35,496.0,568.1,281777.6,2024-06-05
2024060505005049,HRL,50,35,100.0,568.1,56810.0,2024-06-05
2024060505005048,HRL,64,35,100.0,568.5,56850.0,2024-06-05
2024060505005047,HRL,51,35,304.0,568.5,172824.0,2024-06-05
2024060501021394,SARBTM,49,62,35.0,809.0,28315.0,2024-06-05
2024060501021393,SARBTM,49,62,50.0,809.0,40450.0,2024-06-05
2024060501021392,SARBTM,45,62,13.0,809.0,10517.0,2024-06-05
2024060504007034,SHEL,66,39,200.0,155.4,31080.0,2024-06-05
2024060504007033,SSHL,17,32,10.0,160.9,1609.0,2024-06-05
2024060503014878,BFC,32,17,200.0,438.0,87600.0,2024-06-05
2024060505005046,CHDC,33,39,20.0,960.0,19200.0,2024-06-05
2024060504007032,SICL,50,17,15.0,698.0,10470.0,2024-06-05
2024060503014877,SWBBL,33,10,131.0,850.9,111467.9,2024-06-05
2024060503014876,SWBBL,33,33,200.0,850.9,170180.0,2024-06-05
2024060503014875,SWBBL,33,33,90.0,850.9,76581.0,2024-06-05
2024060503014874,SWBBL,33,33,200.0,850.8,170160.0,2024-06-05
2024060503014873,SWBBL,33,47,50.0,850.0,42500.0,2024-06-05
2024060503014872,SWBBL,33,45,42.0,850.0,35700.0,2024-06-05
2024060503014871,SWBBL,33,35,60.0,850.0,51000.0,2024-06-05
2024060503014870,SWBBL,33,33,200.0,849.9,169980.0,2024-06-05
2024060503014869,SWBBL,33,33,1000.0,849.0,849000.0,2024-06-05
2024060503014868,SWBBL,33,47,27.0,848.0,22896.0,2024-06-05
2024060503014867,MLBL,38,57,360.0,323.6,116496.0,2024-06-05
2024060504007031,SHPC,57,42,10.0,330.0,3300.0,2024-06-05
2024060501021391,RHGCL,63,52,10.0,348.5,3485.0,2024-06-05
2024060503014866,SKBBL,62,34,159.0,817.6,129998.4,2024-06-05
2024060503014865,SKBBL,94,34,10.0,817.6,8176.0,2024-06-05
2024060503014864,SKBBL,6,34,31.0,819.0,25389.0,2024-06-05
2024060504007030,SHPC,16,42,300.0,330.0,99000.0,2024-06-05
2024060501021390,RNLI,56,36,10.0,430.0,4300.0,2024-06-05
2024060501021389,RNLI,56,57,58.0,430.0,24940.0,2024-06-05
2024060501021388,RNLI,56,60,382.0,430.0,164260.0,2024-06-05
2024060504007029,SHPC,56,42,300.0,330.0,99000.0,2024-06-05
2024060504007028,AHPC,58,1,193.0,154.5,29818.5,2024-06-05
2024060504007027,AHPC,60,1,67.0,154.5,10351.5,2024-06-05
2024060504007026,AHPC,58,1,50.0,154.6,7730.0,2024-06-05
2024060504007025,AHPC,47,1,10.0,154.6,1546.0,2024-06-05
2024060503014863,CBBL,13,43,38.0,836.1,31771.8,2024-06-05
2024060501021387,BEDC,22,35,30.0,385.2,11556.0,2024-06-05
2024060503014862,SLBBL,43,17,40.0,796.1,31844.0,2024-06-05
2024060504007024,SPDL,17,57,18.0,232.0,4176.0,2024-06-05
2024060503014861,SLBSL,4,57,50.0,1195.0,59750.0,2024-06-05
2024060504007023,MHNL,59,34,60.0,229.0,13740.0,2024-06-05
2024060504007022,MHNL,14,34,40.0,229.0,9160.0,2024-06-05
2024060501021386,SNLI,34,56,10.0,465.0,4650.0,2024-06-05
2024060501021385,DLBS,34,56,10.0,1260.0,12600.0,2024-06-05
2024060501021384,NABIL,58,32,200.0,481.0,96200.0,2024-06-05
2024060501021383,NABIL,58,45,40.0,480.5,19220.0,2024-06-05
2024060504007021,HURJA,1,57,400.0,276.0,110400.0,2024-06-05
2024060503014860,KMCDB,43,14,10.0,1087.9,10879.0,2024-06-05
2024060503014859,KMCDB,43,34,50.0,1077.0,53850.0,2024-06-05
2024060501021382,NIMB,54,54,63.0,160.7,10124.1,2024-06-05
2024060501021381,NIMB,54,13,107.0,160.6,17184.2,2024-06-05
2024060501021380,NIMB,54,22,100.0,160.5,16050.0,2024-06-05
2024060501021379,CITY,3,57,174.0,640.0,111360.0,2024-06-05
2024060501021378,TSHL,38,28,50.0,500.1,25005.0,2024-06-05
2024060503014858,SIFC,41,59,10.0,428.0,4280.0,2024-06-05
2024060501021377,SCB,29,50,50.0,560.0,28000.0,2024-06-05
2024060501021376,ILI,32,56,10.0,433.8,4338.0,2024-06-05
2024060503014857,WNLB,58,49,10.0,1440.0,14400.0,2024-06-05
2024060504007020,KKHC,34,35,10.0,217.0,2170.0,2024-06-05
2024060501021375,TPC,45,11,70.0,491.0,34370.0,2024-06-05
2024060503014856,NICLBSL,42,55,10.0,665.0,6650.0,2024-06-05
2024060504007019,MHNL,36,11,245.0,230.0,56350.0,2024-06-05
2024060504007018,MHNL,36,28,40.0,230.0,9200.0,2024-06-05
2024060504007017,MHNL,36,17,15.0,230.0,3450.0,2024-06-05
2024060503014855,HLBSL,45,29,34.0,1380.0,46920.0,2024-06-05
2024060503014854,HLBSL,45,62,300.0,1379.0,413700.0,2024-06-05
2024060503014853,HLBSL,45,38,82.0,1378.9,113069.8,2024-06-05
2024060503014852,HLBSL,45,45,79.0,1365.0,107835.0,2024-06-05
2024060503014851,SJLIC,38,38,51.0,413.0,21063.0,2024-06-05
2024060501021374,KDL,62,22,37.0,1215.0,44955.0,2024-06-05
2024060503014850,MLBL,38,22,150.0,323.6,48540.0,2024-06-05
2024060504007016,SICL,50,72,234.0,698.0,163332.0,2024-06-05
2024060503014849,MPFL,96,28,112.0,485.6,54387.2,2024-06-05
2024060503014848,MPFL,3,28,38.0,485.7,18456.6,2024-06-05
2024060503014847,MPFL,47,28,50.0,486.0,24300.0,2024-06-05
2024060504007015,RADHI,16,41,18.0,229.0,4122.0,2024-06-05
2024060504007014,RADHI,20,41,222.0,229.0,50838.0,2024-06-05
2024060501021373,KBL,45,18,205.0,140.5,28802.5,2024-06-05
2024060501021372,KBL,57,18,295.0,140.5,41447.5,2024-06-05
2024060501021371,IHL,21,39,50.0,393.7,19685.0,2024-06-05
2024060501021370,IHL,21,7,50.0,393.4,19670.0,2024-06-05
2024060503014846,NFS,89,6,10.0,604.0,6040.0,2024-06-05
2024060501021369,MMKJL,8,64,45.0,470.0,21150.0,2024-06-05
2024060501021368,SBI,11,7,10.0,296.8,2968.0,2024-06-05
2024060504007013,API,58,14,10.0,168.5,1685.0,2024-06-05
2024060501021367,VLUCL,38,34,10.0,487.9,4879.0,2024-06-05
2024060501021366,EBL,11,51,450.0,525.6,236520.0,2024-06-05
2024060501021365,EBL,38,51,100.0,525.7,52570.0,2024-06-05
2024060501021364,LSL,51,34,20.0,162.8,3256.0,2024-06-05
2024060501021363,KDL,38,43,15.0,1215.0,18225.0,2024-06-05
2024060501021362,SIKLES,77,14,50.0,548.0,27400.0,2024-06-05
2024060501021361,SIKLES,77,28,10.0,547.9,5479.0,2024-06-05
2024060501021360,SIKLES,77,42,10.0,547.5,5475.0,2024-06-05
2024060501021359,SIKLES,77,38,10.0,545.0,5450.0,2024-06-05
2024060501021358,SONA,66,59,10.0,440.1,4401.0,2024-06-05
2024060503014845,JBBL,14,13,144.0,286.5,41256.0,2024-06-05
2024060503014844,JBBL,38,13,332.0,286.5,95118.0,2024-06-05
2024060503014843,JBBL,14,13,24.0,286.6,6878.4,2024-06-05
2024060501021357,CITY,34,75,30.0,639.1,19173.0,2024-06-05
2024060501021356,PPL,4,34,10.0,438.8,4388.0,2024-06-05
2024060501021355,KDL,38,75,35.0,1215.0,42525.0,2024-06-05
2024060501021354,KDL,62,75,465.0,1215.0,564975.0,2024-06-05
2024060505005045,SMATA,38,49,85.0,1016.0,86360.0,2024-06-05
2024060503014842,JFL,41,6,55.0,568.0,31240.0,2024-06-05
2024060503014841,JFL,45,6,895.0,568.1,508449.5,2024-06-05
2024060503014840,JFL,17,6,50.0,568.2,28410.0,2024-06-05
2024060504007012,HEI,50,66,43.0,596.2,25636.6,2024-06-05
2024060504007011,HEI,62,66,26.0,596.2,15501.2,2024-06-05
2024060504007010,HEI,35,66,60.0,597.0,35820.0,2024-06-05
2024060504007009,HEI,51,66,31.0,597.0,18507.0,2024-06-05
2024060501021353,MAKAR,88,48,133.0,383.0,50939.0,2024-06-05
2024060501021352,SBL,4,53,600.0,248.9,149340.0,2024-06-05
2024060501021351,NMB,1,25,15.0,198.1,2971.5,2024-06-05
2024060501021350,NMB,42,25,300.0,198.1,59430.0,2024-06-05
2024060501021349,MEL,35,32,170.0,223.1,37927.0,2024-06-05
2024060501021348,MEL,7,32,90.0,223.3,20097.0,2024-06-05
2024060501021347,CYCL,42,28,10.0,1570.0,15700.0,2024-06-05
2024060501021346,JBLB,49,38,12.0,1356.0,16272.0,2024-06-05
2024060501021345,NESDO,65,21,100.0,2120.0,212000.0,2024-06-05
2024060501021344,RNLI,56,58,10.0,429.0,4290.0,2024-06-05
2024060501021343,MKHL,58,34,320.0,449.2,143744.0,2024-06-05
2024060503014839,RSDC,37,81,87.0,690.0,60030.0,2024-06-05
2024060501021342,MEL,7,45,10.0,223.3,2233.0,2024-06-05
2024060501021341,HATHY,47,19,46.0,915.0,42090.0,2024-06-05
2024060501021340,NESDO,66,45,20.0,2117.0,42340.0,2024-06-05
2024060503014838,SLBBL,43,22,290.0,796.1,230869.0,2024-06-05
2024060503014837,SLBBL,21,22,10.0,796.1,7961.0,2024-06-05
2024060503014836,SLBBL,34,22,200.0,796.2,159240.0,2024-06-05
2024060501021339,RNLI,58,39,10.0,429.1,4291.0,2024-06-05
2024060503014835,GBLBS,39,33,260.0,775.0,201500.0,2024-06-05
2024060504007008,HPPL,1,59,200.0,251.1,50220.0,2024-06-05
2024060504007007,HPPL,22,59,100.0,251.2,25120.0,2024-06-05
2024060504007006,HPPL,52,59,50.0,251.3,12565.0,2024-06-05
2024060504007005,HPPL,42,59,40.0,253.0,10120.0,2024-06-05
2024060503014834,MERO,55,59,55.0,688.0,37840.0,2024-06-05
2024060501021338,ADBL,82,49,10.0,264.0,2640.0,2024-06-05
2024060501021337,ADBL,82,32,370.0,264.0,97680.0,2024-06-05
2024060501021336,ADBL,82,40,40.0,264.0,10560.0,2024-06-05
2024060501021335,ADBL,82,57,452.0,263.9,119282.8,2024-06-05
2024060501021334,ADBL,82,42,250.0,263.9,65975.0,2024-06-05
2024060501021333,ADBL,82,7,460.0,263.6,121256.0,2024-06-05
2024060501021332,ADBL,82,51,20.0,263.0,5260.0,2024-06-05
2024060501021331,ADBL,82,38,685.0,263.0,180155.0,2024-06-05
2024060501021330,SBL,4,10,185.0,248.9,46046.5,2024-06-05
2024060501021329,NICA,43,49,15.0,411.1,6166.5,2024-06-05
2024060501021328,BHL,48,49,10.0,339.0,3390.0,2024-06-05
2024060505005044,CHDC,16,39,11.0,960.0,10560.0,2024-06-05
2024060503014833,PROFL,1,40,90.0,360.4,32436.0,2024-06-05
2024060503014832,SHINE,60,46,350.0,385.0,134750.0,2024-06-05
2024060501021327,CLI,49,58,10.0,479.0,4790.0,2024-06-05
2024060503014831,HLI,45,17,10.0,386.4,3864.0,2024-06-05
2024060501021326,BNT,22,62,10.0,12800.0,128000.0,2024-06-05
2024060501021325,SMHL,49,49,10.0,541.0,5410.0,2024-06-05
2024060503014830,GILB,58,34,41.0,1561.8,64033.8,2024-06-05
2024060503014829,GILB,58,22,300.0,1561.0,468300.0,2024-06-05
2024060503014828,GILB,58,52,33.0,1560.0,51480.0,2024-06-05
2024060503014827,GILB,58,58,61.0,1559.0,95099.0,2024-06-05
2024060503014826,GILB,58,62,10.0,1559.0,15590.0,2024-06-05
2024060503014825,GILB,58,14,20.0,1559.0,31180.0,2024-06-05
2024060503014824,GILB,58,62,10.0,1558.0,15580.0,2024-06-05
2024060503014823,GILB,58,62,19.0,1558.0,29602.0,2024-06-05
2024060503014822,GILB,58,53,104.0,1557.0,161928.0,2024-06-05
2024060503014821,GILB,58,47,50.0,1557.0,77850.0,2024-06-05
2024060503014820,GILB,58,19,100.0,1556.0,155600.0,2024-06-05
2024060503014819,GILB,58,22,110.0,1555.5,171105.0,2024-06-05
2024060503014818,GILB,58,5,100.0,1555.0,155500.0,2024-06-05
2024060503014817,GILB,58,58,42.0,1555.0,65310.0,2024-06-05
2024060503014816,SHINE,60,53,1000.0,385.0,385000.0,2024-06-05
2024060501021324,MHL,38,91,20.0,425.0,8500.0,2024-06-05
2024060501021323,MKHC,47,45,150.0,317.0,47550.0,2024-06-05
2024060501021322,ULHC,25,32,60.0,379.0,22740.0,2024-06-05
2024060501021321,ULHC,25,62,140.0,379.0,53060.0,2024-06-05
2024060503014815,KSBBL,22,89,100.0,370.5,37050.0,2024-06-05
2024060501021320,HDL,51,19,25.0,1287.2,32180.0,2024-06-05
2024060505005043,CHDC,83,49,90.0,957.0,86130.0,2024-06-05
2024060501021319,GVL,6,22,30.0,497.0,14910.0,2024-06-05
2024060501021318,MMKJL,8,64,90.0,470.0,42300.0,2024-06-05
2024060503014814,RLFL,56,17,10.0,408.0,4080.0,2024-06-05
2024060505005042,HRL,51,1,11.0,568.5,6253.5,2024-06-05
2024060504007004,SHPC,5,42,10.0,330.0,3300.0,2024-06-05
2024060503014813,GILB,17,33,191.0,1535.0,293185.0,2024-06-05
2024060503014812,MDB,71,4,100.0,480.2,48020.0,2024-06-05
2024060503014811,GFCL,62,49,300.0,466.0,139800.0,2024-06-05
2024060501021317,NESDO,66,43,150.0,2117.0,317550.0,2024-06-05
2024060503014810,GFCL,62,44,100.0,466.0,46600.0,2024-06-05
2024060501021316,HDL,55,38,56.0,1290.0,72240.0,2024-06-05
2024060501021315,HDL,55,14,10.0,1288.5,12885.0,2024-06-05
2024060501021314,HDL,55,51,100.0,1288.0,128800.0,2024-06-05
2024060501021313,HDL,55,34,84.0,1288.0,108192.0,2024-06-05
2024060501021312,HBL,55,38,100.0,189.5,18950.0,2024-06-05
2024060501021311,ULHC,57,62,310.0,379.0,117490.0,2024-06-05
2024060501021310,ULHC,57,72,90.0,378.8,34092.0,2024-06-05
2024060505005041,CIT,25,52,30.0,2108.1,63243.0,2024-06-05
2024060505005040,CIT,41,52,10.0,2108.1,21081.0,2024-06-05
2024060505005039,CIT,58,52,10.0,2108.3,21083.0,2024-06-05
2024060505005038,SMATA,38,36,110.0,1016.0,111760.0,2024-06-05
2024060503014809,GMFBS,34,42,14.0,1253.0,17542.0,2024-06-05
2024060503014808,SWBBL,38,47,10.0,848.0,8480.0,2024-06-05
2024060503014807,MDB,38,34,10.0,480.3,4803.0,2024-06-05
2024060501021309,USHL,62,68,60.0,500.0,30000.0,2024-06-05
2024060501021308,RNLI,56,35,16.0,429.0,6864.0,2024-06-05
2024060501021307,NESDO,66,39,10.0,2117.0,21170.0,2024-06-05
2024060501021306,NRM,25,16,100.0,375.0,37500.0,2024-06-05
2024060505005037,NIFRA,7,13,64.0,196.4,12569.6,2024-06-05
2024060501021305,SNLI,34,59,10.0,464.0,4640.0,2024-06-05
2024060501021304,NRM,32,16,10.0,375.0,3750.0,2024-06-05
2024060504007003,MEN,77,32,250.0,578.1,144525.0,2024-06-05
2024060501021303,MAKAR,14,49,220.0,382.0,84040.0,2024-06-05
2024060501021302,MAKAR,25,49,50.0,382.0,19100.0,2024-06-05
2024060501021301,MAKAR,42,49,490.0,382.0,187180.0,2024-06-05
2024060501021300,MAKAR,57,49,20.0,382.0,7640.0,2024-06-05
2024060501021299,MAKAR,62,49,100.0,382.0,38200.0,2024-06-05
2024060501021298,MAKAR,42,49,70.0,382.0,26740.0,2024-06-05
2024060501021297,MAKAR,95,49,50.0,382.3,19115.0,2024-06-05
2024060503014806,PMLI,16,22,10.0,502.0,5020.0,2024-06-05
2024060503014805,MFIL,44,29,1800.0,503.3,905940.0,2024-06-05
2024060504007002,SHEL,38,42,250.0,156.0,39000.0,2024-06-05
2024060504007001,SHEL,38,18,250.0,155.5,38875.0,2024-06-05
2024060503014804,GUFL,32,45,340.0,668.1,227154.0,2024-06-05
2024060503014803,GUFL,76,45,90.0,668.1,60129.0,2024-06-05
2024060501021296,USHEC,5,45,20.0,397.9,7958.0,2024-06-05
2024060503014802,VLBS,70,7,100.0,1084.0,108400.0,2024-06-05
2024060503014801,VLBS,70,21,10.0,1084.0,10840.0,2024-06-05
2024060503014800,VLBS,70,26,100.0,1083.9,108390.0,2024-06-05
2024060503014799,VLBS,70,25,100.0,1082.0,108200.0,2024-06-05
2024060503014798,VLBS,70,6,40.0,1080.0,43200.0,2024-06-05
2024060503014797,VLBS,70,13,27.0,1080.0,29160.0,2024-06-05
2024060501021295,NIMBPO,22,22,220.0,138.0,30360.0,2024-06-05
2024060503014796,BFC,32,35,40.0,438.0,17520.0,2024-06-05
2024060501021294,RNLI,44,60,118.0,430.0,50740.0,2024-06-05
2024060501021293,RNLI,44,17,11.0,430.0,4730.0,2024-06-05
2024060501021292,RNLI,44,57,11.0,430.0,4730.0,2024-06-05
2024060501021291,RNLI,44,5,11.0,430.0,4730.0,2024-06-05
2024060501021290,RNLI,44,56,10.0,430.0,4300.0,2024-06-05
2024060501021289,RNLI,44,38,63.0,429.9,27083.7,2024-06-05
2024060501021288,RNLI,44,19,11.0,429.1,4720.1,2024-06-05
2024060501021287,SAHAS,52,33,40.0,520.0,20800.0,2024-06-05
2024060501021286,PPL,8,46,10.0,436.3,4363.0,2024-06-05
2024060501021285,RFPL,56,58,244.0,345.1,84204.4,2024-06-05
2024060501021284,RFPL,57,58,30.0,345.1,10353.0,2024-06-05
2024060501021283,RFPL,65,58,200.0,345.2,69040.0,2024-06-05
2024060501021282,RFPL,48,58,200.0,345.6,69120.0,2024-06-05
2024060501021281,RFPL,16,58,476.0,345.6,164505.6,2024-06-05
2024060501021280,RFPL,13,58,200.0,345.7,69140.0,2024-06-05
2024060501021279,RFPL,48,58,500.0,346.0,173000.0,2024-06-05
2024060501021278,RFPL,49,58,50.0,346.0,17300.0,2024-06-05
2024060503014795,VLBS,38,34,20.0,1080.0,21600.0,2024-06-05
2024060503014794,VLBS,38,58,38.0,1080.0,41040.0,2024-06-05
2024060503014793,KSBBL,36,57,150.0,370.4,55560.0,2024-06-05
2024060505005036,NRN,8,88,85.0,602.0,51170.0,2024-06-05
2024060505005035,NRN,8,26,100.0,602.0,60200.0,2024-06-05
2024060505005034,NRN,8,74,15.0,602.0,9030.0,2024-06-05
2024060504007000,CHL,11,42,740.0,313.5,231990.0,2024-06-05
2024060501021277,TSHL,34,58,70.0,500.3,35021.0,2024-06-05
2024060501021276,CLI,49,1,110.0,479.0,52690.0,2024-06-05
2024060505005033,NRN,67,38,100.0,599.0,59900.0,2024-06-05
2024060503014792,KMCDB,43,34,50.0,1081.1,54055.0,2024-06-05
2024060501021275,JALPA,34,17,66.0,1505.0,99330.0,2024-06-05
2024060501021274,JALPA,34,14,10.0,1504.9,15049.0,2024-06-05
2024060501021273,JALPA,34,19,10.0,1504.0,15040.0,2024-06-05
2024060501021272,JALPA,34,47,10.0,1503.0,15030.0,2024-06-05
2024060504006999,UMRH,41,62,250.0,362.1,90525.0,2024-06-05
2024060501021271,PPL,54,17,346.0,436.0,150856.0,2024-06-05
2024060501021270,PPL,14,17,1200.0,436.1,523320.0,2024-06-05
2024060501021269,PPL,53,17,180.0,436.1,78498.0,2024-06-05
2024060501021268,PPL,36,17,500.0,436.3,218150.0,2024-06-05
2024060501021267,PPL,58,17,22.0,436.5,9603.0,2024-06-05
2024060505005032,CHDC,83,71,126.0,957.0,120582.0,2024-06-05
2024060505005031,CHDC,48,71,131.0,958.3,125537.3,2024-06-05
2024060505005030,CHDC,16,71,180.0,958.4,172512.0,2024-06-05
2024060505005029,CHDC,42,71,63.0,959.0,60417.0,2024-06-05
2024060504006998,SHPC,5,42,20.0,330.3,6606.0,2024-06-05
2024060505005028,NBF3,43,45,100.0,7.45,745.0,2024-06-05
2024060503014791,PROFL,5,39,170.0,362.8,61676.0,2024-06-05
2024060503014790,ILBS,35,50,10.0,1369.0,13690.0,2024-06-05
2024060504006997,JOSHI,57,22,148.0,300.0,44400.0,2024-06-05
2024060503014789,NFS,89,10,200.0,604.0,120800.0,2024-06-05
2024060501021266,SANIMA,41,41,25.0,252.1,6302.5,2024-06-05
2024060503014788,LBBL,58,58,20.0,384.0,7680.0,2024-06-05
2024060503014787,LBBL,58,58,415.0,384.0,159360.0,2024-06-05
2024060501021265,SARBTM,49,62,50.0,810.0,40500.0,2024-06-05
2024060505005027,CHDC,59,39,150.0,960.0,144000.0,2024-06-05
2024060504006996,CHL,52,41,100.0,313.8,31380.0,2024-06-05
2024060504006995,NGPL,48,42,275.0,303.0,83325.0,2024-06-05
2024060504006994,NGPL,48,21,603.0,303.0,182709.0,2024-06-05
2024060501021264,SHIVM,56,55,10.0,492.0,4920.0,2024-06-05
2024060504006993,GHL,65,42,35.0,143.1,5008.5,2024-06-05
2024060504006992,GHL,47,42,375.0,143.1,53662.5,2024-06-05
2024060501021263,MKJC,47,29,100.0,470.4,47040.0,2024-06-05
2024060504006991,UPPER,51,48,100.0,162.0,16200.0,2024-06-05
2024060504006990,UPPER,51,44,800.0,162.0,129600.0,2024-06-05
2024060504006989,UPPER,51,41,40.0,162.0,6480.0,2024-06-05
2024060504006988,UPPER,51,46,200.0,162.0,32400.0,2024-06-05
2024060504006987,UPPER,51,57,80.0,162.0,12960.0,2024-06-05
2024060504006986,UPPER,51,35,110.0,162.0,17820.0,2024-06-05
2024060504006985,UPPER,51,32,50.0,162.0,8100.0,2024-06-05
2024060504006984,UPPER,51,22,100.0,162.0,16200.0,2024-06-05
2024060504006983,UPPER,51,22,50.0,162.0,8100.0,2024-06-05
2024060504006982,UPPER,51,57,500.0,162.0,81000.0,2024-06-05
2024060504006981,UPPER,51,57,75.0,162.0,12150.0,2024-06-05
2024060504006980,UPPER,51,55,500.0,161.9,80950.0,2024-06-05
2024060504006979,UPPER,51,38,48.0,161.9,7771.2,2024-06-05
2024060504006978,UPPER,51,48,150.0,161.8,24270.0,2024-06-05
2024060504006977,UPPER,51,45,59.0,161.8,9546.2,2024-06-05
2024060501021262,NRM,58,16,20.0,375.0,7500.0,2024-06-05
2024060505005026,SMATA,38,42,110.0,1016.0,111760.0,2024-06-05
2024060505005025,NRN,43,74,105.0,602.0,63210.0,2024-06-05
2024060501021261,PRVU,22,14,10.0,143.3,1433.0,2024-06-05
2024060501021260,PRVU,22,34,50.0,142.0,7100.0,2024-06-05
2024060504006976,NIL,44,33,20.0,799.0,15980.0,2024-06-05
2024060503014786,PROFL,5,49,10.0,362.8,3628.0,2024-06-05
2024060503014785,PROFL,5,38,20.0,362.0,7240.0,2024-06-05
2024060501021259,HDL,55,34,16.0,1288.0,20608.0,2024-06-05
2024060501021258,HDL,55,53,100.0,1288.0,128800.0,2024-06-05
2024060501021257,HDL,55,54,70.0,1288.0,90160.0,2024-06-05
2024060501021256,HDL,55,53,64.0,1287.9,82425.6,2024-06-05
2024060505005024,NRIC,45,57,57.0,658.0,37506.0,2024-06-05
2024060505005023,NRIC,48,57,10.0,658.0,6580.0,2024-06-05
2024060505005022,NRIC,53,57,324.0,658.0,213192.0,2024-06-05
2024060504006975,UPCL,38,32,92.0,186.2,17130.4,2024-06-05
2024060504006974,UPCL,34,32,538.0,186.2,100175.6,2024-06-05
2024060504006973,UPCL,44,32,900.0,186.3,167670.0,2024-06-05
2024060504006972,UPCL,4,32,50.0,186.4,9320.0,2024-06-05
2024060504006971,UPCL,45,32,350.0,186.5,65275.0,2024-06-05
2024060504006970,UPCL,49,32,20.0,186.5,3730.0,2024-06-05
2024060504006969,UPCL,49,32,50.0,186.6,9330.0,2024-06-05
2024060504006968,SHEL,35,18,150.0,155.5,23325.0,2024-06-05
2024060504006967,SHEL,58,18,100.0,155.5,15550.0,2024-06-05
