transaction,symbol,buyer,seller,quantity,rate,amount,date
2024033101043626,TAMOR,64,64,100.0,386.0,38600.0,2024-03-31
2024033101043625,TAMOR,64,49,10.0,385.5,3855.0,2024-03-31
2024033101043624,TAMOR,64,8,10.0,385.0,3850.0,2024-03-31
2024033101043623,TAMOR,64,25,10.0,385.0,3850.0,2024-03-31
2024033101043622,TAMOR,64,58,10.0,385.0,3850.0,2024-03-31
2024033101043621,TAMOR,64,46,10.0,385.0,3850.0,2024-03-31
2024033101043620,TAMOR,64,42,30.0,385.0,11550.0,2024-03-31
2024033101043619,TAMOR,64,34,10.0,384.0,3840.0,2024-03-31
2024033101043618,TAMOR,64,36,10.0,384.0,3840.0,2024-03-31
2024033101043617,TAMOR,64,58,10.0,384.0,3840.0,2024-03-31
2024033101043616,TAMOR,64,46,250.0,384.0,96000.0,2024-03-31
2024033101043615,TAMOR,64,85,400.0,383.9,153560.0,2024-03-31
2024033101043614,TAMOR,64,38,140.0,383.5,53690.0,2024-03-31
2024033101043613,PPL,56,71,11.0,539.0,5929.0,2024-03-31
2024033104009747,NIL,47,22,200.0,817.0,163400.0,2024-03-31
2024033105005238,NBF3,32,28,1000.0,7.63,7630.0,2024-03-31
2024033101043612,CKHL,70,55,20.0,589.0,11780.0,2024-03-31
2024033103008430,USLB,75,25,19.0,1600.0,30400.0,2024-03-31
2024033103008429,USLB,49,25,10.0,1615.0,16150.0,2024-03-31
2024033103008428,GUFL,25,49,10.0,879.0,8790.0,2024-03-31
2024033101043611,BNHC,51,14,40.0,479.0,19160.0,2024-03-31
2024033101043610,BNHC,42,14,50.0,484.0,24200.0,2024-03-31
2024033101043609,BNHC,53,14,10.0,485.0,4850.0,2024-03-31
2024033101043608,TVCL,94,91,10.0,490.0,4900.0,2024-03-31
2024033101043607,TVCL,94,62,10.0,487.0,4870.0,2024-03-31
2024033101043606,PPL,35,71,20.0,539.0,10780.0,2024-03-31
2024033105005237,HRL,29,34,10.0,600.9,6009.0,2024-03-31
2024033104009746,UMHL,85,34,190.0,243.2,46208.0,2024-03-31
2024033104009745,UMHL,34,34,300.0,243.3,72990.0,2024-03-31
2024033103008427,NFS,50,35,10.0,383.0,3830.0,2024-03-31
2024033101043605,MKHL,58,45,1000.0,395.0,395000.0,2024-03-31
2024033101043604,SPL,45,45,10.0,670.0,6700.0,2024-03-31
2024033104009744,SSHL,45,45,10.0,162.0,1620.0,2024-03-31
2024033103008426,MPFL,45,13,345.0,361.0,124545.0,2024-03-31
2024033103008425,MPFL,49,13,10.0,361.0,3610.0,2024-03-31
2024033103008424,MPFL,42,13,75.0,361.0,27075.0,2024-03-31
2024033101043603,UNL,38,46,10.0,40100.0,401000.0,2024-03-31
2024033103008423,USLB,62,62,40.0,1628.0,65120.0,2024-03-31
2024033103008422,USLB,62,62,30.0,1627.0,48810.0,2024-03-31
2024033103008421,USLB,62,41,10.0,1625.0,16250.0,2024-03-31
2024033103008420,USLB,62,45,10.0,1625.0,16250.0,2024-03-31
2024033103008419,USLB,62,19,10.0,1625.0,16250.0,2024-03-31
2024033101043602,SONA,33,39,140.0,477.1,66794.0,2024-03-31
2024033101043601,SONA,75,39,30.0,477.1,14313.0,2024-03-31
2024033101043600,SONA,34,39,50.0,477.1,23855.0,2024-03-31
2024033101043599,RHGCL,19,17,100.0,331.0,33100.0,2024-03-31
2024033103008418,NADEP,71,57,10.0,654.7,6547.0,2024-03-31
2024033101043598,RFPL,71,28,75.0,453.8,34035.0,2024-03-31
2024033101043597,RFPL,71,6,25.0,453.7,11342.5,2024-03-31
2024033103008417,WNLB,71,26,10.0,1199.0,11990.0,2024-03-31
2024033101043596,CKHL,58,55,20.0,589.0,11780.0,2024-03-31
2024033101043595,DOLTI,28,58,500.0,425.0,212500.0,2024-03-31
2024033101043594,BEDC,58,69,500.0,376.9,188450.0,2024-03-31
2024033101043593,RFPL,58,6,175.0,453.7,79397.5,2024-03-31
2024033101043592,RFPL,58,58,10.0,453.0,4530.0,2024-03-31
2024033101043591,RFPL,58,38,10.0,452.0,4520.0,2024-03-31
2024033101043590,RFPL,58,58,10.0,452.0,4520.0,2024-03-31
2024033101043589,RFPL,58,65,10.0,452.0,4520.0,2024-03-31
2024033101043588,RFPL,58,58,10.0,452.0,4520.0,2024-03-31
2024033101043587,RFPL,58,21,10.0,452.0,4520.0,2024-03-31
2024033101043586,RFPL,58,69,265.0,451.5,119647.5,2024-03-31
2024033101043585,HHL,49,35,20.0,397.0,7940.0,2024-03-31
2024033101043584,RHGCL,19,49,200.0,331.0,66200.0,2024-03-31
2024033103008416,NFS,32,49,500.0,382.3,191150.0,2024-03-31
2024033101043583,DOLTI,28,52,174.0,425.0,73950.0,2024-03-31
2024033101043582,DOLTI,56,52,10.0,425.0,4250.0,2024-03-31
2024033101043581,DOLTI,28,52,816.0,425.0,346800.0,2024-03-31
2024033104009743,JOSHI,21,45,10.0,338.0,3380.0,2024-03-31
2024033104009742,GHL,41,41,885.0,152.0,134520.0,2024-03-31
2024033104009741,GHL,28,41,65.0,152.0,9880.0,2024-03-31
2024033104009740,GHL,28,41,50.0,152.8,7640.0,2024-03-31
2024033103008415,HLBSL,56,32,10.0,689.7,6897.0,2024-03-31
2024033103008414,HLBSL,56,47,10.0,680.0,6800.0,2024-03-31
2024033103008413,NABBC,22,64,10.0,408.0,4080.0,2024-03-31
2024033103008412,GUFL,22,49,10.0,879.0,8790.0,2024-03-31
2024033101043580,MHL,32,55,14.0,440.0,6160.0,2024-03-31
2024033101043579,MHL,32,19,300.0,439.9,131970.0,2024-03-31
2024033101043578,MHL,32,45,30.0,439.0,13170.0,2024-03-31
2024033101043577,MHL,32,42,106.0,438.9,46523.4,2024-03-31
2024033101043576,MHL,32,32,50.0,438.8,21940.0,2024-03-31
2024033101043575,PPL,25,71,10.0,539.0,5390.0,2024-03-31
2024033103008411,RLFL,33,45,126.0,363.5,45801.0,2024-03-31
2024033103008410,RLFL,33,54,100.0,363.4,36340.0,2024-03-31
2024033103008409,RLFL,33,49,100.0,363.0,36300.0,2024-03-31
2024033103008408,RLFL,33,6,100.0,363.0,36300.0,2024-03-31
2024033103008407,RLFL,33,18,103.0,360.6,37141.8,2024-03-31
2024033103008406,RLFL,33,19,271.0,360.0,97560.0,2024-03-31
2024033104009739,API,45,14,200.0,175.5,35100.0,2024-03-31
2024033104009738,BPCL,35,28,10.0,301.0,3010.0,2024-03-31
2024033101043574,SONA,82,41,500.0,477.2,238600.0,2024-03-31
2024033104009737,HPPL,34,64,70.0,272.1,19047.0,2024-03-31
2024033104009736,HPPL,34,7,30.0,272.0,8160.0,2024-03-31
2024033104009735,HPPL,34,59,100.0,269.9,26990.0,2024-03-31
2024033101043573,ULHC,65,49,10.0,371.0,3710.0,2024-03-31
2024033101043572,ULHC,65,70,10.0,370.0,3700.0,2024-03-31
2024033101043571,KBL,48,53,100.0,138.0,13800.0,2024-03-31
2024033101043570,NESDO,51,46,10.0,1710.0,17100.0,2024-03-31
2024033101043569,NESDO,51,29,10.0,1700.0,17000.0,2024-03-31
2024033101043568,NESDO,51,22,10.0,1700.0,17000.0,2024-03-31
2024033101043567,NESDO,51,57,10.0,1700.0,17000.0,2024-03-31
2024033101043566,NESDO,51,5,45.0,1700.0,76500.0,2024-03-31
2024033101043565,NESDO,51,35,30.0,1700.0,51000.0,2024-03-31
2024033101043564,NESDO,51,51,10.0,1690.0,16900.0,2024-03-31
2024033104009734,CHCL,50,36,10.0,458.0,4580.0,2024-03-31
2024033101043563,PPL,8,71,700.0,539.0,377300.0,2024-03-31
2024033101043562,SBI,45,45,10.0,280.7,2807.0,2024-03-31
2024033101043561,ULHC,45,70,10.0,370.0,3700.0,2024-03-31
2024033104009733,LEC,38,38,10.0,183.0,1830.0,2024-03-31
2024033101043560,SRLI,38,29,10.0,439.0,4390.0,2024-03-31
2024033101043559,PHCL,45,62,140.0,318.0,44520.0,2024-03-31
2024033101043558,PHCL,16,62,200.0,318.5,63700.0,2024-03-31
2024033101043557,PHCL,17,62,10.0,318.6,3186.0,2024-03-31
2024033103008405,NABBC,55,64,10.0,408.0,4080.0,2024-03-31
2024033101043556,PHCL,51,62,100.0,318.7,31870.0,2024-03-31
2024033101043555,PHCL,16,62,500.0,319.0,159500.0,2024-03-31
2024033101043554,EBL,36,58,10.0,500.0,5000.0,2024-03-31
2024033101043553,NYADI,43,40,10.0,315.0,3150.0,2024-03-31
2024033101043552,SPHL,19,44,10.0,479.9,4799.0,2024-03-31
2024033101043551,IHL,39,26,701.0,397.0,278297.0,2024-03-31
2024033101043550,IHL,39,51,10.0,396.0,3960.0,2024-03-31
2024033101043549,IHL,39,39,345.0,396.0,136620.0,2024-03-31
2024033101043548,IHL,39,48,140.0,395.1,55314.0,2024-03-31
2024033101043547,SHIVM,17,17,80.0,532.0,42560.0,2024-03-31
2024033103008404,WNLB,71,26,10.0,1199.0,11990.0,2024-03-31
2024033101043546,MKJC,71,47,30.0,470.0,14100.0,2024-03-31
2024033105005236,CHDC,88,71,50.0,907.0,45350.0,2024-03-31
2024033105005235,CHDC,59,71,40.0,908.0,36320.0,2024-03-31
2024033105005234,CHDC,47,71,10.0,920.0,9200.0,2024-03-31
2024033101043545,RHGCL,26,49,10.0,331.9,3319.0,2024-03-31
2024033101043544,SONA,58,41,40.0,477.2,19088.0,2024-03-31
2024033104009732,SSHL,49,45,10.0,162.0,1620.0,2024-03-31
2024033101043543,TAMOR,49,38,60.0,383.5,23010.0,2024-03-31
2024033101043542,SONA,34,49,30.0,477.1,14313.0,2024-03-31
2024033104009731,RIDI,58,39,100.0,180.0,18000.0,2024-03-31
2024033101043541,MMKJL,64,58,10.0,420.0,4200.0,2024-03-31
2024033101043540,MMKJL,64,6,10.0,418.5,4185.0,2024-03-31
2024033101043539,MMKJL,64,62,10.0,418.2,4182.0,2024-03-31
2024033101043538,SAMAJ,64,8,10.0,1946.0,19460.0,2024-03-31
2024033101043537,SAMAJ,64,48,20.0,1920.0,38400.0,2024-03-31
2024033104009730,NGPL,57,41,55.0,301.0,16555.0,2024-03-31
2024033104009729,UNHPL,41,28,200.0,239.0,47800.0,2024-03-31
2024033101043536,BEDC,49,41,284.0,374.0,106216.0,2024-03-31
2024033101043535,BEDC,53,41,116.0,376.8,43708.8,2024-03-31
2024033103008403,SJLIC,38,59,9.0,484.0,4356.0,2024-03-31
2024033103008402,HLI,42,56,11.0,396.1,4357.1,2024-03-31
2024033101043534,TVCL,43,56,20.0,485.2,9704.0,2024-03-31
2024033103008401,SAPDBL,74,22,90.0,293.0,26370.0,2024-03-31
2024033103008400,GUFL,74,32,500.0,878.9,439450.0,2024-03-31
2024033101043533,EBL,33,58,10.0,500.0,5000.0,2024-03-31
2024033101043532,MBJC,42,45,20.0,313.0,6260.0,2024-03-31
2024033104009728,IGI,42,61,75.0,540.0,40500.0,2024-03-31
2024033104009727,IGI,42,10,15.0,539.9,8098.5,2024-03-31
2024033104009726,IGI,42,86,500.0,539.0,269500.0,2024-03-31
2024033104009725,IGI,42,19,10.0,538.9,5389.0,2024-03-31
2024033104009724,RIDI,42,39,10.0,180.0,1800.0,2024-03-31
2024033101043531,MCHL,35,58,300.0,360.0,108000.0,2024-03-31
2024033103008399,WNLB,35,26,10.0,1199.0,11990.0,2024-03-31
2024033103008398,WNLB,35,10,30.0,1178.7,35361.0,2024-03-31
2024033103008397,WNLB,35,35,10.0,1178.0,11780.0,2024-03-31
2024033103008396,WNLB,35,16,50.0,1175.0,58750.0,2024-03-31
2024033101043530,MSHL,50,50,10.0,629.0,6290.0,2024-03-31
2024033101043529,MSHL,50,53,10.0,622.0,6220.0,2024-03-31
2024033101043528,BHDC,57,50,10.0,468.9,4689.0,2024-03-31
2024033103008395,SAPDBL,57,48,10.0,296.7,2967.0,2024-03-31
2024033101043527,HHL,32,57,895.0,394.2,352809.0,2024-03-31
2024033101043526,HHL,21,57,10.0,394.2,3942.0,2024-03-31
2024033101043525,HHL,48,57,30.0,395.0,11850.0,2024-03-31
2024033101043524,HHL,62,57,50.0,395.0,19750.0,2024-03-31
2024033101043523,HHL,41,57,15.0,395.0,5925.0,2024-03-31
2024033105005233,NIFRA,38,48,811.0,204.3,165687.3,2024-03-31
2024033101043522,DLBS,62,49,10.0,1379.0,13790.0,2024-03-31
2024033101043521,DLBS,62,7,370.0,1379.0,510230.0,2024-03-31
2024033101043520,DLBS,62,11,400.0,1352.5,541000.0,2024-03-31
2024033101043519,DLBS,62,49,10.0,1352.5,13525.0,2024-03-31
2024033101043518,DLBS,62,28,50.0,1352.0,67600.0,2024-03-31
2024033101043517,DLBS,62,33,100.0,1275.0,127500.0,2024-03-31
2024033101043516,DLBS,62,52,10.0,1275.0,12750.0,2024-03-31
2024033101043515,DLBS,62,32,20.0,1275.0,25500.0,2024-03-31
2024033101043514,DLBS,62,13,40.0,1275.0,51000.0,2024-03-31
2024033101043513,DLBS,62,45,250.0,1275.0,318750.0,2024-03-31
2024033101043512,DLBS,62,42,47.0,1267.0,59549.0,2024-03-31
2024033101043511,DLBS,62,49,10.0,1264.0,12640.0,2024-03-31
2024033101043510,DLBS,62,55,10.0,1262.7,12627.0,2024-03-31
2024033101043509,DLBS,62,45,117.0,1262.0,147654.0,2024-03-31
2024033101043508,RFPL,62,69,50.0,451.5,22575.0,2024-03-31
2024033103008394,SJLIC,4,5,400.0,484.0,193600.0,2024-03-31
2024033104009723,UMRH,43,34,20.0,361.5,7230.0,2024-03-31
2024033103008393,RLFL,36,47,190.0,357.0,67830.0,2024-03-31
2024033103008392,RLFL,3,47,200.0,358.0,71600.0,2024-03-31
2024033101043507,MBJC,47,45,10.0,313.0,3130.0,2024-03-31
2024033101043506,MBJC,47,17,10.0,312.0,3120.0,2024-03-31
2024033101043505,HHL,44,37,10.0,396.9,3969.0,2024-03-31
2024033104009722,UPPER,58,54,423.0,173.6,73432.8,2024-03-31
2024033101043504,RFPL,58,69,685.0,451.5,309277.5,2024-03-31
2024033101043503,RFPL,58,39,10.0,451.0,4510.0,2024-03-31
2024033101043502,RFPL,58,7,10.0,451.0,4510.0,2024-03-31
2024033101043501,RFPL,58,42,10.0,451.0,4510.0,2024-03-31
2024033101043500,RFPL,58,57,10.0,451.0,4510.0,2024-03-31
2024033101043499,RFPL,58,53,90.0,450.9,40581.0,2024-03-31
2024033101043498,RFPL,58,49,10.0,450.0,4500.0,2024-03-31
2024033101043497,RFPL,58,45,10.0,450.0,4500.0,2024-03-31
2024033101043496,RFPL,58,21,10.0,450.0,4500.0,2024-03-31
2024033101043495,RFPL,58,7,10.0,450.0,4500.0,2024-03-31
2024033101043494,RFPL,58,41,10.0,450.0,4500.0,2024-03-31
2024033101043493,RFPL,58,59,100.0,450.0,45000.0,2024-03-31
2024033101043492,RFPL,58,28,1035.0,449.9,465646.5,2024-03-31
2024033103008391,NADEP,64,57,15.0,654.7,9820.5,2024-03-31
2024033103008390,NADEP,64,49,10.0,654.0,6540.0,2024-03-31
2024033103008389,NADEP,64,13,500.0,653.0,326500.0,2024-03-31
2024033103008388,NADEP,64,29,100.0,650.0,65000.0,2024-03-31
2024033103008387,NADEP,64,40,30.0,650.0,19500.0,2024-03-31
2024033103008386,NADEP,64,13,500.0,650.0,325000.0,2024-03-31
2024033103008385,NADEP,64,25,10.0,650.0,6500.0,2024-03-31
2024033103008384,NADEP,64,88,100.0,649.9,64990.0,2024-03-31
2024033103008383,NADEP,64,45,200.0,649.5,129900.0,2024-03-31
2024033103008382,NADEP,64,95,500.0,649.0,324500.0,2024-03-31
2024033103008381,NADEP,64,41,15.0,648.0,9720.0,2024-03-31
2024033103008380,NADEP,64,38,20.0,648.0,12960.0,2024-03-31
2024033101043491,RFPL,64,28,65.0,449.9,29243.5,2024-03-31
2024033101043490,RFPL,64,70,10.0,448.8,4488.0,2024-03-31
2024033101043489,RFPL,64,41,10.0,448.0,4480.0,2024-03-31
2024033101043488,RFPL,64,42,10.0,448.0,4480.0,2024-03-31
2024033101043487,RFPL,64,41,185.0,446.7,82639.5,2024-03-31
2024033101043486,MHL,88,32,50.0,438.8,21940.0,2024-03-31
2024033101043485,PCBL,56,58,468.0,193.9,90745.2,2024-03-31
2024033101043484,PCBL,56,34,70.0,193.9,13573.0,2024-03-31
2024033101043483,PCBL,56,26,55.0,193.8,10659.0,2024-03-31
2024033101043482,PCBL,56,32,100.0,193.0,19300.0,2024-03-31
2024033101043481,PCBL,56,4,104.0,193.0,20072.0,2024-03-31
2024033101043480,PCBL,56,21,208.0,193.0,40144.0,2024-03-31
2024033101043479,PCBL,56,45,500.0,193.0,96500.0,2024-03-31
2024033101043478,PCBL,56,58,10.0,193.0,1930.0,2024-03-31
2024033101043477,PCBL,56,4,20.0,193.0,3860.0,2024-03-31
2024033101043476,PCBL,56,36,110.0,193.0,21230.0,2024-03-31
2024033101043475,PCBL,56,36,98.0,193.0,18914.0,2024-03-31
2024033101043474,PCBL,56,77,180.0,192.9,34722.0,2024-03-31
2024033101043473,PCBL,56,19,120.0,192.5,23100.0,2024-03-31
2024033101043472,PCBL,56,5,457.0,192.0,87744.0,2024-03-31
2024033103008379,JBBL,94,42,970.0,289.3,280621.0,2024-03-31
2024033101043471,VLUCL,84,42,10.0,510.0,5100.0,2024-03-31
2024033103008378,NMBMF,34,25,10.0,569.7,5697.0,2024-03-31
2024033101043470,BGWT,65,38,23.0,625.9,14395.7,2024-03-31
2024033101043469,BGWT,65,16,50.0,625.0,31250.0,2024-03-31
2024033101043468,BGWT,65,45,20.0,625.0,12500.0,2024-03-31
2024033101043467,BGWT,65,62,10.0,625.0,6250.0,2024-03-31
2024033101043466,BGWT,65,49,10.0,625.0,6250.0,2024-03-31
2024033101043465,BGWT,65,48,10.0,625.0,6250.0,2024-03-31
2024033101043464,BGWT,65,39,10.0,625.0,6250.0,2024-03-31
2024033101043463,BGWT,65,58,10.0,624.9,6249.0,2024-03-31
2024033101043462,BGWT,65,50,200.0,624.0,124800.0,2024-03-31
2024033101043461,BGWT,65,11,10.0,624.0,6240.0,2024-03-31
2024033101043460,BGWT,65,6,10.0,624.0,6240.0,2024-03-31
2024033101043459,BGWT,65,50,75.0,624.0,46800.0,2024-03-31
2024033101043458,BGWT,65,50,100.0,623.0,62300.0,2024-03-31
2024033101043457,BGWT,65,28,100.0,622.5,62250.0,2024-03-31
2024033101043456,BGWT,65,19,62.0,622.0,38564.0,2024-03-31
2024033104009721,JOSHI,14,37,50.0,337.0,16850.0,2024-03-31
2024033101043455,BNT,50,26,10.0,13000.0,130000.0,2024-03-31
2024033101043454,SBL,50,34,100.0,220.0,22000.0,2024-03-31
2024033101043453,SHIVM,45,21,471.0,533.0,251043.0,2024-03-31
2024033101043452,SHIVM,45,41,189.0,533.0,100737.0,2024-03-31
2024033101043451,SHIVM,45,36,120.0,532.9,63948.0,2024-03-31
2024033101043450,SHIVM,45,8,30.0,532.8,15984.0,2024-03-31
2024033101043449,SHIVM,45,49,190.0,532.0,101080.0,2024-03-31
2024033101043448,BHL,45,38,400.0,353.0,141200.0,2024-03-31
2024033101043447,MHL,57,62,15.0,436.0,6540.0,2024-03-31
2024033101043446,RHGCL,38,49,500.0,331.9,165950.0,2024-03-31
2024033103008377,BFC,38,85,10.0,337.0,3370.0,2024-03-31
2024033104009720,OHL,1,56,10.0,763.5,7635.0,2024-03-31
2024033104009719,UMRH,1,34,10.0,361.5,3615.0,2024-03-31
2024033101043445,NICA,43,44,245.0,407.0,99715.0,2024-03-31
2024033101043444,MKCL,29,17,26.0,945.0,24570.0,2024-03-31
2024033101043443,MKCL,29,41,10.0,945.0,9450.0,2024-03-31
2024033101043442,MKCL,29,74,200.0,945.0,189000.0,2024-03-31
2024033101043441,MKCL,29,41,10.0,945.0,9450.0,2024-03-31
2024033101043440,MKCL,29,77,10.0,945.0,9450.0,2024-03-31
2024033101043439,MKCL,29,58,10.0,944.0,9440.0,2024-03-31
2024033101043438,MKCL,29,25,10.0,944.0,9440.0,2024-03-31
2024033101043437,MKCL,29,34,314.0,944.0,296416.0,2024-03-31
2024033101043436,MKCL,29,49,10.0,943.0,9430.0,2024-03-31
2024033101043435,MKCL,29,51,10.0,942.0,9420.0,2024-03-31
2024033101043434,MKCL,29,41,10.0,942.0,9420.0,2024-03-31
2024033101043433,MKCL,29,45,10.0,942.0,9420.0,2024-03-31
2024033101043432,MKCL,29,48,10.0,942.0,9420.0,2024-03-31
2024033101043431,MKCL,29,45,10.0,941.9,9419.0,2024-03-31
2024033101043430,MKCL,29,32,100.0,941.8,94180.0,2024-03-31
2024033101043429,MKCL,29,14,50.0,940.0,47000.0,2024-03-31
2024033101043428,MKCL,29,38,10.0,940.0,9400.0,2024-03-31
2024033101043427,MKCL,29,58,10.0,940.0,9400.0,2024-03-31
2024033101043426,MKCL,29,58,10.0,940.0,9400.0,2024-03-31
2024033101043425,MKCL,29,58,10.0,939.0,9390.0,2024-03-31
2024033101043424,MKCL,29,56,10.0,938.0,9380.0,2024-03-31
2024033101043423,MKCL,29,56,10.0,938.0,9380.0,2024-03-31
2024033101043422,MKCL,29,56,10.0,938.0,9380.0,2024-03-31
2024033101043421,MKCL,29,56,10.0,938.0,9380.0,2024-03-31
2024033101043420,MKCL,29,61,110.0,935.0,102850.0,2024-03-31
2024033101043419,MKCL,29,33,10.0,935.0,9350.0,2024-03-31
2024033105005232,STC,54,16,10.0,4400.0,44000.0,2024-03-31
2024033101043418,SHIVM,45,53,105.0,531.2,55776.0,2024-03-31
2024033101043417,USHEC,29,53,500.0,370.0,185000.0,2024-03-31
2024033101043416,BHDC,49,50,10.0,468.9,4689.0,2024-03-31
2024033101043415,AVYAN,64,62,10.0,640.0,6400.0,2024-03-31
2024033104009718,SJCL,88,21,50.0,281.0,14050.0,2024-03-31
2024033103008376,DDBL,59,38,100.0,687.0,68700.0,2024-03-31
2024033101043414,GCIL,41,88,100.0,505.0,50500.0,2024-03-31
2024033101043413,MAKAR,53,32,180.0,401.0,72180.0,2024-03-31
2024033104009717,JOSHI,14,25,148.0,337.0,49876.0,2024-03-31
2024033101043412,AVYAN,34,62,10.0,640.0,6400.0,2024-03-31
2024033103008375,PFL,54,34,41.0,396.0,16236.0,2024-03-31
2024033103008374,PFL,58,34,369.0,396.0,146124.0,2024-03-31
2024033103008373,PFL,81,34,115.0,396.1,45551.5,2024-03-31
2024033103008372,SLBBL,3,34,280.0,640.1,179228.0,2024-03-31
2024033104009716,AKJCL,3,7,100.0,218.0,21800.0,2024-03-31
2024033101043411,HATHY,51,57,10.0,909.0,9090.0,2024-03-31
2024033101043410,MEHL,6,13,260.0,316.3,82238.0,2024-03-31
2024033105005231,SMATA,45,45,10.0,700.0,7000.0,2024-03-31
2024033105005230,NRIC,45,62,10.0,728.9,7289.0,2024-03-31
2024033104009715,NGPL,57,57,95.0,301.0,28595.0,2024-03-31
2024033101043409,PPL,69,11,50.0,543.6,27180.0,2024-03-31
2024033104009714,SHPC,5,45,10.0,340.9,3409.0,2024-03-31
2024033103008371,GUFL,74,43,1000.0,878.9,878900.0,2024-03-31
2024033104009713,BARUN,16,74,50.0,246.5,12325.0,2024-03-31
2024033101043408,RFPL,39,26,95.0,434.5,41277.5,2024-03-31
2024033101043407,RFPL,39,62,835.0,434.5,362807.5,2024-03-31
2024033101043406,RFPL,39,62,3070.0,431.4,1324398.0,2024-03-31
2024033103008370,GUFL,74,62,10.0,878.9,8789.0,2024-03-31
2024033103008369,GUFL,74,21,30.0,878.0,26340.0,2024-03-31
2024033103008368,GUFL,74,56,208.0,877.0,182416.0,2024-03-31
2024033103008367,GUFL,74,32,1000.0,877.0,877000.0,2024-03-31
2024033103008366,GUFL,74,57,10.0,876.0,8760.0,2024-03-31
2024033103008365,GUFL,74,57,100.0,876.0,87600.0,2024-03-31
2024033103008364,GUFL,74,59,375.0,875.0,328125.0,2024-03-31
2024033103008363,GUFL,74,38,500.0,875.0,437500.0,2024-03-31
2024033103008362,GUFL,74,49,50.0,875.0,43750.0,2024-03-31
2024033103008361,GUFL,74,3,148.0,875.0,129500.0,2024-03-31
2024033103008360,GUFL,74,57,100.0,875.0,87500.0,2024-03-31
2024033103008359,GUFL,74,34,26.0,875.0,22750.0,2024-03-31
2024033103008358,GUFL,74,45,1000.0,875.0,875000.0,2024-03-31
2024033103008357,GUFL,74,14,700.0,874.0,611800.0,2024-03-31
2024033103008356,GUFL,74,36,15.0,874.0,13110.0,2024-03-31
2024033103008355,GUFL,74,63,300.0,873.0,261900.0,2024-03-31
2024033103008354,GUFL,74,1,40.0,870.0,34800.0,2024-03-31
2024033103008353,GUFL,74,58,10.0,870.0,8700.0,2024-03-31
2024033103008352,GUFL,74,35,100.0,870.0,87000.0,2024-03-31
2024033103008351,GUFL,74,48,200.0,870.0,174000.0,2024-03-31
2024033103008350,GUFL,74,43,100.0,870.0,87000.0,2024-03-31
2024033103008349,GUFL,74,45,470.0,869.9,408853.0,2024-03-31
2024033103008348,GUFL,29,29,50.0,863.0,43150.0,2024-03-31
2024033103008347,GUFL,42,29,50.0,868.0,43400.0,2024-03-31
2024033104009712,PPCL,83,13,100.0,259.0,25900.0,2024-03-31
2024033104009711,PPCL,83,14,160.0,259.0,41440.0,2024-03-31
2024033104009710,PPCL,83,14,50.0,259.0,12950.0,2024-03-31
2024033104009709,PPCL,83,14,500.0,258.0,129000.0,2024-03-31
2024033104009708,PPCL,83,64,500.0,258.0,129000.0,2024-03-31
2024033104009707,PPCL,83,16,50.0,258.0,12900.0,2024-03-31
2024033104009706,PPCL,83,17,50.0,257.0,12850.0,2024-03-31
2024033104009705,PPCL,83,35,143.0,256.0,36608.0,2024-03-31
2024033104009704,PPCL,83,42,500.0,255.7,127850.0,2024-03-31
2024033104009703,PPCL,83,59,250.0,255.6,63900.0,2024-03-31
2024033104009702,PPCL,83,38,500.0,255.0,127500.0,2024-03-31
2024033104009701,PPCL,83,35,200.0,255.0,51000.0,2024-03-31
2024033104009700,PPCL,83,55,245.0,255.0,62475.0,2024-03-31
2024033104009699,PPCL,83,57,50.0,254.5,12725.0,2024-03-31
2024033101043405,BEDC,53,58,30.0,376.8,11304.0,2024-03-31
2024033101043404,BEDC,53,49,10.0,376.6,3766.0,2024-03-31
2024033101043403,BEDC,53,48,14.0,376.6,5272.4,2024-03-31
2024033101043402,BEDC,53,58,30.0,376.0,11280.0,2024-03-31
2024033101043401,CKHL,58,55,290.0,589.0,170810.0,2024-03-31
2024033101043400,CKHL,58,58,10.0,588.5,5885.0,2024-03-31
2024033101043399,CKHL,58,26,50.0,587.0,29350.0,2024-03-31
2024033101043398,CKHL,58,58,10.0,587.0,5870.0,2024-03-31
2024033101043397,CKHL,58,38,10.0,586.0,5860.0,2024-03-31
2024033101043396,CKHL,58,70,10.0,585.0,5850.0,2024-03-31
2024033101043395,CKHL,58,66,100.0,585.0,58500.0,2024-03-31
2024033101043394,CKHL,58,38,20.0,584.0,11680.0,2024-03-31
2024033103008346,MLBSL,47,58,10.0,1670.0,16700.0,2024-03-31
2024033103008345,LLBS,41,34,10.0,846.0,8460.0,2024-03-31
2024033105005229,NTC,33,7,35.0,840.1,29403.5,2024-03-31
2024033101043393,VLUCL,84,34,20.0,510.0,10200.0,2024-03-31
2024033105005228,NIFRA,34,48,39.0,204.3,7967.7,2024-03-31
2024033101043392,CLI,42,48,87.0,452.0,39324.0,2024-03-31
2024033101043391,SAMAJ,45,48,10.0,1908.1,19081.0,2024-03-31
2024033104009698,SHEL,51,11,15.0,199.0,2985.0,2024-03-31
2024033101043390,GCIL,16,35,11.0,504.0,5544.0,2024-03-31
2024033101043389,PPL,35,11,289.0,543.6,157100.4,2024-03-31
2024033101043388,PPL,35,50,10.0,543.6,5436.0,2024-03-31
2024033101043387,PPL,35,32,10.0,542.6,5426.0,2024-03-31
2024033101043386,PPL,35,26,100.0,542.6,54260.0,2024-03-31
2024033101043385,PPL,35,13,150.0,542.1,81315.0,2024-03-31
2024033101043384,PPL,35,35,10.0,542.1,5421.0,2024-03-31
2024033101043383,PPL,35,45,10.0,542.1,5421.0,2024-03-31
2024033101043382,PPL,35,50,10.0,542.0,5420.0,2024-03-31
2024033101043381,PPL,35,29,50.0,541.6,27080.0,2024-03-31
2024033101043380,PPL,35,88,500.0,541.6,270800.0,2024-03-31
2024033101043379,PPL,35,34,10.0,541.6,5416.0,2024-03-31
2024033101043378,PPL,35,55,10.0,541.6,5416.0,2024-03-31
2024033101043377,PPL,35,8,500.0,541.5,270750.0,2024-03-31
2024033101043376,PPL,35,58,35.0,540.7,18924.5,2024-03-31
2024033101043375,PPL,35,59,10.0,540.6,5406.0,2024-03-31
2024033101043374,PPL,35,26,10.0,540.6,5406.0,2024-03-31
2024033101043373,PPL,35,21,10.0,540.6,5406.0,2024-03-31
2024033101043372,PPL,35,58,10.0,540.6,5406.0,2024-03-31
2024033101043371,PPL,35,13,100.0,540.6,54060.0,2024-03-31
2024033101043370,PPL,35,57,210.0,540.6,113526.0,2024-03-31
2024033101043369,PPL,35,29,10.0,540.6,5406.0,2024-03-31
2024033101043368,PPL,35,38,10.0,540.0,5400.0,2024-03-31
2024033101043367,PPL,35,21,10.0,540.0,5400.0,2024-03-31
2024033101043366,PPL,35,51,10.0,540.0,5400.0,2024-03-31
2024033101043365,PPL,35,1,10.0,540.0,5400.0,2024-03-31
2024033101043364,PPL,35,52,10.0,540.0,5400.0,2024-03-31
2024033101043363,PPL,35,41,100.0,540.0,54000.0,2024-03-31
2024033101043362,PPL,35,58,10.0,540.0,5400.0,2024-03-31
2024033101043361,PPL,35,89,1000.0,540.0,540000.0,2024-03-31
2024033101043360,PPL,35,28,10.0,540.0,5400.0,2024-03-31
2024033101043359,PPL,35,45,10.0,540.0,5400.0,2024-03-31
2024033101043358,PPL,35,40,100.0,540.0,54000.0,2024-03-31
2024033101043357,PPL,35,44,900.0,540.0,486000.0,2024-03-31
2024033101043356,PPL,35,22,10.0,540.0,5400.0,2024-03-31
2024033101043355,PPL,35,38,10.0,540.0,5400.0,2024-03-31
2024033101043354,PPL,35,38,10.0,540.0,5400.0,2024-03-31
2024033101043353,PPL,35,50,30.0,540.0,16200.0,2024-03-31
2024033101043352,PPL,35,26,200.0,540.0,108000.0,2024-03-31
2024033101043351,PPL,35,6,10.0,540.0,5400.0,2024-03-31
2024033101043350,PPL,35,45,10.0,539.5,5395.0,2024-03-31
2024033101043349,PPL,35,58,10.0,539.5,5395.0,2024-03-31
2024033101043348,PPL,35,57,10.0,539.5,5395.0,2024-03-31
2024033101043347,PPL,35,35,10.0,539.5,5395.0,2024-03-31
2024033101043346,PPL,35,46,10.0,539.0,5390.0,2024-03-31
2024033101043345,PPL,35,49,20.0,539.0,10780.0,2024-03-31
2024033101043344,PPL,35,21,10.0,539.0,5390.0,2024-03-31
2024033101043343,PPL,35,49,220.0,539.0,118580.0,2024-03-31
2024033101043342,PPL,35,22,10.0,539.0,5390.0,2024-03-31
2024033101043341,PPL,35,26,100.0,539.0,53900.0,2024-03-31
2024033101043340,PPL,35,58,10.0,538.8,5388.0,2024-03-31
2024033101043339,PPL,35,49,10.0,538.6,5386.0,2024-03-31
2024033101043338,PPL,35,3,10.0,538.6,5386.0,2024-03-31
2024033101043337,PPL,35,57,10.0,538.5,5385.0,2024-03-31
2024033101043336,PPL,35,49,3000.0,538.5,1615500.0,2024-03-31
2024033101043335,PPL,35,58,10.0,538.5,5385.0,2024-03-31
2024033101043334,PPL,35,34,10.0,538.5,5385.0,2024-03-31
2024033101043333,PPL,35,13,200.0,538.5,107700.0,2024-03-31
2024033101043332,PPL,35,42,10.0,538.5,5385.0,2024-03-31
2024033101043331,PPL,35,21,10.0,538.5,5385.0,2024-03-31
2024033101043330,PPL,35,32,10.0,538.0,5380.0,2024-03-31
2024033101043329,PPL,35,32,10.0,538.0,5380.0,2024-03-31
2024033101043328,PPL,35,16,40.0,538.0,21520.0,2024-03-31
2024033101043327,PPL,35,42,10.0,538.0,5380.0,2024-03-31
2024033101043326,PPL,35,33,150.0,538.0,80700.0,2024-03-31
2024033101043325,PPL,35,56,300.0,538.0,161400.0,2024-03-31
2024033101043324,PPL,35,4,10.0,538.0,5380.0,2024-03-31
2024033101043323,PPL,35,69,500.0,538.0,269000.0,2024-03-31
2024033101043322,PPL,35,26,200.0,538.0,107600.0,2024-03-31
2024033101043321,PPL,35,49,10.0,537.8,5378.0,2024-03-31
2024033101043320,PPL,35,51,10.0,537.8,5378.0,2024-03-31
2024033101043319,PPL,35,56,10.0,537.7,5377.0,2024-03-31
2024033101043318,PPL,35,41,10.0,537.7,5377.0,2024-03-31
2024033101043317,PPL,35,54,10.0,537.6,5376.0,2024-03-31
2024033101043316,PPL,35,49,10.0,537.6,5376.0,2024-03-31
2024033101043315,PPL,35,13,100.0,537.5,53750.0,2024-03-31
2024033101043314,PPL,35,42,10.0,537.5,5375.0,2024-03-31
2024033101043313,PPL,35,49,10.0,537.5,5375.0,2024-03-31
2024033101043312,PPL,35,1,10.0,537.5,5375.0,2024-03-31
2024033101043311,PPL,35,22,10.0,537.5,5375.0,2024-03-31
2024033101043310,PPL,35,53,10.0,537.5,5375.0,2024-03-31
2024033101043309,PPL,35,58,10.0,537.5,5375.0,2024-03-31
2024033101043308,PPL,35,51,85.0,537.5,45687.5,2024-03-31
2024033101043307,PPL,35,55,2000.0,537.5,1075000.0,2024-03-31
2024033101043306,PPL,35,26,83.0,537.5,44612.5,2024-03-31
2024033101043305,PPL,35,45,10.0,537.5,5375.0,2024-03-31
2024033101043304,PPL,35,26,100.0,537.5,53750.0,2024-03-31
2024033101043303,PPL,35,29,10.0,537.5,5375.0,2024-03-31
2024033101043302,PPL,35,58,10.0,537.3,5373.0,2024-03-31
2024033101043301,PPL,35,42,10.0,537.0,5370.0,2024-03-31
2024033101043300,PPL,35,7,10.0,537.0,5370.0,2024-03-31
2024033101043299,PPL,35,71,900.0,537.0,483300.0,2024-03-31
2024033101043298,PPL,35,57,200.0,537.0,107400.0,2024-03-31
2024033101043297,PPL,35,17,10.0,537.0,5370.0,2024-03-31
2024033101043296,PPL,35,22,10.0,537.0,5370.0,2024-03-31
2024033101043295,PPL,35,22,10.0,537.0,5370.0,2024-03-31
2024033101043294,PPL,35,22,10.0,537.0,5370.0,2024-03-31
2024033101043293,PPL,35,57,10.0,537.0,5370.0,2024-03-31
2024033101043292,PPL,35,57,10.0,537.0,5370.0,2024-03-31
2024033101043291,PPL,35,11,10.0,537.0,5370.0,2024-03-31
2024033101043290,PPL,35,58,10.0,537.0,5370.0,2024-03-31
2024033101043289,PPL,35,58,10.0,537.0,5370.0,2024-03-31
2024033101043288,PPL,35,38,10.0,537.0,5370.0,2024-03-31
2024033101043287,PPL,35,58,10.0,537.0,5370.0,2024-03-31
2024033101043286,PPL,35,22,10.0,537.0,5370.0,2024-03-31
2024033101043285,PPL,35,58,10.0,537.0,5370.0,2024-03-31
2024033101043284,PPL,35,25,10.0,536.5,5365.0,2024-03-31
2024033101043283,PPL,35,19,10.0,536.5,5365.0,2024-03-31
2024033101043282,PPL,35,32,10.0,536.0,5360.0,2024-03-31
2024033101043281,PPL,35,58,10.0,536.0,5360.0,2024-03-31
2024033101043280,PPL,35,49,10.0,536.0,5360.0,2024-03-31
2024033101043279,PPL,35,17,10.0,535.7,5357.0,2024-03-31
2024033101043278,PPL,35,39,10.0,535.5,5355.0,2024-03-31
2024033101043277,PPL,35,28,10.0,535.0,5350.0,2024-03-31
2024033101043276,PPL,35,62,270.0,535.0,144450.0,2024-03-31
2024033101043275,PPL,35,6,10.0,535.0,5350.0,2024-03-31
2024033101043274,PPL,35,26,100.0,535.0,53500.0,2024-03-31
2024033101043273,PPL,35,46,10.0,535.0,5350.0,2024-03-31
2024033101043272,PPL,35,44,500.0,535.0,267500.0,2024-03-31
2024033101043271,PPL,35,45,20.0,535.0,10700.0,2024-03-31
2024033101043270,PPL,35,51,10.0,535.0,5350.0,2024-03-31
2024033101043269,PPL,35,18,10.0,535.0,5350.0,2024-03-31
2024033101043268,PPL,35,47,10.0,535.0,5350.0,2024-03-31
2024033101043267,PPL,35,6,10.0,535.0,5350.0,2024-03-31
2024033101043266,PPL,35,55,10.0,535.0,5350.0,2024-03-31
2024033101043265,PPL,35,26,100.0,535.0,53500.0,2024-03-31
2024033101043264,PPL,35,25,10.0,535.0,5350.0,2024-03-31
2024033101043263,PPL,35,45,10.0,535.0,5350.0,2024-03-31
2024033101043262,PPL,35,41,10.0,535.0,5350.0,2024-03-31
2024033101043261,PPL,35,41,10.0,535.0,5350.0,2024-03-31
2024033101043260,PPL,35,46,10.0,535.0,5350.0,2024-03-31
2024033101043259,PPL,35,56,200.0,535.0,107000.0,2024-03-31
2024033101043258,PPL,35,42,10.0,535.0,5350.0,2024-03-31
2024033101043257,PPL,35,17,10.0,535.0,5350.0,2024-03-31
2024033101043256,PPL,35,37,200.0,534.0,106800.0,2024-03-31
2024033101043255,PPL,35,57,10.0,534.0,5340.0,2024-03-31
2024033101043254,PPL,35,58,10.0,534.0,5340.0,2024-03-31
2024033101043253,PPL,35,47,10.0,534.0,5340.0,2024-03-31
2024033101043252,PPL,35,4,10.0,533.0,5330.0,2024-03-31
2024033101043251,PPL,35,47,10.0,533.0,5330.0,2024-03-31
2024033101043250,PPL,35,58,10.0,533.0,5330.0,2024-03-31
2024033101043249,PPL,35,49,10.0,533.0,5330.0,2024-03-31
2024033101043248,PPL,35,21,10.0,532.0,5320.0,2024-03-31
2024033101043247,PPL,35,58,10.0,532.0,5320.0,2024-03-31
2024033101043246,PPL,35,42,10.0,532.0,5320.0,2024-03-31
2024033101043245,PPL,35,49,150.0,532.0,79800.0,2024-03-31
2024033101043244,PPL,35,45,10.0,531.0,5310.0,2024-03-31
2024033101043243,PPL,35,58,10.0,531.0,5310.0,2024-03-31
2024033101043242,PPL,35,38,10.0,531.0,5310.0,2024-03-31
2024033101043241,PPL,35,56,10.0,530.0,5300.0,2024-03-31
2024033101043240,PPL,35,29,10.0,530.0,5300.0,2024-03-31
2024033101043239,PPL,35,38,10.0,530.0,5300.0,2024-03-31
2024033101043238,PPL,35,44,100.0,530.0,53000.0,2024-03-31
2024033101043237,PPL,35,28,10.0,530.0,5300.0,2024-03-31
2024033101043236,PPL,35,22,10.0,530.0,5300.0,2024-03-31
2024033101043235,PPL,35,57,10.0,530.0,5300.0,2024-03-31
2024033101043234,PPL,35,57,10.0,530.0,5300.0,2024-03-31
2024033101043233,PPL,35,25,10.0,530.0,5300.0,2024-03-31
2024033101043232,PPL,35,58,10.0,530.0,5300.0,2024-03-31
2024033101043231,PPL,35,58,10.0,530.0,5300.0,2024-03-31
2024033101043230,PPL,35,38,10.0,530.0,5300.0,2024-03-31
2024033101043229,PPL,35,69,500.0,529.0,264500.0,2024-03-31
2024033101043228,PPL,35,34,10.0,529.0,5290.0,2024-03-31
2024033101043227,PPL,35,22,262.0,525.3,137628.6,2024-03-31
2024033101043226,PPL,35,56,10.0,525.3,5253.0,2024-03-31
2024033101043225,PPL,35,26,100.0,525.3,52530.0,2024-03-31
2024033101043224,PPL,35,52,20.0,525.3,10506.0,2024-03-31
2024033101043223,PPL,35,88,500.0,525.0,262500.0,2024-03-31
2024033101043222,PPL,35,5,738.0,525.0,387450.0,2024-03-31
2024033101043221,PPL,35,45,1500.0,525.0,787500.0,2024-03-31
2024033101043220,PPL,35,88,10.0,525.0,5250.0,2024-03-31
2024033101043219,PPL,35,68,10.0,525.0,5250.0,2024-03-31
2024033101043218,PPL,35,57,193.0,525.0,101325.0,2024-03-31
2024033101043217,PPL,35,32,10.0,525.0,5250.0,2024-03-31
2024033101043216,PPL,35,58,300.0,525.0,157500.0,2024-03-31
2024033101043215,PPL,35,26,51.0,525.0,26775.0,2024-03-31
2024033101043214,PPL,35,20,500.0,524.9,262450.0,2024-03-31
2024033101043213,PPL,35,29,20.0,521.2,10424.0,2024-03-31
2024033101043212,PPL,35,62,481.0,521.2,250697.2,2024-03-31
2024033101043211,PPL,35,29,10.0,521.2,5212.0,2024-03-31
2024033101043210,PPL,35,58,200.0,521.0,104200.0,2024-03-31
2024033101043209,PPL,35,17,100.0,520.0,52000.0,2024-03-31
2024033101043208,PPL,35,33,100.0,520.0,52000.0,2024-03-31
2024033101043207,PPL,35,58,100.0,520.0,52000.0,2024-03-31
2024033101043206,PPL,35,29,10.0,520.0,5200.0,2024-03-31
2024033101043205,PPL,35,22,150.0,520.0,78000.0,2024-03-31
2024033101043204,PPL,35,26,100.0,519.8,51980.0,2024-03-31
2024033101043203,PPL,35,13,100.0,519.8,51980.0,2024-03-31
2024033101043202,PPL,35,21,148.0,519.8,76930.4,2024-03-31
2024033101043201,PPL,35,34,200.0,519.8,103960.0,2024-03-31
2024033101043200,PPL,35,26,100.0,519.8,51980.0,2024-03-31
2024033101043199,PPL,35,22,10.0,519.0,5190.0,2024-03-31
2024033101043198,PPL,35,56,100.0,519.0,51900.0,2024-03-31
2024033101043197,PPL,35,20,500.0,518.9,259450.0,2024-03-31
2024033101043196,PPL,35,58,10.0,518.0,5180.0,2024-03-31
2024033101043195,PPL,35,62,24.0,518.0,12432.0,2024-03-31
2024033101043194,PPL,35,62,340.0,518.0,176120.0,2024-03-31
2024033101043193,PPL,35,26,100.0,518.0,51800.0,2024-03-31
2024033101043192,PPL,35,26,50.0,515.2,25760.0,2024-03-31
2024033101043191,PPL,35,13,100.0,515.2,51520.0,2024-03-31
2024033101043190,PPL,35,34,500.0,515.0,257500.0,2024-03-31
2024033101043189,PPL,35,45,10.0,515.0,5150.0,2024-03-31
2024033101043188,PPL,35,58,10.0,515.0,5150.0,2024-03-31
2024033101043187,PPL,35,62,1000.0,515.0,515000.0,2024-03-31
2024033101043186,PPL,35,38,10.0,515.0,5150.0,2024-03-31
2024033101043185,PPL,35,34,10.0,515.0,5150.0,2024-03-31
2024033101043184,PPL,35,58,20.0,515.0,10300.0,2024-03-31
2024033101043183,PPL,35,45,106.0,515.0,54590.0,2024-03-31
2024033101043182,PPL,35,44,10.0,514.5,5145.0,2024-03-31
2024033101043181,PPL,35,49,950.0,514.0,488300.0,2024-03-31
2024033101043180,PPL,35,58,10.0,510.0,5100.0,2024-03-31
2024033101043179,PPL,35,57,10.0,510.0,5100.0,2024-03-31
2024033101043178,PPL,35,7,10.0,510.0,5100.0,2024-03-31
2024033101043177,PPL,35,39,10.0,505.0,5050.0,2024-03-31
2024033101043176,PPL,35,54,220.0,505.0,111100.0,2024-03-31
2024033101043175,PPL,35,13,20.0,505.0,10100.0,2024-03-31
2024033101043174,PPL,35,58,10.0,505.0,5050.0,2024-03-31
2024033101043173,PPL,35,35,10.0,505.0,5050.0,2024-03-31
2024033101043172,PPL,35,57,470.0,505.0,237350.0,2024-03-31
2024033101043171,PPL,35,58,45.0,504.2,22689.0,2024-03-31
2024033101043170,RFPL,62,62,500.0,431.4,215700.0,2024-03-31
2024033101043169,HATHY,43,57,20.0,909.0,18180.0,2024-03-31
2024033101043168,HATHY,43,66,10.0,908.9,9089.0,2024-03-31
2024033101043167,MKCL,29,33,30.0,935.0,28050.0,2024-03-31
2024033104009697,JOSHI,29,16,10.0,339.0,3390.0,2024-03-31
2024033104009696,UNHPL,55,26,250.0,238.0,59500.0,2024-03-31
2024033101043166,EBLD85,6,42,40.0,1035.3,41412.0,2024-03-31
2024033104009695,HEI,66,54,10.0,584.0,5840.0,2024-03-31
2024033101043165,HDL,36,56,32.0,1510.0,48320.0,2024-03-31
2024033101043164,DOLTI,32,49,10.0,426.0,4260.0,2024-03-31
2024033101043163,DOLTI,32,57,10.0,425.9,4259.0,2024-03-31
2024033101043162,SONA,33,41,100.0,477.2,47720.0,2024-03-31
2024033104009694,AKJCL,32,7,184.0,218.5,40204.0,2024-03-31
2024033105005227,HRL,29,13,50.0,600.9,30045.0,2024-03-31
2024033104009693,UMHL,45,34,490.0,246.0,120540.0,2024-03-31
2024033101043161,MKCL,57,33,20.0,935.0,18700.0,2024-03-31
2024033104009692,GHL,55,48,50.0,152.9,7645.0,2024-03-31
2024033101043160,RFPL,62,62,500.0,431.4,215700.0,2024-03-31
2024033101043159,RFPL,62,62,930.0,431.4,401202.0,2024-03-31
2024033101043158,RFPL,62,65,10.0,431.1,4311.0,2024-03-31
2024033101043157,RFPL,62,25,50.0,431.0,21550.0,2024-03-31
2024033101043156,RFPL,62,53,10.0,427.0,4270.0,2024-03-31
2024033101043155,RFPL,62,53,100.0,426.0,42600.0,2024-03-31
2024033101043154,RFPL,62,41,50.0,426.0,21300.0,2024-03-31
2024033101043153,RFPL,62,51,10.0,425.0,4250.0,2024-03-31
2024033101043152,RFPL,62,62,1000.0,425.0,425000.0,2024-03-31
2024033101043151,RFPL,62,62,200.0,425.0,85000.0,2024-03-31
2024033101043150,RFPL,62,41,150.0,424.3,63645.0,2024-03-31
2024033101043149,RFPL,62,49,2000.0,424.0,848000.0,2024-03-31
2024033101043148,RFPL,62,58,10.0,423.3,4233.0,2024-03-31
2024033101043147,RFPL,62,70,10.0,422.2,4222.0,2024-03-31
2024033101043146,RFPL,62,18,500.0,422.0,211000.0,2024-03-31
2024033101043145,RFPL,62,49,2400.0,422.0,1012800.0,2024-03-31
2024033101043144,RFPL,62,41,50.0,419.2,20960.0,2024-03-31
2024033101043143,RFPL,62,38,10.0,418.3,4183.0,2024-03-31
2024033101043142,RFPL,62,41,10.0,418.0,4180.0,2024-03-31
2024033101043141,CITY,39,62,10.0,594.0,5940.0,2024-03-31
2024033101043140,SNLI,42,47,40.0,596.0,23840.0,2024-03-31
2024033103008344,PFL,81,17,410.0,396.1,162401.0,2024-03-31
2024033103008343,ILBS,44,62,30.0,889.0,26670.0,2024-03-31
2024033103008342,ILBS,44,62,30.0,889.0,26670.0,2024-03-31
2024033101043139,HHL,41,29,150.0,395.0,59250.0,2024-03-31
2024033103008341,SKBBL,77,7,10.0,830.0,8300.0,2024-03-31
2024033101043138,SONA,34,49,100.0,477.1,47710.0,2024-03-31
2024033101043137,MKCL,18,33,10.0,935.0,9350.0,2024-03-31
2024033101043136,MHCL,38,58,50.0,428.1,21405.0,2024-03-31
2024033101043135,MHCL,47,58,30.0,428.1,12843.0,2024-03-31
2024033101043134,CYCL,45,41,53.0,1309.0,69377.0,2024-03-31
2024033101043133,CYCL,36,41,50.0,1315.0,65750.0,2024-03-31
2024033101043132,CYCL,5,41,190.0,1315.0,249850.0,2024-03-31
2024033101043131,CYCL,29,41,10.0,1316.0,13160.0,2024-03-31
2024033101043130,CYCL,37,41,30.0,1323.0,39690.0,2024-03-31
2024033101043129,CYCL,62,41,32.0,1327.9,42492.8,2024-03-31
2024033101043128,CYCL,62,41,15.0,1330.1,19951.5,2024-03-31
2024033101043127,CYCL,62,41,12.0,1335.1,16021.2,2024-03-31
2024033101043126,CYCL,62,41,11.0,1337.1,14708.1,2024-03-31
2024033101043125,CYCL,62,41,12.0,1339.1,16069.2,2024-03-31
2024033101043124,CYCL,62,41,10.0,1340.1,13401.0,2024-03-31
2024033101043123,CYCL,62,41,11.0,1341.1,14752.1,2024-03-31
2024033103008340,SFCL,32,21,10.0,313.0,3130.0,2024-03-31
2024033101043122,SBL,6,7,100.0,219.5,21950.0,2024-03-31
2024033101043121,SBL,51,7,20.0,219.6,4392.0,2024-03-31
2024033101043120,HHL,41,50,50.0,395.0,19750.0,2024-03-31
2024033104009691,API,13,52,356.0,176.0,62656.0,2024-03-31
2024033104009690,API,13,14,144.0,175.6,25286.4,2024-03-31
2024033101043119,MANDU,45,53,10.0,683.0,6830.0,2024-03-31
2024033101043118,MANDU,45,57,165.0,677.0,111705.0,2024-03-31
2024033101043117,SCB,60,45,543.0,510.0,276930.0,2024-03-31
2024033101043116,BNHC,45,58,10.0,485.9,4859.0,2024-03-31
2024033103008339,ALBSL,21,57,10.0,710.2,7102.0,2024-03-31
2024033104009689,JOSHI,45,16,10.0,339.0,3390.0,2024-03-31
2024033101043115,UHEWA,57,56,10.0,371.0,3710.0,2024-03-31
2024033105005226,NIFRA,57,57,54.0,204.1,11021.4,2024-03-31
2024033101043114,MKHL,57,52,200.0,396.0,79200.0,2024-03-31
2024033103008338,DDBL,48,38,20.0,687.1,13742.0,2024-03-31
2024033103008337,DDBL,6,38,20.0,687.2,13744.0,2024-03-31
2024033103008336,DDBL,55,38,30.0,687.5,20625.0,2024-03-31
2024033103008335,DDBL,3,38,25.0,688.0,17200.0,2024-03-31
2024033101043113,RFPL,62,41,40.0,418.0,16720.0,2024-03-31
2024033101043112,RFPL,62,65,100.0,418.0,41800.0,2024-03-31
2024033101043111,RFPL,62,38,10.0,418.0,4180.0,2024-03-31
2024033101043110,RFPL,62,45,350.0,417.0,145950.0,2024-03-31
2024033101043109,NBL,43,38,40.0,217.8,8712.0,2024-03-31
2024033101043108,RHGCL,19,17,200.0,331.0,66200.0,2024-03-31
2024033103008334,SJLIC,4,83,18.0,484.0,8712.0,2024-03-31
2024033103008333,SJLIC,41,83,500.0,484.0,242000.0,2024-03-31
2024033101043107,MHL,66,62,10.0,436.0,4360.0,2024-03-31
2024033104009688,UMRH,42,49,470.0,358.0,168260.0,2024-03-31
2024033104009687,UMRH,45,49,500.0,358.1,179050.0,2024-03-31
2024033104009686,UMRH,34,49,20.0,358.2,7164.0,2024-03-31
2024033104009685,UMRH,43,49,10.0,358.2,3582.0,2024-03-31
2024033101043106,MKHL,58,49,500.0,395.0,197500.0,2024-03-31
2024033103008332,CFCL,44,70,50.0,341.2,17060.0,2024-03-31
2024033101043105,RFPL,58,45,50.0,417.0,20850.0,2024-03-31
2024033101043104,RFPL,58,14,50.0,417.0,20850.0,2024-03-31
2024033101043103,RFPL,58,58,400.0,417.0,166800.0,2024-03-31
2024033101043102,PPL,14,58,154.0,504.0,77616.0,2024-03-31
2024033101043101,PPL,58,58,56.0,504.0,28224.0,2024-03-31
2024033101043100,RFPL,58,53,107.0,416.9,44608.3,2024-03-31
2024033101043099,RFPL,58,58,10.0,416.0,4160.0,2024-03-31
2024033101043098,RFPL,58,34,20.0,416.0,8320.0,2024-03-31
2024033101043097,RFPL,58,53,10.0,415.0,4150.0,2024-03-31
2024033101043096,NICA,58,44,10.0,407.0,4070.0,2024-03-31
2024033103008331,JBBL,58,42,50.0,289.3,14465.0,2024-03-31
2024033104009684,SGIC,34,58,100.0,522.9,52290.0,2024-03-31
2024033104009683,SGIC,21,58,100.0,523.0,52300.0,2024-03-31
2024033103008330,MFIL,53,14,100.0,507.0,50700.0,2024-03-31
2024033101043095,CLI,42,42,100.0,452.0,45200.0,2024-03-31
2024033101043094,BHDC,47,56,10.0,460.0,4600.0,2024-03-31
2024033103008329,DDBL,3,58,25.0,688.0,17200.0,2024-03-31
2024033103008328,GUFL,42,34,100.0,868.0,86800.0,2024-03-31
2024033101043093,CYCL,62,6,20.0,1352.9,27058.0,2024-03-31
2024033101043092,CYCL,62,58,21.0,1352.0,28392.0,2024-03-31
2024033101043091,TAMOR,64,38,300.0,383.5,115050.0,2024-03-31
2024033101043090,SRLI,38,29,10.0,439.0,4390.0,2024-03-31
2024033105005225,CHDC,47,54,10.0,920.0,9200.0,2024-03-31
2024033101043089,MEHL,6,19,40.0,316.5,12660.0,2024-03-31
2024033104009682,HEI,16,54,10.0,584.0,5840.0,2024-03-31
2024033105005224,CIT,35,29,50.0,2105.5,105275.0,2024-03-31
2024033105005223,CIT,32,29,50.0,2106.0,105300.0,2024-03-31
2024033103008327,DDBL,6,58,25.0,688.0,17200.0,2024-03-31
2024033104009681,UMHL,66,34,455.0,246.0,111930.0,2024-03-31
2024033104009680,UMHL,66,70,45.0,246.0,11070.0,2024-03-31
2024033101043088,MEL,59,35,50.0,222.3,11115.0,2024-03-31
2024033101043087,MEL,59,21,500.0,222.3,111150.0,2024-03-31
2024033101043086,MEL,59,36,10.0,222.1,2221.0,2024-03-31
2024033101043085,MEL,59,52,200.0,222.1,44420.0,2024-03-31
2024033101043084,GCIL,25,88,20.0,505.0,10100.0,2024-03-31
2024033101043083,PPL,58,58,10.0,504.0,5040.0,2024-03-31
2024033105005222,ENL,57,42,10.0,756.2,7562.0,2024-03-31
2024033104009679,NHPC,45,36,50.0,150.0,7500.0,2024-03-31
2024033104009678,NHPC,45,42,50.0,150.0,7500.0,2024-03-31
2024033104009677,NHPC,45,35,296.0,150.0,44400.0,2024-03-31
2024033104009676,NHPC,45,42,600.0,150.0,90000.0,2024-03-31
2024033105005221,HRL,29,45,10.0,600.9,6009.0,2024-03-31
2024033101043082,RFPL,62,53,90.0,415.0,37350.0,2024-03-31
2024033101043081,RFPL,62,53,100.0,414.9,41490.0,2024-03-31
2024033101043080,RFPL,62,38,50.0,414.0,20700.0,2024-03-31
2024033101043079,RFPL,62,33,100.0,414.0,41400.0,2024-03-31
2024033101043078,RFPL,62,34,160.0,414.0,66240.0,2024-03-31
2024033101043077,PPL,58,34,400.0,504.0,201600.0,2024-03-31
2024033101043076,PPL,33,34,100.0,504.1,50410.0,2024-03-31
2024033101043075,KDL,45,47,10.0,787.0,7870.0,2024-03-31
2024033101043074,KDL,47,47,10.0,787.1,7871.0,2024-03-31
2024033101043073,KDL,47,47,50.0,787.2,39360.0,2024-03-31
2024033101043072,KDL,34,47,100.0,788.0,78800.0,2024-03-31
2024033101043071,KDL,45,47,30.0,788.1,23643.0,2024-03-31
2024033104009675,UNHPL,26,28,10.0,239.0,2390.0,2024-03-31
2024033101043070,SHIVM,77,49,10.0,532.0,5320.0,2024-03-31
2024033104009674,HPPL,49,36,10.0,267.0,2670.0,2024-03-31
2024033101043069,HATHY,29,49,134.0,907.0,121538.0,2024-03-31
2024033101043068,HATHY,81,49,500.0,907.0,453500.0,2024-03-31
2024033101043067,HATHY,68,49,66.0,907.0,59862.0,2024-03-31
2024033101043066,HATHY,48,49,300.0,907.5,272250.0,2024-03-31
2024033104009673,SGIC,21,55,100.0,523.0,52300.0,2024-03-31
2024033104009672,SGIC,21,41,300.0,523.0,156900.0,2024-03-31
2024033103008326,SWMF,22,21,10.0,711.6,7116.0,2024-03-31
2024033101043065,RHGCL,19,21,500.0,331.0,165500.0,2024-03-31
2024033104009671,AKJCL,32,4,100.0,218.5,21850.0,2024-03-31
2024033104009670,AKJCL,32,17,866.0,218.5,189221.0,2024-03-31
2024033101043064,DORDI,14,88,170.0,440.0,74800.0,2024-03-31
2024033101043063,DORDI,14,45,10.0,440.0,4400.0,2024-03-31
2024033101043062,DORDI,14,32,100.0,440.0,44000.0,2024-03-31
2024033101043061,DORDI,14,58,10.0,440.0,4400.0,2024-03-31
2024033101043060,DORDI,14,56,210.0,439.9,92379.0,2024-03-31
2024033101043059,NRM,33,8,100.0,370.8,37080.0,2024-03-31
2024033104009669,NHPC,58,42,500.0,150.0,75000.0,2024-03-31
2024033103008325,ICFC,71,58,62.0,497.0,30814.0,2024-03-31
2024033101043058,KBL,87,53,10.0,138.0,1380.0,2024-03-31
2024033103008324,JBBL,50,65,264.0,289.2,76348.8,2024-03-31
2024033101043057,NBL,35,41,44.0,217.0,9548.0,2024-03-31
2024033104009668,API,57,14,200.0,175.6,35120.0,2024-03-31
2024033101043056,TSHL,55,62,20.0,515.0,10300.0,2024-03-31
2024033103008323,NFS,32,45,50.0,382.3,19115.0,2024-03-31
2024033101043055,SPL,45,7,20.0,669.9,13398.0,2024-03-31
2024033101043054,SPL,45,7,10.0,669.9,6699.0,2024-03-31
2024033101043053,SPL,45,7,10.0,669.9,6699.0,2024-03-31
2024033101043052,SPL,45,40,15.0,668.0,10020.0,2024-03-31
2024033101043051,SPL,45,7,10.0,667.8,6678.0,2024-03-31
2024033101043050,SPL,45,42,10.0,667.0,6670.0,2024-03-31
2024033103008322,FMDBL,38,55,50.0,601.0,30050.0,2024-03-31
2024033104009667,NHPC,43,42,2000.0,150.0,300000.0,2024-03-31
2024033103008321,NICLBSL,47,49,130.0,599.5,77935.0,2024-03-31
2024033103008320,NICLBSL,47,19,70.0,599.4,41958.0,2024-03-31
2024033104009666,HEI,34,54,10.0,584.0,5840.0,2024-03-31
2024033101043049,SONA,34,26,100.0,477.1,47710.0,2024-03-31
2024033101043048,GCIL,80,88,100.0,505.0,50500.0,2024-03-31
2024033105005220,SMATA,25,29,10.0,695.0,6950.0,2024-03-31
2024033104009665,HPPL,58,36,30.0,267.0,8010.0,2024-03-31
2024033101043047,GCIL,47,88,50.0,505.0,25250.0,2024-03-31
2024033101043046,GCIL,7,88,500.0,505.0,252500.0,2024-03-31
2024033101043045,GCIL,5,88,2000.0,505.0,1010000.0,2024-03-31
2024033101043044,GCIL,45,88,200.0,505.0,101000.0,2024-03-31
2024033101043043,GCIL,62,88,515.0,505.0,260075.0,2024-03-31
2024033101043042,GCIL,74,88,50.0,505.0,25250.0,2024-03-31
2024033101043041,GCIL,35,88,50.0,505.0,25250.0,2024-03-31
2024033101043040,GCIL,42,88,19.0,505.0,9595.0,2024-03-31
2024033101043039,GCIL,37,88,100.0,505.0,50500.0,2024-03-31
2024033101043038,GCIL,74,88,100.0,505.0,50500.0,2024-03-31
2024033101043037,GCIL,67,88,200.0,505.0,101000.0,2024-03-31
2024033101043036,GCIL,45,88,200.0,505.1,101020.0,2024-03-31
2024033101043035,GCIL,45,88,20.0,505.2,10104.0,2024-03-31
2024033101043034,GCIL,29,88,300.0,505.2,151560.0,2024-03-31
2024033101043033,GCIL,51,88,20.0,505.3,10106.0,2024-03-31
2024033101043032,GCIL,19,88,50.0,505.8,25290.0,2024-03-31
2024033101043031,GCIL,52,88,50.0,505.9,25295.0,2024-03-31
2024033101043030,GCIL,41,88,200.0,506.0,101200.0,2024-03-31
2024033101043029,GCIL,45,88,500.0,506.0,253000.0,2024-03-31
2024033101043028,GCIL,87,88,500.0,506.0,253000.0,2024-03-31
2024033101043027,GCIL,37,88,50.0,506.0,25300.0,2024-03-31
2024033101043026,GCIL,67,88,200.0,506.1,101220.0,2024-03-31
2024033101043025,GCIL,4,88,10.0,506.7,5067.0,2024-03-31
2024033101043024,GCIL,65,88,90.0,506.7,45603.0,2024-03-31
2024033103008319,KSBBL,21,49,10.0,355.0,3550.0,2024-03-31
2024033101043023,SONA,34,59,150.0,477.1,71565.0,2024-03-31
2024033101043022,MBL,22,83,154.0,175.0,26950.0,2024-03-31
2024033101043021,MBL,22,44,246.0,174.6,42951.6,2024-03-31
2024033101043020,SNLI,42,58,10.0,596.0,5960.0,2024-03-31
2024033103008318,SADBL,51,1,295.0,295.0,87025.0,2024-03-31
2024033103008317,GBBL,34,1,200.0,364.0,72800.0,2024-03-31
2024033104009664,NICL,45,42,300.0,823.0,246900.0,2024-03-31
2024033101043019,DOLTI,28,45,150.0,425.0,63750.0,2024-03-31
2024033104009663,HDHPC,47,19,133.0,135.7,18048.1,2024-03-31
2024033103008316,CBBL,16,10,10.0,829.9,8299.0,2024-03-31
2024033103008315,LICN,34,22,10.0,1348.0,13480.0,2024-03-31
2024033103008314,SINDU,32,26,1000.0,345.0,345000.0,2024-03-31
2024033105005219,HRL,29,11,76.0,600.9,45668.4,2024-03-31
2024033105005218,HRL,50,11,30.0,600.9,18027.0,2024-03-31
2024033101043018,SONA,34,66,400.0,477.1,190840.0,2024-03-31
2024033101043017,HATHY,59,66,10.0,908.0,9080.0,2024-03-31
2024033103008313,SDLBSL,41,42,10.0,684.0,6840.0,2024-03-31
2024033103008312,SFCL,32,55,30.0,310.0,9300.0,2024-03-31
2024033103008311,NLIC,32,7,50.0,594.9,29745.0,2024-03-31
2024033103008310,GUFL,42,33,50.0,868.0,43400.0,2024-03-31
2024033101043016,MCHL,56,58,150.0,360.0,54000.0,2024-03-31
2024033101043015,MCHL,56,36,10.0,360.0,3600.0,2024-03-31
2024033101043014,MCHL,56,28,100.0,359.9,35990.0,2024-03-31
2024033101043013,MCHL,56,6,10.0,358.0,3580.0,2024-03-31
2024033101043012,MCHL,56,42,10.0,357.0,3570.0,2024-03-31
2024033101043011,MCHL,56,47,10.0,356.0,3560.0,2024-03-31
2024033101043010,MCHL,56,49,10.0,356.0,3560.0,2024-03-31
2024033101043009,SHIVM,81,41,11.0,533.0,5863.0,2024-03-31
2024033101043008,SHIVM,81,57,19.0,533.0,10127.0,2024-03-31
2024033101043007,SHIVM,81,25,500.0,532.0,266000.0,2024-03-31
2024033101043006,SHIVM,81,7,470.0,532.0,250040.0,2024-03-31
2024033101043005,NICA,42,44,30.0,407.0,12210.0,2024-03-31
2024033104009662,CHL,50,57,416.0,297.6,123801.6,2024-03-31
2024033104009661,CHL,50,54,84.0,293.0,24612.0,2024-03-31
2024033101043004,SONA,34,57,170.0,477.1,81107.0,2024-03-31
2024033101043003,SONA,29,57,50.0,477.1,23855.0,2024-03-31
2024033101043002,SONA,63,57,80.0,477.1,38168.0,2024-03-31
2024033103008309,SADBL,1,1,103.0,295.0,30385.0,2024-03-31
2024033101043001,MHL,38,62,50.0,436.0,21800.0,2024-03-31
2024033105005217,SMATA,39,45,10.0,700.0,7000.0,2024-03-31
2024033101043000,MBL,52,44,100.0,174.6,17460.0,2024-03-31
2024033101042999,NWCL,41,56,10.0,736.0,7360.0,2024-03-31
2024033103008308,GUFL,14,45,10.0,869.9,8699.0,2024-03-31
2024033101042998,SANIMA,11,4,100.0,236.0,23600.0,2024-03-31
2024033101042997,SONA,63,42,10.0,477.1,4771.0,2024-03-31
2024033104009660,UPPER,20,16,100.0,173.7,17370.0,2024-03-31
2024033101042996,MEL,58,42,200.0,222.0,44400.0,2024-03-31
2024033101042995,SIKLES,42,22,10.0,480.0,4800.0,2024-03-31
2024033103008307,GUFL,42,41,300.0,868.0,260400.0,2024-03-31
2024033101042994,HATHY,35,66,10.0,908.9,9089.0,2024-03-31
2024033101042993,HATHY,35,55,10.0,908.9,9089.0,2024-03-31
2024033104009659,KKHC,43,45,16.0,237.0,3792.0,2024-03-31
2024033101042992,RFPL,62,34,300.0,414.0,124200.0,2024-03-31
2024033103008306,DDBL,17,58,50.0,688.0,34400.0,2024-03-31
2024033103008305,GRDBL,44,45,11.0,373.9,4112.9,2024-03-31
2024033103008304,GRDBL,44,74,50.0,373.9,18695.0,2024-03-31
2024033101042991,MBJC,59,34,200.0,312.0,62400.0,2024-03-31
2024033101042990,AVYAN,4,64,20.0,634.0,12680.0,2024-03-31
2024033101042989,AVYAN,47,64,22.0,635.0,13970.0,2024-03-31
2024033103008303,BFC,18,59,100.0,335.0,33500.0,2024-03-31
2024033101042988,CYCL,62,22,11.0,1343.1,14774.1,2024-03-31
2024033101042987,CYCL,62,22,10.0,1344.1,13441.0,2024-03-31
2024033101042986,CYCL,62,22,11.0,1345.1,14796.1,2024-03-31
2024033101042985,CYCL,62,22,10.0,1347.1,13471.0,2024-03-31
2024033101042984,CYCL,62,22,10.0,1349.1,13491.0,2024-03-31
2024033101042983,CYCL,62,22,10.0,1350.9,13509.0,2024-03-31
2024033103008302,GBBL,34,41,11.0,364.0,4004.0,2024-03-31
2024033104009658,SHEL,53,4,10.0,197.2,1972.0,2024-03-31
2024033101042982,KBL,56,53,111.0,138.0,15318.0,2024-03-31
2024033101042981,KBL,56,35,189.0,138.0,26082.0,2024-03-31
2024033101042980,CKHL,58,35,25.0,583.4,14585.0,2024-03-31
2024033101042979,CKHL,58,42,10.0,583.0,5830.0,2024-03-31
2024033101042978,CKHL,58,44,10.0,583.0,5830.0,2024-03-31
2024033101042977,CKHL,58,34,10.0,582.0,5820.0,2024-03-31
2024033101042976,CKHL,58,42,10.0,582.0,5820.0,2024-03-31
2024033101042975,CKHL,58,61,10.0,581.0,5810.0,2024-03-31
2024033101042974,CKHL,58,34,160.0,580.0,92800.0,2024-03-31
2024033101042973,CKHL,58,34,70.0,580.0,40600.0,2024-03-31
2024033101042972,CKHL,58,21,200.0,580.0,116000.0,2024-03-31
2024033101042971,CKHL,58,58,10.0,580.0,5800.0,2024-03-31
2024033101042970,CKHL,58,34,30.0,580.0,17400.0,2024-03-31
2024033101042969,CKHL,58,14,500.0,580.0,290000.0,2024-03-31
2024033101042968,CKHL,58,6,10.0,580.0,5800.0,2024-03-31
2024033101042967,CKHL,58,38,10.0,580.0,5800.0,2024-03-31
2024033101042966,CKHL,58,36,230.0,579.9,133377.0,2024-03-31
2024033101042965,CKHL,58,1,400.0,579.9,231960.0,2024-03-31
2024033101042964,EHPL,42,58,10.0,453.0,4530.0,2024-03-31
2024033105005216,NMB50,49,7,500.0,9.4,4700.0,2024-03-31
2024033105005215,NMB50,32,7,400.0,9.4,3760.0,2024-03-31
2024033101042963,NRM,57,8,160.0,370.8,59328.0,2024-03-31
2024033101042962,NRM,58,8,200.0,371.0,74200.0,2024-03-31
2024033101042961,NRM,17,8,11.0,371.0,4081.0,2024-03-31
2024033101042960,NRM,58,8,100.0,371.1,37110.0,2024-03-31
2024033101042959,NRM,45,8,20.0,371.1,7422.0,2024-03-31
2024033101042958,NRM,32,8,20.0,371.5,7430.0,2024-03-31
2024033104009657,PPCL,83,35,37.0,254.1,9401.7,2024-03-31
2024033104009656,PPCL,34,35,13.0,254.1,3303.3,2024-03-31
2024033105005214,CIT,32,35,150.0,2106.0,315900.0,2024-03-31
2024033101042957,HDL,13,57,18.0,1509.0,27162.0,2024-03-31
2024033101042956,SMH,45,74,90.0,680.0,61200.0,2024-03-31
2024033101042955,SMH,45,47,10.0,679.9,6799.0,2024-03-31
2024033103008301,SAPDBL,74,62,85.0,293.0,24905.0,2024-03-31
2024033103008300,SAPDBL,39,62,15.0,296.5,4447.5,2024-03-31
2024033101042954,MHL,38,62,40.0,436.0,17440.0,2024-03-31
2024033101042953,EBL,66,34,205.0,498.3,102151.5,2024-03-31
2024033101042952,EBL,46,34,50.0,498.4,24920.0,2024-03-31
2024033104009655,SHL,34,7,150.0,433.0,64950.0,2024-03-31
2024033103008299,GBLBS,25,11,13.0,608.0,7904.0,2024-03-31
2024033103008298,GBLBS,14,11,100.0,608.0,60800.0,2024-03-31
2024033103008297,GBLBS,35,11,137.0,608.0,83296.0,2024-03-31
2024033103008296,GBLBS,55,11,100.0,608.1,60810.0,2024-03-31
2024033103008295,GBLBS,58,11,50.0,608.3,30415.0,2024-03-31
2024033101042951,DORDI,72,56,75.0,439.9,32992.5,2024-03-31
2024033101042950,DORDI,72,77,500.0,439.8,219900.0,2024-03-31
2024033101042949,DORDI,72,38,50.0,437.0,21850.0,2024-03-31
2024033101042948,DORDI,72,34,190.0,437.0,83030.0,2024-03-31
2024033101042947,DORDI,72,33,85.0,437.0,37145.0,2024-03-31
2024033101042946,DORDI,72,34,100.0,435.0,43500.0,2024-03-31
2024033101042945,DLBS,62,49,100.0,1220.0,122000.0,2024-03-31
2024033101042944,MEHL,58,56,10.0,317.8,3178.0,2024-03-31
2024033101042943,IHL,58,48,20.0,395.1,7902.0,2024-03-31
2024033103008294,KRBL,58,21,20.0,407.4,8148.0,2024-03-31
2024033103008293,KRBL,58,35,50.0,405.0,20250.0,2024-03-31
2024033101042942,RHGCL,35,49,120.0,331.9,39828.0,2024-03-31
2024033103008292,GMFIL,57,34,10.0,359.0,3590.0,2024-03-31
2024033101042941,SRLI,38,29,10.0,439.0,4390.0,2024-03-31
2024033101042940,MMKJL,44,45,10.0,417.1,4171.0,2024-03-31
2024033104009654,PPCL,34,26,47.0,252.0,11844.0,2024-03-31
2024033104009653,PPCL,34,54,100.0,251.0,25100.0,2024-03-31
2024033101042939,NRM,32,53,10.0,371.5,3715.0,2024-03-31
2024033105005213,NRN,72,62,160.0,526.0,84160.0,2024-03-31
2024033101042938,USHL,18,6,30.0,488.0,14640.0,2024-03-31
2024033101042937,USHL,18,4,20.0,487.8,9756.0,2024-03-31
2024033104009652,API,67,14,50.0,175.6,8780.0,2024-03-31
2024033104009651,API,57,14,50.0,175.6,8780.0,2024-03-31
2024033104009650,API,44,14,380.0,175.6,66728.0,2024-03-31
2024033104009649,API,16,14,176.0,175.6,30905.6,2024-03-31
2024033104009648,API,57,14,1000.0,175.7,175700.0,2024-03-31
2024033104009647,AHPC,25,13,52.0,175.0,9100.0,2024-03-31
2024033104009646,AHPC,25,29,148.0,175.0,25900.0,2024-03-31
2024033104009645,SPDL,32,17,80.0,245.0,19600.0,2024-03-31
2024033104009644,NHPC,1,42,1000.0,150.0,150000.0,2024-03-31
2024033104009643,NGPL,49,57,25.0,301.0,7525.0,2024-03-31
2024033104009642,NGPL,40,57,80.0,301.5,24120.0,2024-03-31
2024033104009641,SSHL,57,28,10.0,160.9,1609.0,2024-03-31
2024033103008291,ICFC,71,57,200.0,497.0,99400.0,2024-03-31
2024033101042936,UHEWA,38,38,10.0,367.1,3671.0,2024-03-31
2024033101042935,SONA,63,38,100.0,477.1,47710.0,2024-03-31
2024033101042934,SHIVM,77,7,10.0,532.0,5320.0,2024-03-31
2024033101042933,USHEC,29,32,100.0,370.0,37000.0,2024-03-31
2024033101042932,USHEC,29,58,10.0,368.0,3680.0,2024-03-31
2024033104009640,SGIC,21,41,500.0,523.0,261500.0,2024-03-31
2024033103008290,SHINE,7,28,10.0,369.8,3698.0,2024-03-31
2024033101042931,HATHY,51,55,10.0,908.9,9089.0,2024-03-31
2024033101042930,CKHL,58,17,150.0,577.0,86550.0,2024-03-31
2024033104009639,NHPC,58,34,355.0,149.6,53108.0,2024-03-31
2024033104009638,NHPC,32,34,600.0,149.6,89760.0,2024-03-31
2024033104009637,NHPC,58,34,300.0,149.6,44880.0,2024-03-31
2024033104009636,NHPC,57,34,50.0,149.7,7485.0,2024-03-31
2024033104009635,NHPC,40,34,100.0,149.7,14970.0,2024-03-31
2024033104009634,NHPC,41,34,200.0,149.7,29940.0,2024-03-31
2024033104009633,NHPC,56,34,329.0,149.7,49251.3,2024-03-31
2024033104009632,NHPC,58,34,400.0,149.8,59920.0,2024-03-31
2024033104009631,NHPC,55,34,25.0,149.8,3745.0,2024-03-31
2024033104009630,NHPC,42,34,141.0,149.8,21121.8,2024-03-31
2024033104009629,JOSHI,14,34,700.0,337.0,235900.0,2024-03-31
2024033104009628,JOSHI,14,38,24.0,336.0,8064.0,2024-03-31
2024033101042929,DOLTI,28,14,1000.0,425.0,425000.0,2024-03-31
2024033101042928,GCIL,25,32,10.0,510.0,5100.0,2024-03-31
2024033101042927,SONA,63,56,10.0,477.1,4771.0,2024-03-31
2024033101042926,GCIL,65,56,60.0,506.7,30402.0,2024-03-31
2024033104009627,RIDI,32,39,10.0,180.0,1800.0,2024-03-31
2024033101042925,RNLI,38,45,10.0,434.2,4342.0,2024-03-31
2024033101042924,NRM,45,48,100.0,372.0,37200.0,2024-03-31
2024033101042923,NWCL,13,46,10.0,729.2,7292.0,2024-03-31
2024033101042922,CYCL,62,6,10.0,1352.9,13529.0,2024-03-31
2024033101042921,CYCL,62,77,60.0,1352.9,81174.0,2024-03-31
2024033101042920,CYCL,62,48,150.0,1351.0,202650.0,2024-03-31
2024033104009626,CHL,62,4,50.0,293.0,14650.0,2024-03-31
2024033103008289,HLI,19,34,20.0,397.0,7940.0,2024-03-31
2024033103008288,HLI,41,34,40.0,397.9,15916.0,2024-03-31
2024033103008287,SJLIC,55,83,110.0,484.5,53295.0,2024-03-31
2024033103008286,SJLIC,44,83,126.0,484.5,61047.0,2024-03-31
2024033104009625,RIDI,34,39,110.0,180.0,19800.0,2024-03-31
2024033104009624,RIDI,57,39,289.0,180.0,52020.0,2024-03-31
2024033104009623,RIDI,43,39,100.0,180.2,18020.0,2024-03-31
2024033104009622,RIDI,62,39,10.0,180.3,1803.0,2024-03-31
2024033101042919,HATHY,59,70,47.0,908.0,42676.0,2024-03-31
2024033104009621,UMHL,45,70,455.0,246.5,112157.5,2024-03-31
2024033103008285,KSBBL,21,49,20.0,355.0,7100.0,2024-03-31
2024033103008284,USLB,75,52,472.0,1600.0,755200.0,2024-03-31
2024033103008283,USLB,57,52,42.0,1600.0,67200.0,2024-03-31
2024033103008282,USLB,51,52,250.0,1601.0,400250.0,2024-03-31
2024033103008281,USLB,51,52,150.0,1601.0,240150.0,2024-03-31
2024033103008280,USLB,51,52,66.0,1601.0,105666.0,2024-03-31
2024033103008279,USLB,75,52,10.0,1610.0,16100.0,2024-03-31
2024033103008278,USLB,75,52,10.0,1615.0,16150.0,2024-03-31
2024033101042918,NABIL,49,41,15.0,440.0,6600.0,2024-03-31
2024033103008277,LBBL,44,22,150.0,371.0,55650.0,2024-03-31
2024033101042917,SMHL,14,58,10.0,454.0,4540.0,2024-03-31
2024033101042916,SMHL,14,32,10.0,454.0,4540.0,2024-03-31
2024033101042915,SMHL,14,42,10.0,454.0,4540.0,2024-03-31
2024033101042914,SMHL,14,6,10.0,453.2,4532.0,2024-03-31
2024033101042913,SMHL,14,49,10.0,453.0,4530.0,2024-03-31
2024033101042912,SMHL,14,52,30.0,452.0,13560.0,2024-03-31
2024033101042911,SMHL,14,58,10.0,452.0,4520.0,2024-03-31
2024033103008276,JBBL,40,42,100.0,289.3,28930.0,2024-03-31
2024033101042910,CZBIL,33,57,11.0,160.0,1760.0,2024-03-31
2024033101042909,MHCL,33,58,30.0,429.0,12870.0,2024-03-31
2024033101042908,CLI,42,58,13.0,452.0,5876.0,2024-03-31
2024033101042907,MSHL,35,42,10.0,618.0,6180.0,2024-03-31
2024033104009620,GHL,28,48,10.0,152.9,1529.0,2024-03-31
2024033104009619,HDHPC,58,58,25.0,135.9,3397.5,2024-03-31
2024033103008275,CBBL,75,33,197.0,828.0,163116.0,2024-03-31
2024033101042906,KDL,47,45,10.0,797.0,7970.0,2024-03-31
2024033101042905,SRLI,38,59,10.0,439.9,4399.0,2024-03-31
2024033101042904,SRLI,38,53,10.0,439.8,4398.0,2024-03-31
2024033101042903,GVL,66,62,50.0,424.3,21215.0,2024-03-31
2024033101042902,MMKJL,44,42,10.0,417.0,4170.0,2024-03-31
2024033103008274,GUFL,29,7,45.0,863.0,38835.0,2024-03-31
2024033103008273,GUFL,41,7,20.0,863.0,17260.0,2024-03-31
2024033103008272,GUFL,58,7,30.0,863.0,25890.0,2024-03-31
2024033101042901,USHEC,46,58,10.0,367.6,3676.0,2024-03-31
2024033105005212,SMATA,57,45,50.0,700.0,35000.0,2024-03-31
2024033101042900,HATHY,59,57,114.0,908.0,103512.0,2024-03-31
2024033105005211,NRIC,49,49,100.0,727.9,72790.0,2024-03-31
2024033101042899,SHIVM,45,94,500.0,531.2,265600.0,2024-03-31
2024033101042898,HDL,32,56,20.0,1510.0,30200.0,2024-03-31
2024033101042897,DOLTI,28,48,100.0,425.0,42500.0,2024-03-31
2024033105005210,HIDCL,13,41,3000.0,168.0,504000.0,2024-03-31
2024033105005209,HIDCL,13,42,830.0,167.9,139357.0,2024-03-31
2024033101042896,NWCL,45,56,10.0,736.0,7360.0,2024-03-31
2024033101042895,BNT,50,45,43.0,12852.0,552636.0,2024-03-31
2024033101042894,PPL,58,57,130.0,504.0,65520.0,2024-03-31
2024033101042893,PPL,33,57,70.0,504.1,35287.0,2024-03-31
2024033101042892,BHPL,58,54,50.0,481.0,24050.0,2024-03-31
2024033101042891,BHPL,38,54,20.0,481.0,9620.0,2024-03-31
2024033101042890,BHPL,42,54,22.0,481.0,10582.0,2024-03-31
2024033101042889,BHPL,46,54,27.0,481.0,12987.0,2024-03-31
2024033101042888,BHPL,17,54,85.0,481.0,40885.0,2024-03-31
2024033101042887,BHPL,32,54,10.0,481.1,4811.0,2024-03-31
2024033105005208,CHDC,59,39,10.0,908.0,9080.0,2024-03-31
2024033105005207,SMATA,25,29,10.0,695.0,6950.0,2024-03-31
2024033105005206,HRL,50,29,20.0,600.9,12018.0,2024-03-31
2024033104009618,NICL,21,42,20.0,823.0,16460.0,2024-03-31
2024033101042886,SHIVM,22,7,20.0,532.0,10640.0,2024-03-31
2024033101042885,LSL,22,5,31.0,160.0,4960.0,2024-03-31
2024033101042884,LSL,22,32,57.0,160.0,9120.0,2024-03-31
2024033101042883,LSL,22,28,10.0,160.0,1600.0,2024-03-31
2024033101042882,LSL,22,77,300.0,159.0,47700.0,2024-03-31
2024033101042881,LSL,22,58,202.0,159.0,32118.0,2024-03-31
2024033101042880,ULBSL,42,41,19.0,1216.0,23104.0,2024-03-31
2024033103008271,SIFC,14,58,31.0,360.0,11160.0,2024-03-31
2024033103008270,SIFC,14,13,68.0,360.0,24480.0,2024-03-31
2024033101042879,DLBS,62,37,20.0,1220.0,24400.0,2024-03-31
2024033104009617,SICL,58,58,45.0,694.0,31230.0,2024-03-31
2024033101042878,SMJC,58,59,10.0,378.0,3780.0,2024-03-31
2024033101042877,IHL,5,42,10.0,395.0,3950.0,2024-03-31
2024033104009616,IGI,35,10,485.0,539.9,261851.5,2024-03-31
2024033104009615,IGI,35,52,108.0,539.8,58298.4,2024-03-31
2024033104009614,IGI,35,19,10.0,539.5,5395.0,2024-03-31
2024033104009613,IGI,35,16,197.0,539.0,106183.0,2024-03-31
2024033101042876,SAHAS,43,10,70.0,519.0,36330.0,2024-03-31
2024033101042875,TVCL,40,62,80.0,487.0,38960.0,2024-03-31
2024033101042874,TPC,72,57,95.0,520.0,49400.0,2024-03-31
2024033104009612,SPDL,17,17,43.0,245.0,10535.0,2024-03-31
2024033104009611,SPDL,17,13,37.0,244.9,9061.3,2024-03-31
2024033101042873,SNLI,42,17,10.0,596.0,5960.0,2024-03-31
2024033104009610,SGIC,34,58,400.0,522.9,209160.0,2024-03-31
2024033103008269,MPFL,54,6,100.0,362.0,36200.0,2024-03-31
2024033101042872,VLUCL,84,49,127.0,510.0,64770.0,2024-03-31
2024033101042871,NABIL,22,41,400.0,440.0,176000.0,2024-03-31
2024033101042870,RHGCL,19,14,69.0,331.0,22839.0,2024-03-31
2024033101042869,RHGCL,36,14,121.0,331.2,40075.2,2024-03-31
2024033104009609,UNHPL,55,40,742.0,238.0,176596.0,2024-03-31
2024033104009608,UNHPL,34,40,258.0,238.0,61404.0,2024-03-31
2024033104009607,GHL,32,48,900.0,152.9,137610.0,2024-03-31
2024033104009606,GHL,32,58,200.0,152.9,30580.0,2024-03-31
2024033103008268,GBLBS,7,62,15.0,618.9,9283.5,2024-03-31
2024033103008267,GBLBS,7,19,10.0,618.8,6188.0,2024-03-31
2024033103008266,GBLBS,7,17,15.0,618.0,9270.0,2024-03-31
2024033103008265,GBLBS,7,45,10.0,615.0,6150.0,2024-03-31
2024033101042868,HDL,13,13,25.0,1509.0,37725.0,2024-03-31
2024033103008264,PFL,81,13,475.0,396.1,188147.5,2024-03-31
2024033103008263,PFL,19,13,63.0,396.1,24954.3,2024-03-31
2024033103008262,PFL,33,13,462.0,396.2,183044.4,2024-03-31
2024033103008261,PMLI,21,45,101.0,509.0,51409.0,2024-03-31
2024033103008260,GRDBL,44,88,354.0,367.0,129918.0,2024-03-31
2024033103008259,GRDBL,44,58,20.0,366.9,7338.0,2024-03-31
2024033101042867,MKHL,54,52,63.0,396.0,24948.0,2024-03-31
2024033103008258,MPFL,54,13,10.0,364.9,3649.0,2024-03-31
2024033104009605,UAIL,34,45,10.0,530.0,5300.0,2024-03-31
2024033103008257,SKBBL,44,34,47.0,820.0,38540.0,2024-03-31
2024033103008256,SKBBL,51,34,10.0,820.0,8200.0,2024-03-31
2024033103008255,SKBBL,6,34,10.0,820.0,8200.0,2024-03-31
2024033103008254,SKBBL,55,34,15.0,820.0,12300.0,2024-03-31
2024033103008253,SKBBL,45,34,18.0,820.0,14760.0,2024-03-31
2024033103008252,SKBBL,14,34,100.0,820.1,82010.0,2024-03-31
2024033103008251,SKBBL,7,34,50.0,820.1,41005.0,2024-03-31
2024033103008250,SKBBL,44,34,300.0,820.3,246090.0,2024-03-31
2024033103008249,SKBBL,57,34,50.0,821.0,41050.0,2024-03-31
2024033103008248,SKBBL,38,34,350.0,821.0,287350.0,2024-03-31
2024033103008247,SKBBL,62,34,100.0,822.0,82200.0,2024-03-31
2024033103008246,SKBBL,58,34,120.0,822.0,98640.0,2024-03-31
2024033103008245,SKBBL,7,34,20.0,822.0,16440.0,2024-03-31
2024033103008244,SKBBL,42,34,200.0,822.0,164400.0,2024-03-31
2024033103008243,SKBBL,48,34,100.0,822.0,82200.0,2024-03-31
2024033103008242,SKBBL,34,34,500.0,822.2,411100.0,2024-03-31
2024033103008241,SKBBL,7,34,10.0,822.2,8222.0,2024-03-31
2024033101042866,NABIL,49,21,40.0,439.0,17560.0,2024-03-31
2024033101042865,NABIL,35,21,80.0,439.0,35120.0,2024-03-31
2024033101042864,NABIL,77,21,100.0,439.0,43900.0,2024-03-31
2024033101042863,NABIL,49,21,280.0,439.0,122920.0,2024-03-31
2024033104009604,RADHI,22,49,400.0,238.9,95560.0,2024-03-31
2024033103008240,HLI,41,57,60.0,397.9,23874.0,2024-03-31
2024033103008239,JBBL,45,42,50.0,289.3,14465.0,2024-03-31
2024033103008238,JBBL,3,42,100.0,289.3,28930.0,2024-03-31
2024033103008237,JBBL,58,42,10.0,289.4,2894.0,2024-03-31
2024033103008236,JBBL,32,42,200.0,289.4,57880.0,2024-03-31
2024033103008235,JBBL,58,42,10.0,289.5,2895.0,2024-03-31
2024033105005205,HRL,50,42,10.0,600.9,6009.0,2024-03-31
2024033104009603,SHL,7,44,100.0,432.5,43250.0,2024-03-31
2024033104009602,SHL,44,44,500.0,432.5,216250.0,2024-03-31
2024033104009601,SHL,7,44,100.0,432.6,43260.0,2024-03-31
2024033104009600,SHL,34,44,200.0,432.6,86520.0,2024-03-31
2024033104009599,SHL,14,44,100.0,432.6,43260.0,2024-03-31
2024033104009598,SHL,32,44,100.0,432.6,43260.0,2024-03-31
2024033104009597,SHL,52,44,100.0,432.7,43270.0,2024-03-31
2024033105005204,HRL,51,17,10.0,600.1,6001.0,2024-03-31
2024033101042862,SRLI,6,54,10.0,436.5,4365.0,2024-03-31
2024033104009596,BARUN,63,74,60.0,246.5,14790.0,2024-03-31
2024033104009595,BARUN,63,7,30.0,246.5,7395.0,2024-03-31
2024033104009594,BARUN,63,22,30.0,246.4,7392.0,2024-03-31
2024033104009593,BARUN,63,39,400.0,245.8,98320.0,2024-03-31
2024033104009592,BARUN,63,26,20.0,245.0,4900.0,2024-03-31
2024033104009591,BARUN,63,14,1000.0,245.0,245000.0,2024-03-31
2024033104009590,BARUN,63,42,570.0,244.9,139593.0,2024-03-31
2024033104009589,BARUN,63,22,690.0,244.5,168705.0,2024-03-31
2024033104009588,BARUN,63,25,100.0,244.0,24400.0,2024-03-31
2024033104009587,BARUN,63,51,100.0,242.0,24200.0,2024-03-31
2024033104009586,API,21,52,40.0,176.0,7040.0,2024-03-31
2024033101042861,PPL,21,57,20.0,505.0,10100.0,2024-03-31
2024033101042860,RNLI,52,25,11.0,435.0,4785.0,2024-03-31
2024033101042859,HIDCLP,62,49,170.0,101.1,17187.0,2024-03-31
2024033101042858,KBL,49,35,22.0,138.0,3036.0,2024-03-31
2024033101042857,MEHL,6,49,10.0,316.5,3165.0,2024-03-31
2024033101042856,GCIL,25,32,39.0,510.0,19890.0,2024-03-31
2024033101042855,GCIL,25,62,100.0,510.0,51000.0,2024-03-31
2024033101042854,GCIL,25,14,260.0,510.0,132600.0,2024-03-31
2024033103008234,JBBL,56,65,20.0,289.9,5798.0,2024-03-31
2024033101042853,HATHY,59,42,20.0,908.0,18160.0,2024-03-31
2024033101042852,SRLI,6,50,10.0,436.5,4365.0,2024-03-31
2024033103008233,SIFC,50,13,382.0,360.0,137520.0,2024-03-31
2024033101042851,MHL,38,1,10.0,436.0,4360.0,2024-03-31
2024033101042850,PPL,33,46,10.0,504.1,5041.0,2024-03-31
2024033105005203,NICSF,35,43,3910.0,9.06,35424.6,2024-03-31
2024033101042849,CKHL,58,58,209.0,577.0,120593.0,2024-03-31
2024033101042848,MKHC,19,58,10.0,334.4,3344.0,2024-03-31
2024033103008232,SWMF,45,5,10.0,717.4,7174.0,2024-03-31
2024033101042847,DORDI,49,11,20.0,433.0,8660.0,2024-03-31
2024033101042846,DORDI,34,11,100.0,433.0,43300.0,2024-03-31
2024033101042845,DORDI,54,11,10.0,433.0,4330.0,2024-03-31
2024033101042844,DORDI,54,11,10.0,433.1,4331.0,2024-03-31
2024033104009585,API,67,52,100.0,176.0,17600.0,2024-03-31
2024033101042843,MHL,6,42,790.0,438.9,346731.0,2024-03-31
2024033101042842,MHL,6,10,10.0,438.9,4389.0,2024-03-31
2024033101042841,MHL,6,34,10.0,438.7,4387.0,2024-03-31
2024033101042840,MHL,6,59,10.0,438.7,4387.0,2024-03-31
2024033101042839,MHL,6,14,10.0,438.0,4380.0,2024-03-31
2024033101042838,MHL,6,25,12.0,438.0,5256.0,2024-03-31
2024033101042837,MHL,6,45,30.0,438.0,13140.0,2024-03-31
2024033101042836,MHL,6,13,297.0,438.0,130086.0,2024-03-31
2024033101042835,MHL,6,14,100.0,438.0,43800.0,2024-03-31
2024033101042834,MHL,6,28,100.0,438.0,43800.0,2024-03-31
2024033101042833,MHL,6,14,46.0,438.0,20148.0,2024-03-31
2024033101042832,MHL,6,44,500.0,437.9,218950.0,2024-03-31
2024033101042831,MHL,6,58,85.0,437.9,37221.5,2024-03-31
2024033104009584,API,34,52,1000.0,176.0,176000.0,2024-03-31
2024033101042830,AHL,34,36,10.0,447.0,4470.0,2024-03-31
2024033101042829,NICA,14,34,40.0,406.0,16240.0,2024-03-31
2024033101042828,NICA,5,34,100.0,406.0,40600.0,2024-03-31
2024033101042827,NICA,26,34,10.0,406.0,4060.0,2024-03-31
2024033101042826,NICA,45,34,25.0,406.0,10150.0,2024-03-31
2024033101042825,NICA,14,34,50.0,406.0,20300.0,2024-03-31
2024033101042824,NICA,1,34,20.0,406.0,8120.0,2024-03-31
2024033101042823,NICA,1,34,25.0,406.0,10150.0,2024-03-31
2024033101042822,NICA,47,34,30.0,406.1,12183.0,2024-03-31
2024033101042821,NICA,13,34,50.0,406.2,20310.0,2024-03-31
2024033101042820,NICA,1,34,250.0,406.2,101550.0,2024-03-31
2024033101042819,ILI,19,22,50.0,523.0,26150.0,2024-03-31
2024033101042818,ILI,42,22,50.0,523.1,26155.0,2024-03-31
2024033101042817,MKHL,58,52,170.0,395.0,67150.0,2024-03-31
2024033104009583,RHPL,25,56,10.0,283.9,2839.0,2024-03-31
2024033103008231,GILB,62,25,80.0,926.8,74144.0,2024-03-31
2024033101042816,BNHC,43,48,199.0,478.3,95181.7,2024-03-31
2024033101042815,BNHC,13,48,40.0,478.5,19140.0,2024-03-31
2024033101042814,BNHC,7,48,21.0,478.9,10056.9,2024-03-31
2024033101042813,BNHC,39,48,100.0,479.0,47900.0,2024-03-31
2024033101042812,BNHC,29,48,130.0,479.0,62270.0,2024-03-31
2024033101042811,BNHC,42,48,10.0,485.0,4850.0,2024-03-31
2024033101042810,PPL,33,7,10.0,504.1,5041.0,2024-03-31
2024033104009582,SPDL,13,13,10.0,244.9,2449.0,2024-03-31
2024033104009581,SPDL,13,57,20.0,243.9,4878.0,2024-03-31
2024033101042809,RFPL,58,62,722.0,409.5,295659.0,2024-03-31
2024033101042808,RFPL,58,62,500.0,409.6,204800.0,2024-03-31
2024033101042807,RFPL,10,62,300.0,410.1,123030.0,2024-03-31
2024033103008230,HLBSL,43,35,500.0,677.6,338800.0,2024-03-31
2024033103008229,NFS,32,35,1000.0,382.3,382300.0,2024-03-31
2024033105005202,STC,17,16,10.0,4400.0,44000.0,2024-03-31
2024033101042806,RHGCL,16,49,100.0,331.9,33190.0,2024-03-31
2024033101042805,MKCL,57,33,50.0,935.0,46750.0,2024-03-31
2024033104009580,HURJA,58,81,30.0,315.0,9450.0,2024-03-31
2024033104009579,HURJA,58,57,400.0,313.0,125200.0,2024-03-31
2024033104009578,HURJA,58,54,20.0,312.0,6240.0,2024-03-31
2024033104009577,HURJA,58,13,1470.0,312.0,458640.0,2024-03-31
2024033104009576,HURJA,58,56,50.0,311.9,15595.0,2024-03-31
2024033104009575,HURJA,58,8,30.0,311.8,9354.0,2024-03-31
2024033101042804,NYADI,60,58,10.0,315.0,3150.0,2024-03-31
2024033101042803,MKCL,29,34,10.0,932.0,9320.0,2024-03-31
2024033104009574,UNHPL,34,22,230.0,238.0,54740.0,2024-03-31
2024033104009573,UNHPL,38,22,70.0,238.1,16667.0,2024-03-31
2024033101042802,DOLTI,28,49,500.0,425.0,212500.0,2024-03-31
2024033101042801,HHL,41,19,285.0,395.0,112575.0,2024-03-31
2024033101042800,ILI,4,51,240.0,523.9,125736.0,2024-03-31
2024033104009572,SGIC,4,58,100.0,522.9,52290.0,2024-03-31
2024033104009571,KPCL,85,34,17.0,418.0,7106.0,2024-03-31
2024033104009570,KPCL,85,48,30.0,417.0,12510.0,2024-03-31
2024033104009569,KPCL,85,42,13.0,413.0,5369.0,2024-03-31
2024033101042799,SBI,45,7,15.0,282.5,4237.5,2024-03-31
2024033103008228,NICLBSL,43,49,10.0,599.5,5995.0,2024-03-31
2024033105005201,ENL,62,38,130.0,769.0,99970.0,2024-03-31
2024033105005200,ENL,62,48,50.0,768.0,38400.0,2024-03-31
2024033105005199,ENL,62,47,10.0,768.0,7680.0,2024-03-31
2024033105005198,ENL,62,17,10.0,767.0,7670.0,2024-03-31
2024033101042798,BHL,57,38,50.0,353.0,17650.0,2024-03-31
2024033101042797,BHL,49,38,100.0,353.1,35310.0,2024-03-31
2024033101042796,HHL,49,19,25.0,395.0,9875.0,2024-03-31
2024033101042795,HHL,6,19,290.0,395.0,114550.0,2024-03-31
2024033101042794,HHL,57,19,200.0,395.1,79020.0,2024-03-31
2024033101042793,HHL,40,19,50.0,395.2,19760.0,2024-03-31
2024033101042792,HHL,21,19,10.0,395.2,3952.0,2024-03-31
2024033101042791,HHL,45,19,140.0,397.0,55580.0,2024-03-31
2024033104009568,HURJA,58,57,32.0,311.0,9952.0,2024-03-31
2024033101042790,RHGCL,57,49,20.0,331.9,6638.0,2024-03-31
2024033101042789,JBLB,6,17,10.0,1303.0,13030.0,2024-03-31
2024033101042788,TAMOR,64,57,10.0,383.5,3835.0,2024-03-31
2024033101042787,MHCL,66,58,300.0,429.0,128700.0,2024-03-31
2024033101042786,MHCL,42,58,50.0,429.0,21450.0,2024-03-31
2024033101042785,MHCL,59,58,10.0,429.0,4290.0,2024-03-31
2024033101042784,MHCL,38,58,90.0,429.0,38610.0,2024-03-31
2024033101042783,MHCL,22,58,90.0,429.0,38610.0,2024-03-31
2024033103008227,PMLI,58,66,20.0,510.0,10200.0,2024-03-31
2024033101042782,SONA,65,53,1480.0,477.0,705960.0,2024-03-31
2024033101042781,SONA,38,53,100.0,477.0,47700.0,2024-03-31
2024033101042780,SONA,19,53,10.0,477.0,4770.0,2024-03-31
2024033101042779,SONA,58,53,10.0,477.0,4770.0,2024-03-31
2024033101042778,SONA,42,53,100.0,477.0,47700.0,2024-03-31
2024033101042777,SONA,11,53,50.0,477.0,23850.0,2024-03-31
2024033101042776,SONA,62,53,500.0,477.0,238500.0,2024-03-31
2024033101042775,SONA,34,53,50.0,477.1,23855.0,2024-03-31
2024033101042774,CITY,39,58,10.0,594.0,5940.0,2024-03-31
2024033105005197,HRL,22,19,50.0,600.9,30045.0,2024-03-31
2024033104009567,CGH,59,37,10.0,813.5,8135.0,2024-03-31
2024033101042773,MAKAR,41,38,10.0,402.0,4020.0,2024-03-31
2024033101042772,MAKAR,41,38,50.0,402.0,20100.0,2024-03-31
2024033101042771,SNLI,42,47,10.0,596.0,5960.0,2024-03-31
2024033103008226,SFCL,50,55,100.0,310.0,31000.0,2024-03-31
2024033103008225,ILBS,38,62,10.0,889.0,8890.0,2024-03-31
2024033103008224,MFIL,57,45,31.0,507.5,15732.5,2024-03-31
2024033103008223,MFIL,57,62,39.0,507.4,19788.6,2024-03-31
2024033101042770,JALPA,1,39,20.0,1175.5,23510.0,2024-03-31
2024033101042769,TAMOR,64,11,10.0,383.0,3830.0,2024-03-31
2024033101042768,TAMOR,64,58,10.0,382.8,3828.0,2024-03-31
2024033101042767,TAMOR,64,42,20.0,382.0,7640.0,2024-03-31
2024033101042766,TAMOR,64,26,10.0,382.0,3820.0,2024-03-31
2024033101042765,TAMOR,64,45,10.0,382.0,3820.0,2024-03-31
2024033101042764,TAMOR,64,74,10.0,381.9,3819.0,2024-03-31
2024033101042763,TAMOR,64,45,10.0,381.5,3815.0,2024-03-31
2024033101042762,TAMOR,64,19,40.0,381.5,15260.0,2024-03-31
2024033101042761,TAMOR,64,45,10.0,381.2,3812.0,2024-03-31
2024033101042760,TAMOR,64,58,10.0,381.0,3810.0,2024-03-31
2024033101042759,TAMOR,64,11,10.0,381.0,3810.0,2024-03-31
2024033101042758,TAMOR,64,8,10.0,381.0,3810.0,2024-03-31
2024033101042757,TAMOR,64,7,10.0,380.0,3800.0,2024-03-31
2024033101042756,TAMOR,64,45,10.0,380.0,3800.0,2024-03-31
2024033101042755,TAMOR,64,38,10.0,380.0,3800.0,2024-03-31
2024033103008222,DDBL,54,58,40.0,688.0,27520.0,2024-03-31
2024033101042754,MEL,58,39,530.0,222.0,117660.0,2024-03-31
2024033101042753,MEL,58,42,50.0,221.9,11095.0,2024-03-31
2024033101042752,MEL,58,42,100.0,220.0,22000.0,2024-03-31
2024033101042751,MEL,58,58,115.0,220.0,25300.0,2024-03-31
2024033101042750,NICA,1,59,250.0,406.2,101550.0,2024-03-31
2024033101042749,NICA,53,59,50.0,406.3,20315.0,2024-03-31
2024033101042748,CYCL,62,28,11.0,1351.0,14861.0,2024-03-31
2024033105005196,NMB50,32,7,100.0,9.4,940.0,2024-03-31
2024033105005195,GIBF1,54,45,100.0,8.25,825.0,2024-03-31
2024033103008221,RSDC,55,45,80.0,578.0,46240.0,2024-03-31
2024033103008220,SJLIC,32,83,136.0,485.0,65960.0,2024-03-31
2024033101042747,AVYAN,47,64,43.0,635.0,27305.0,2024-03-31
2024033101042746,AVYAN,35,64,12.0,635.0,7620.0,2024-03-31
2024033101042745,AVYAN,34,64,15.0,635.0,9525.0,2024-03-31
2024033101042744,AVYAN,17,64,10.0,635.0,6350.0,2024-03-31
2024033101042743,AVYAN,58,64,50.0,635.1,31755.0,2024-03-31
2024033101042742,AVYAN,29,64,10.0,635.2,6352.0,2024-03-31
2024033101042741,AVYAN,7,64,10.0,635.2,6352.0,2024-03-31
2024033101042740,AVYAN,57,64,50.0,636.0,31800.0,2024-03-31
2024033101042739,GWFD83,52,58,10.0,1170.0,11700.0,2024-03-31
2024033103008219,PFL,33,34,100.0,396.2,39620.0,2024-03-31
2024033104009566,TRH,51,56,10.0,793.5,7935.0,2024-03-31
2024033101042738,DOLTI,28,60,190.0,425.0,80750.0,2024-03-31
2024033101042737,GCIL,65,62,50.0,506.7,25335.0,2024-03-31
2024033101042736,GCIL,22,62,50.0,506.9,25345.0,2024-03-31
2024033105005194,NTC,33,44,707.0,840.1,593950.7,2024-03-31
2024033105005193,NTC,17,44,20.0,840.2,16804.0,2024-03-31
2024033105005192,NTC,16,44,100.0,840.2,84020.0,2024-03-31
2024033105005191,NTC,40,44,20.0,840.3,16806.0,2024-03-31
2024033105005190,NTC,58,44,20.0,840.3,16806.0,2024-03-31
2024033105005189,NTC,57,44,13.0,840.4,10925.2,2024-03-31
2024033105005188,NTC,17,44,10.0,840.5,8405.0,2024-03-31
2024033105005187,NTC,35,44,100.0,841.0,84100.0,2024-03-31
2024033105005186,NTC,21,44,10.0,841.0,8410.0,2024-03-31
2024033101042735,SRLI,38,34,10.0,439.8,4398.0,2024-03-31
2024033101042734,SRLI,38,45,10.0,439.0,4390.0,2024-03-31
2024033101042733,SRLI,38,57,10.0,439.0,4390.0,2024-03-31
2024033101042732,SRLI,38,45,10.0,439.0,4390.0,2024-03-31
2024033101042731,SRLI,38,58,10.0,439.0,4390.0,2024-03-31
2024033101042730,SRLI,38,58,10.0,438.0,4380.0,2024-03-31
2024033101042729,SRLI,38,45,10.0,438.0,4380.0,2024-03-31
2024033101042728,SRLI,38,22,10.0,438.0,4380.0,2024-03-31
2024033101042727,SRLI,38,22,10.0,438.0,4380.0,2024-03-31
2024033105005185,SMATA,45,45,10.0,700.0,7000.0,2024-03-31
2024033104009565,HURJA,58,26,1200.0,311.0,373200.0,2024-03-31
2024033101042726,CKHL,58,43,10.0,579.0,5790.0,2024-03-31
2024033101042725,USHL,18,58,10.0,486.0,4860.0,2024-03-31
2024033101042724,USHL,18,50,10.0,485.5,4855.0,2024-03-31
2024033101042723,USHL,18,7,10.0,485.0,4850.0,2024-03-31
2024033101042722,USHL,18,16,100.0,484.0,48400.0,2024-03-31
2024033101042721,USHL,18,58,10.0,482.5,4825.0,2024-03-31
2024033104009564,SHEL,34,62,10.0,199.9,1999.0,2024-03-31
2024033103008218,NFS,32,34,1690.0,382.3,646087.0,2024-03-31
2024033103008217,NFS,41,34,200.0,382.7,76540.0,2024-03-31
2024033103008216,NFS,33,34,100.0,382.8,38280.0,2024-03-31
2024033103008215,NFS,49,34,10.0,383.0,3830.0,2024-03-31
2024033103008214,ICFC,71,49,77.0,497.0,38269.0,2024-03-31
2024033103008213,ICFC,38,49,38.0,497.0,18886.0,2024-03-31
2024033104009563,RHPL,37,45,50.0,283.5,14175.0,2024-03-31
2024033104009562,RHPL,37,62,40.0,283.0,11320.0,2024-03-31
2024033101042720,RHGCL,32,49,10.0,331.9,3319.0,2024-03-31
2024033103008212,MERO,52,5,106.0,603.0,63918.0,2024-03-31
2024033103008211,MERO,58,5,10.0,603.0,6030.0,2024-03-31
2024033103008210,MERO,57,5,84.0,603.0,50652.0,2024-03-31
2024033103008209,NABBC,44,71,173.0,403.0,69719.0,2024-03-31
2024033103008208,NABBC,25,71,300.0,403.0,120900.0,2024-03-31
2024033103008207,NABBC,25,71,41.0,403.0,16523.0,2024-03-31
2024033103008206,NABBC,58,71,86.0,403.0,34658.0,2024-03-31
2024033101042719,SHIVM,77,57,40.0,533.0,21320.0,2024-03-31
2024033101042718,SHIVM,77,35,60.0,532.9,31974.0,2024-03-31
2024033101042717,MBJC,34,38,250.0,310.4,77600.0,2024-03-31
2024033101042716,MBJC,29,38,500.0,311.0,155500.0,2024-03-31
2024033101042715,MBJC,11,38,100.0,312.0,31200.0,2024-03-31
2024033101042714,MBJC,59,38,10.0,312.0,3120.0,2024-03-31
2024033101042713,MBJC,11,38,10.0,312.0,3120.0,2024-03-31
2024033101042712,MBJC,39,38,110.0,312.1,34331.0,2024-03-31
2024033101042711,MBJC,58,38,20.0,312.1,6242.0,2024-03-31
2024033101042710,SHIVM,77,35,10.0,532.9,5329.0,2024-03-31
2024033101042709,DLBS,62,38,20.0,1220.0,24400.0,2024-03-31
2024033101042708,MBL,57,44,60.0,174.6,10476.0,2024-03-31
2024033104009561,HURJA,58,39,560.0,311.0,174160.0,2024-03-31
2024033104009560,HURJA,51,39,340.0,311.1,105774.0,2024-03-31
2024033104009559,UPCL,6,34,10.0,208.0,2080.0,2024-03-31
2024033104009558,AHPC,38,58,20.0,174.2,3484.0,2024-03-31
2024033101042707,MHL,86,58,15.0,437.9,6568.5,2024-03-31
2024033101042706,MHL,86,38,15.0,437.9,6568.5,2024-03-31
2024033101042705,MHL,86,32,170.0,436.0,74120.0,2024-03-31
2024033101042704,PRVU,22,6,26.0,141.0,3666.0,2024-03-31
2024033101042703,PRVU,22,41,22.0,141.0,3102.0,2024-03-31
2024033101042702,PRVU,22,8,10.0,140.9,1409.0,2024-03-31
2024033101042701,PRVU,22,41,442.0,140.7,62189.4,2024-03-31
2024033101042700,SONA,39,49,90.0,477.0,42930.0,2024-03-31
2024033101042699,SONA,63,49,200.0,477.1,95420.0,2024-03-31
2024033101042698,SONA,42,49,10.0,477.1,4771.0,2024-03-31
2024033101042697,SONA,45,49,200.0,477.2,95440.0,2024-03-31
2024033104009557,UAIL,84,52,65.0,527.1,34261.5,2024-03-31
2024033104009556,UAIL,42,52,100.0,527.1,52710.0,2024-03-31
2024033104009555,UAIL,57,52,11.0,527.2,5799.2,2024-03-31
2024033104009554,UAIL,65,52,200.0,527.4,105480.0,2024-03-31
2024033104009553,UAIL,43,52,100.0,528.0,52800.0,2024-03-31
2024033104009552,UAIL,57,52,21.0,529.0,11109.0,2024-03-31
2024033104009551,UAIL,14,52,20.0,529.0,10580.0,2024-03-31
2024033104009550,UAIL,41,52,23.0,529.0,12167.0,2024-03-31
2024033104009549,HDHPC,7,58,50.0,135.9,6795.0,2024-03-31
2024033104009548,HDHPC,50,58,300.0,135.9,40770.0,2024-03-31
2024033104009547,HDHPC,50,22,300.0,135.8,40740.0,2024-03-31
2024033104009546,SPDL,36,1,263.0,242.1,63672.3,2024-03-31
2024033105005184,HRL,65,55,100.0,600.0,60000.0,2024-03-31
2024033104009545,JOSHI,45,38,76.0,336.0,25536.0,2024-03-31
2024033105005183,HRL,65,38,100.0,600.0,60000.0,2024-03-31
2024033101042696,BNT,33,45,10.0,12880.0,128800.0,2024-03-31
2024033104009544,UMHL,45,34,35.0,245.0,8575.0,2024-03-31
2024033103008205,DDBL,57,38,10.0,689.9,6899.0,2024-03-31
2024033104009543,AKPL,36,56,40.0,177.0,7080.0,2024-03-31
2024033104009542,AKPL,36,45,35.0,177.0,6195.0,2024-03-31
2024033104009541,AKPL,36,45,25.0,177.0,4425.0,2024-03-31
2024033104009540,SGIC,34,58,500.0,522.9,261450.0,2024-03-31
2024033101042695,SMHL,14,14,100.0,450.0,45000.0,2024-03-31
2024033101042694,SMHL,14,42,50.0,450.0,22500.0,2024-03-31
2024033101042693,SMHL,14,35,200.0,450.0,90000.0,2024-03-31
2024033101042692,SMHL,14,62,10.0,450.0,4500.0,2024-03-31
2024033101042691,SMHL,14,6,10.0,450.0,4500.0,2024-03-31
2024033101042690,SMHL,14,42,20.0,447.0,8940.0,2024-03-31
2024033101042689,SMHL,14,1,40.0,447.0,17880.0,2024-03-31
2024033101042688,SMHL,14,58,10.0,446.0,4460.0,2024-03-31
2024033101042687,SMHL,14,7,300.0,446.0,133800.0,2024-03-31
2024033101042686,SMHL,14,34,10.0,445.0,4450.0,2024-03-31
2024033101042685,SMHL,14,36,30.0,445.0,13350.0,2024-03-31
2024033103008204,MFIL,19,14,15.0,503.0,7545.0,2024-03-31
2024033103008203,MFIL,55,14,100.0,503.1,50310.0,2024-03-31
2024033103008202,MFIL,43,14,30.0,503.1,15093.0,2024-03-31
2024033103008201,MFIL,41,14,200.0,503.2,100640.0,2024-03-31
2024033103008200,MFIL,8,14,380.0,503.2,191216.0,2024-03-31
2024033103008199,MFIL,45,14,300.0,503.3,150990.0,2024-03-31
2024033103008198,MFIL,53,14,735.0,503.5,370072.5,2024-03-31
2024033103008197,MFIL,45,14,200.0,503.6,100720.0,2024-03-31
2024033103008196,MFIL,53,14,540.0,506.0,273240.0,2024-03-31
2024033101042684,SGHC,42,52,10.0,323.0,3230.0,2024-03-31
2024033101042683,SGHC,42,49,500.0,322.9,161450.0,2024-03-31
2024033101042682,SGHC,42,63,500.0,322.5,161250.0,2024-03-31
2024033101042681,SGHC,42,42,10.0,322.5,3225.0,2024-03-31
2024033101042680,SGHC,42,7,20.0,322.4,6448.0,2024-03-31
2024033101042679,SGHC,42,54,10.0,322.3,3223.0,2024-03-31
2024033101042678,SGHC,42,94,490.0,322.0,157780.0,2024-03-31
2024033101042677,IHL,62,58,10.0,394.5,3945.0,2024-03-31
2024033101042676,SNLI,42,54,20.0,596.0,11920.0,2024-03-31
2024033101042675,PHCL,17,16,270.0,318.6,86022.0,2024-03-31
2024033101042674,HATHY,65,45,100.0,907.1,90710.0,2024-03-31
2024033103008195,MFIL,57,45,100.0,507.5,50750.0,2024-03-31
2024033103008194,GUFL,42,57,20.0,862.6,17252.0,2024-03-31
2024033103008193,GUFL,62,57,50.0,864.0,43200.0,2024-03-31
2024033101042673,TPC,53,57,10.0,524.0,5240.0,2024-03-31
2024033101042672,MKHL,64,52,10.0,396.0,3960.0,2024-03-31
2024033101042671,NYADI,60,18,250.0,315.0,78750.0,2024-03-31
2024033101042670,MLBS,18,58,10.0,880.0,8800.0,2024-03-31
2024033101042669,MLBS,18,45,300.0,880.0,264000.0,2024-03-31
2024033101042668,MLBS,18,32,10.0,880.0,8800.0,2024-03-31
2024033101042667,MLBS,18,14,10.0,880.0,8800.0,2024-03-31
2024033101042666,MLBS,18,41,10.0,880.0,8800.0,2024-03-31
2024033101042665,MLBS,18,32,10.0,879.0,8790.0,2024-03-31
2024033101042664,MLBS,18,7,100.0,878.5,87850.0,2024-03-31
2024033101042663,MLBS,18,45,100.0,872.0,87200.0,2024-03-31
2024033101042662,MLBS,18,45,100.0,870.0,87000.0,2024-03-31
2024033103008192,MLBL,7,33,578.0,319.0,184382.0,2024-03-31
2024033103008191,MLBL,68,33,200.0,319.0,63800.0,2024-03-31
2024033103008190,MLBL,32,33,222.0,319.0,70818.0,2024-03-31
2024033101042661,ULHC,11,65,100.0,366.0,36600.0,2024-03-31
2024033101042660,ULHC,3,65,10.0,366.5,3665.0,2024-03-31
2024033101042659,ULHC,13,65,50.0,367.0,18350.0,2024-03-31
2024033101042658,ULHC,32,65,50.0,367.0,18350.0,2024-03-31
2024033101042657,ULHC,28,65,40.0,368.0,14720.0,2024-03-31
2024033101042656,ULHC,58,65,50.0,369.0,18450.0,2024-03-31
2024033101042655,ULHC,55,65,100.0,369.0,36900.0,2024-03-31
2024033105005182,CIT,42,45,20.0,2109.0,42180.0,2024-03-31
2024033101042654,MANDU,32,57,25.0,677.0,16925.0,2024-03-31
2024033101042653,CKHL,58,26,13.0,578.0,7514.0,2024-03-31
2024033101042652,DOLTI,28,58,300.0,425.0,127500.0,2024-03-31
2024033104009539,UPCL,5,34,10.0,208.0,2080.0,2024-03-31
2024033101042651,SHIVM,77,35,10.0,532.9,5329.0,2024-03-31
2024033101042650,NIMB,41,35,344.0,157.7,54248.8,2024-03-31
2024033101042649,NIMB,43,35,158.0,157.8,24932.4,2024-03-31
2024033101042648,RHGCL,54,49,200.0,331.9,66380.0,2024-03-31
2024033101042647,MCHL,45,49,40.0,356.0,14240.0,2024-03-31
2024033104009538,JOSHI,57,34,200.0,337.0,67400.0,2024-03-31
2024033104009537,RBCL,26,58,10.0,13549.0,135490.0,2024-03-31
2024033101042646,ULHC,29,70,300.0,370.0,111000.0,2024-03-31
2024033101042645,ULHC,22,70,100.0,370.2,37020.0,2024-03-31
2024033103008189,SIFC,50,6,102.0,359.0,36618.0,2024-03-31
2024033101042644,SHIVM,45,22,40.0,531.1,21244.0,2024-03-31
2024033101042643,SHIVM,45,22,60.0,532.0,31920.0,2024-03-31
2024033105005181,SMATA,34,14,10.0,695.3,6953.0,2024-03-31
2024033105005180,SMATA,14,14,81.0,695.3,56319.3,2024-03-31
2024033105005179,SMATA,34,14,50.0,695.4,34770.0,2024-03-31
2024033105005178,SMATA,65,14,20.0,696.0,13920.0,2024-03-31
2024033105005177,SMATA,17,14,10.0,697.0,6970.0,2024-03-31
2024033103008188,HLI,49,57,40.0,397.9,15916.0,2024-03-31
2024033104009536,NICL,32,42,100.0,823.0,82300.0,2024-03-31
2024033101042642,SGHC,58,94,10.0,322.0,3220.0,2024-03-31
2024033101042641,GBIME,58,48,100.0,181.6,18160.0,2024-03-31
2024033101042640,GBIME,58,42,100.0,181.5,18150.0,2024-03-31
2024033101042639,GBIME,58,42,50.0,181.5,9075.0,2024-03-31
2024033105005176,CIT,54,13,23.0,2105.1,48417.3,2024-03-31
2024033105005175,CIT,47,13,10.0,2105.2,21052.0,2024-03-31
2024033101042638,NABIL,1,41,30.0,440.0,13200.0,2024-03-31
2024033101042637,NABIL,1,37,14.0,440.0,6160.0,2024-03-31
2024033101042636,NABIL,1,91,100.0,440.0,44000.0,2024-03-31
2024033101042635,NABIL,1,7,30.0,439.9,13197.0,2024-03-31
2024033101042634,NABIL,1,58,36.0,439.8,15832.8,2024-03-31
2024033101042633,NABIL,1,41,90.0,439.7,39573.0,2024-03-31
2024033101042632,SPL,58,36,130.0,665.0,86450.0,2024-03-31
2024033103008187,MNBBL,6,14,100.0,343.0,34300.0,2024-03-31
2024033104009535,HEI,55,34,167.0,577.1,96375.7,2024-03-31
2024033104009534,HEI,66,34,23.0,577.2,13275.6,2024-03-31
2024033104009533,HEI,50,34,50.0,577.3,28865.0,2024-03-31
2024033104009532,HEI,58,34,10.0,583.0,5830.0,2024-03-31
2024033103008186,SMB,34,60,10.0,1179.0,11790.0,2024-03-31
2024033101042631,DORDI,65,42,10.0,433.0,4330.0,2024-03-31
2024033104009531,UPPER,58,45,130.0,173.6,22568.0,2024-03-31
2024033101042630,CLI,58,48,10.0,452.8,4528.0,2024-03-31
2024033104009530,UMHL,34,50,200.0,243.3,48660.0,2024-03-31
2024033104009529,UMHL,34,50,200.0,244.0,48800.0,2024-03-31
2024033103008185,SADBL,59,1,37.0,294.2,10885.4,2024-03-31
2024033103008184,SADBL,59,1,100.0,294.4,29440.0,2024-03-31
2024033103008183,SADBL,41,1,100.0,295.0,29500.0,2024-03-31
2024033103008182,SADBL,45,1,40.0,295.0,11800.0,2024-03-31
2024033101042629,SONA,42,35,100.0,477.1,47710.0,2024-03-31
2024033101042628,GVL,66,62,110.0,424.3,46673.0,2024-03-31
2024033101042627,GVL,66,58,10.0,424.0,4240.0,2024-03-31
2024033101042626,GVL,66,58,20.0,424.0,8480.0,2024-03-31
2024033101042625,GVL,66,58,10.0,422.0,4220.0,2024-03-31
2024033101042624,GVL,66,34,100.0,422.0,42200.0,2024-03-31
2024033103008181,RLFL,36,38,125.0,357.0,44625.0,2024-03-31
2024033103008180,RLFL,52,38,75.0,357.0,26775.0,2024-03-31
2024033103008179,RLFL,19,38,20.0,357.7,7154.0,2024-03-31
2024033103008178,RLFL,45,38,20.0,357.7,7154.0,2024-03-31
2024033103008177,RLFL,54,38,10.0,357.7,3577.0,2024-03-31
2024033103008176,RLFL,29,38,200.0,358.0,71600.0,2024-03-31
2024033103008175,RLFL,62,38,50.0,359.0,17950.0,2024-03-31
2024033103008174,NICLBSL,51,57,106.0,593.0,62858.0,2024-03-31
2024033103008173,NICLBSL,58,57,179.0,594.9,106487.1,2024-03-31
2024033101042623,TPC,72,57,100.0,520.0,52000.0,2024-03-31
2024033101042622,PPL,52,57,10.0,505.0,5050.0,2024-03-31
2024033101042621,PPL,52,57,770.0,505.0,388850.0,2024-03-31
2024033101042620,PPL,33,57,90.0,505.1,45459.0,2024-03-31
2024033101042619,PPL,33,57,80.0,505.2,40416.0,2024-03-31
2024033104009528,API,53,52,50.0,176.0,8800.0,2024-03-31
2024033101042618,DOLTI,28,21,30.0,425.0,12750.0,2024-03-31
2024033105005174,NTC,40,32,30.0,842.0,25260.0,2024-03-31
2024033101042617,SNLI,45,14,46.0,595.0,27370.0,2024-03-31
2024033101042616,SNLI,19,14,54.0,595.1,32135.4,2024-03-31
2024033101042615,SONA,42,52,890.0,477.1,424619.0,2024-03-31
2024033101042614,SONA,34,52,10.0,477.1,4771.0,2024-03-31
2024033101042613,MEHL,41,48,10.0,317.9,3179.0,2024-03-31
2024033103008172,PMLI,21,41,10.0,509.0,5090.0,2024-03-31
2024033101042612,EBL,29,34,269.0,499.0,134231.0,2024-03-31
2024033101042611,EBL,54,34,25.0,499.0,12475.0,2024-03-31
2024033101042610,EBL,1,34,25.0,500.0,12500.0,2024-03-31
2024033101042609,EBL,46,34,160.0,500.0,80000.0,2024-03-31
2024033104009527,JOSHI,45,1,24.0,336.0,8064.0,2024-03-31
2024033104009526,JOSHI,42,1,56.0,336.0,18816.0,2024-03-31
2024033103008171,BFC,3,38,30.0,334.0,10020.0,2024-03-31
2024033103008170,BFC,58,38,153.0,334.0,51102.0,2024-03-31
2024033103008169,BFC,34,38,70.0,334.9,23443.0,2024-03-31
2024033103008168,BFC,41,38,260.0,335.0,87100.0,2024-03-31
2024033103008167,BFC,71,38,30.0,335.0,10050.0,2024-03-31
2024033103008166,BFC,7,38,100.0,335.0,33500.0,2024-03-31
2024033103008165,BFC,1,38,10.0,335.0,3350.0,2024-03-31
2024033103008164,BFC,58,38,300.0,335.0,100500.0,2024-03-31
2024033103008163,BFC,54,38,100.0,335.0,33500.0,2024-03-31
2024033103008162,BFC,49,38,200.0,335.0,67000.0,2024-03-31
2024033103008161,BFC,54,38,500.0,335.0,167500.0,2024-03-31
2024033103008160,BFC,38,38,500.0,335.1,167550.0,2024-03-31
2024033103008159,BFC,54,38,71.0,335.1,23792.1,2024-03-31
2024033104009525,JOSHI,42,38,44.0,336.0,14784.0,2024-03-31
2024033104009524,JOSHI,58,38,156.0,336.0,52416.0,2024-03-31
2024033101042608,PPL,33,35,20.0,505.2,10104.0,2024-03-31
2024033101042607,PPL,6,35,10.0,505.3,5053.0,2024-03-31
2024033101042606,CLI,48,45,300.0,449.0,134700.0,2024-03-31
2024033101042605,RNLI,29,25,200.0,435.0,87000.0,2024-03-31
2024033101042604,GCIL,25,71,13.0,507.0,6591.0,2024-03-31
2024033101042603,SONA,43,56,35.0,477.1,16698.5,2024-03-31
2024033101042602,SONA,34,56,115.0,477.1,54866.5,2024-03-31
2024033103008158,MLBL,34,55,10.0,320.0,3200.0,2024-03-31
2024033101042601,MKHC,19,34,30.0,334.4,10032.0,2024-03-31
2024033104009523,AHPC,34,29,175.0,175.0,30625.0,2024-03-31
2024033101042600,SHIVM,77,35,10.0,532.9,5329.0,2024-03-31
2024033101042599,SMJC,58,57,100.0,375.0,37500.0,2024-03-31
2024033103008157,LBBL,21,44,10.0,373.7,3737.0,2024-03-31
2024033103008156,LBBL,21,17,100.0,373.0,37300.0,2024-03-31
2024033104009522,NGPL,40,33,420.0,301.5,126630.0,2024-03-31
2024033101042598,NBL,25,41,49.0,217.0,10633.0,2024-03-31
2024033103008155,NUBL,65,7,10.0,630.0,6300.0,2024-03-31
2024033103008154,NUBL,65,56,252.0,630.0,158760.0,2024-03-31
2024033103008153,NLICL,58,29,42.0,550.4,23116.8,2024-03-31
2024033101042597,GCIL,46,71,14.0,507.0,7098.0,2024-03-31
2024033101042596,RFPL,62,34,350.0,414.0,144900.0,2024-03-31
2024033101042595,RFPL,62,38,150.0,413.9,62085.0,2024-03-31
2024033104009521,JOSHI,58,44,510.0,336.0,171360.0,2024-03-31
2024033103008152,SFCL,17,21,10.0,313.0,3130.0,2024-03-31
2024033101042594,SONA,34,26,100.0,477.1,47710.0,2024-03-31
2024033101042593,SCB,60,45,889.0,510.0,453390.0,2024-03-31
2024033101042592,SCB,14,45,100.0,510.0,51000.0,2024-03-31
2024033101042591,SCB,34,45,20.0,510.0,10200.0,2024-03-31
2024033101042590,SCB,5,45,20.0,510.1,10202.0,2024-03-31
2024033101042589,SCB,82,45,2000.0,512.0,1024000.0,2024-03-31
2024033101042588,SCB,50,45,10.0,512.0,5120.0,2024-03-31
2024033101042587,SCB,58,45,11.0,512.0,5632.0,2024-03-31
2024033101042586,SCB,40,45,24.0,512.0,12288.0,2024-03-31
2024033101042585,SCB,58,45,15.0,512.0,7680.0,2024-03-31
2024033101042584,SCB,34,45,50.0,512.0,25600.0,2024-03-31
2024033101042583,SCB,58,45,500.0,512.0,256000.0,2024-03-31
2024033101042582,SCB,13,45,50.0,512.0,25600.0,2024-03-31
2024033101042581,SCB,34,45,10.0,512.0,5120.0,2024-03-31
2024033101042580,SCB,41,45,20.0,512.1,10242.0,2024-03-31
2024033101042579,SCB,22,45,25.0,512.5,12812.5,2024-03-31
2024033101042578,SCB,11,45,50.0,513.0,25650.0,2024-03-31
2024033101042577,SCB,57,45,50.0,513.0,25650.0,2024-03-31
2024033101042576,SCB,42,45,25.0,513.1,12827.5,2024-03-31
2024033101042575,SCB,56,45,500.0,513.1,256550.0,2024-03-31
2024033101042574,SCB,41,45,50.0,513.2,25660.0,2024-03-31
2024033101042573,SCB,42,45,100.0,513.2,51320.0,2024-03-31
2024033101042572,SCB,57,45,150.0,513.3,76995.0,2024-03-31
2024033101042571,SCB,35,45,12.0,513.4,6160.8,2024-03-31
2024033101042570,SCB,25,45,100.0,514.0,51400.0,2024-03-31
2024033101042569,SCB,62,45,50.0,514.0,25700.0,2024-03-31
2024033101042568,SCB,22,45,19.0,514.0,9766.0,2024-03-31
2024033101042567,SCB,13,45,100.0,514.3,51430.0,2024-03-31
2024033101042566,SCB,53,45,10.0,514.8,5148.0,2024-03-31
2024033101042565,SCB,53,45,10.0,515.0,5150.0,2024-03-31
2024033101042564,SCB,53,45,10.0,515.3,5153.0,2024-03-31
2024033101042563,SCB,53,45,20.0,515.4,10308.0,2024-03-31
2024033104009520,IGI,35,16,220.0,539.0,118580.0,2024-03-31
2024033104009519,IGI,35,3,159.0,538.0,85542.0,2024-03-31
2024033104009518,IGI,35,39,100.0,538.0,53800.0,2024-03-31
2024033104009517,IGI,35,13,300.0,537.9,161370.0,2024-03-31
2024033104009516,IGI,35,52,108.0,537.8,58082.4,2024-03-31
2024033104009515,IGI,35,19,10.0,537.8,5378.0,2024-03-31
2024033104009514,IGI,35,19,10.0,537.3,5373.0,2024-03-31
2024033104009513,IGI,35,25,100.0,537.0,53700.0,2024-03-31
2024033104009512,IGI,35,16,490.0,537.0,263130.0,2024-03-31
2024033104009511,IGI,35,45,503.0,536.8,270010.4,2024-03-31
2024033101042562,UHEWA,57,49,10.0,371.4,3714.0,2024-03-31
2024033101042561,CITY,39,45,10.0,593.0,5930.0,2024-03-31
2024033103008151,MFIL,57,45,31.0,507.5,15732.5,2024-03-31
2024033103008150,MFIL,57,26,69.0,507.4,35010.6,2024-03-31
2024033103008149,GUFL,42,22,140.0,862.6,120764.0,2024-03-31
2024033103008148,NMBMF,36,41,90.0,565.0,50850.0,2024-03-31
2024033103008147,NMBMF,36,41,100.0,565.0,56500.0,2024-03-31
2024033103008146,NMBMF,39,41,200.0,565.1,113020.0,2024-03-31
2024033103008145,NMBMF,44,41,100.0,565.1,56510.0,2024-03-31
2024033103008144,NMBMF,45,41,10.0,566.0,5660.0,2024-03-31
2024033101042560,SNLI,19,56,46.0,595.1,27374.6,2024-03-31
2024033101042559,SNLI,45,56,10.0,595.9,5959.0,2024-03-31
2024033101042558,SNLI,3,56,10.0,596.0,5960.0,2024-03-31
2024033105005173,NRIC,8,49,20.0,728.0,14560.0,2024-03-31
2024033101042557,SHIVM,45,28,500.0,532.0,266000.0,2024-03-31
2024033101042556,EHPL,69,44,50.0,454.9,22745.0,2024-03-31
2024033101042555,HATHY,65,66,50.0,907.1,45355.0,2024-03-31
2024033101042554,SNLI,3,38,10.0,596.0,5960.0,2024-03-31
2024033101042553,PHCL,17,38,10.0,318.6,3186.0,2024-03-31
2024033105005172,NRIC,57,29,11.0,729.0,8019.0,2024-03-31
2024033103008143,GFCL,35,42,10.0,456.9,4569.0,2024-03-31
2024033101042552,MEHL,4,48,20.0,317.9,6358.0,2024-03-31
2024033104009510,SGIC,44,52,50.0,522.6,26130.0,2024-03-31
2024033103008142,JBBL,49,65,20.0,289.9,5798.0,2024-03-31
2024033103008141,GBLBS,7,62,100.0,615.0,61500.0,2024-03-31
2024033103008140,GBLBS,7,40,162.0,615.0,99630.0,2024-03-31
2024033103008139,GBLBS,7,1,80.0,613.0,49040.0,2024-03-31
2024033101042551,MANDU,26,34,10.0,675.1,6751.0,2024-03-31
2024033105005171,HRL,47,45,10.0,600.9,6009.0,2024-03-31
2024033101042550,VLUCL,84,43,40.0,510.0,20400.0,2024-03-31
2024033101042549,VLUCL,57,43,10.0,510.0,5100.0,2024-03-31
2024033101042548,VLUCL,65,43,150.0,511.0,76650.0,2024-03-31
2024033101042547,VLUCL,7,43,100.0,512.0,51200.0,2024-03-31
2024033101042546,SHLB,38,19,85.0,942.1,80078.5,2024-03-31
2024033101042545,SHLB,59,19,40.0,942.1,37684.0,2024-03-31
2024033104009509,JOSHI,16,34,25.0,337.0,8425.0,2024-03-31
2024033101042544,DOLTI,28,17,10.0,425.0,4250.0,2024-03-31
2024033101042543,CLI,48,45,10.0,449.0,4490.0,2024-03-31
2024033101042542,BHDC,57,50,10.0,468.9,4689.0,2024-03-31
2024033101042541,USHL,18,14,300.0,479.0,143700.0,2024-03-31
2024033101042540,DLBS,62,49,30.0,1220.0,36600.0,2024-03-31
2024033101042539,DLBS,34,49,50.0,1220.1,61005.0,2024-03-31
2024033101042538,DLBS,45,49,20.0,1220.3,24406.0,2024-03-31
2024033104009508,KPCL,85,32,112.0,412.0,46144.0,2024-03-31
2024033104009507,KPCL,85,77,178.0,412.0,73336.0,2024-03-31
2024033104009506,KPCL,85,38,110.0,410.0,45100.0,2024-03-31
2024033104009505,GHL,28,58,15.0,152.0,2280.0,2024-03-31
2024033101042537,CLI,48,17,10.0,449.0,4490.0,2024-03-31
2024033101042536,JALPA,1,45,16.0,1175.5,18808.0,2024-03-31
2024033101042535,TVCL,40,36,20.0,487.0,9740.0,2024-03-31
2024033103008138,FMDBL,36,47,100.0,600.0,60000.0,2024-03-31
2024033103008137,FMDBL,36,22,82.0,600.0,49200.0,2024-03-31
2024033103008136,NABBC,64,64,10.0,408.0,4080.0,2024-03-31
2024033103008135,CBBL,49,33,13.0,828.0,10764.0,2024-03-31
2024033103008134,NFS,49,50,50.0,383.0,19150.0,2024-03-31
2024033101042534,NABIL,47,41,10.0,439.7,4397.0,2024-03-31
2024033104009504,SGIC,58,58,500.0,522.9,261450.0,2024-03-31
2024033105005170,HRL,65,21,20.0,600.0,12000.0,2024-03-31
2024033101042533,RNLI,52,25,40.0,435.0,17400.0,2024-03-31
2024033101042532,RNLI,57,25,100.0,435.0,43500.0,2024-03-31
2024033101042531,RNLI,20,25,92.0,435.0,40020.0,2024-03-31
2024033101042530,MKHL,58,28,285.0,395.0,112575.0,2024-03-31
2024033101042529,PRVU,22,42,98.0,140.4,13759.2,2024-03-31
2024033101042528,PRVU,3,42,60.0,140.6,8436.0,2024-03-31
2024033101042527,PRVU,18,42,342.0,140.6,48085.2,2024-03-31
2024033101042526,NICA,58,44,20.0,407.0,8140.0,2024-03-31
2024033101042525,PPL,33,26,90.0,505.4,45486.0,2024-03-31
2024033103008133,ALBSL,21,57,290.0,710.3,205987.0,2024-03-31
2024033104009503,UPPER,35,29,440.0,173.5,76340.0,2024-03-31
2024033103008132,KSBBL,6,6,93.0,350.0,32550.0,2024-03-31
2024033103008131,KSBBL,34,6,350.0,350.0,122500.0,2024-03-31
2024033103008130,KSBBL,45,6,50.0,350.0,17500.0,2024-03-31
2024033103008129,KSBBL,68,6,500.0,350.0,175000.0,2024-03-31
2024033103008128,KSBBL,32,6,707.0,351.0,248157.0,2024-03-31
2024033103008127,VLBS,14,34,33.0,667.0,22011.0,2024-03-31
2024033103008126,VLBS,14,51,17.0,666.9,11337.3,2024-03-31
2024033101042524,RHGCL,36,56,78.0,331.2,25833.6,2024-03-31
2024033103008125,SIFC,50,49,50.0,359.0,17950.0,2024-03-31
