transaction,symbol,buyer,seller,quantity,rate,amount,date
2024022605006353,HRL,57,61,18.0,616.0,11088.0,2024-02-26
2024022605006352,HRL,49,61,982.0,616.0,604912.0,2024-02-26
2024022601028230,MKCL,56,14,10.0,948.0,9480.0,2024-02-26
2024022601028229,USHL,18,5,50.0,483.9,24195.0,2024-02-26
2024022603005943,NFS,50,38,10.0,360.0,3600.0,2024-02-26
2024022601028228,MSHL,50,7,10.0,639.0,6390.0,2024-02-26
2024022601028227,DORDI,42,77,20.0,465.0,9300.0,2024-02-26
2024022601028226,DORDI,11,77,420.0,465.0,195300.0,2024-02-26
2024022604009414,IGI,49,43,255.0,529.0,134895.0,2024-02-26
2024022604009413,IGI,49,43,440.0,529.1,232804.0,2024-02-26
2024022604009412,IGI,7,43,100.0,529.2,52920.0,2024-02-26
2024022604009411,IGI,34,43,25.0,529.5,13237.5,2024-02-26
2024022604009410,JOSHI,77,16,10.0,397.0,3970.0,2024-02-26
2024022603005942,NFS,43,38,30.0,360.0,10800.0,2024-02-26
2024022601028225,UHEWA,49,57,10.0,363.0,3630.0,2024-02-26
2024022601028224,AHL,84,5,20.0,435.0,8700.0,2024-02-26
2024022604009409,HDHPC,16,57,10.0,138.0,1380.0,2024-02-26
2024022601028223,RFPL,71,21,10.0,318.0,3180.0,2024-02-26
2024022603005941,CORBL,71,57,10.0,428.5,4285.0,2024-02-26
2024022601028222,MHCL,58,71,100.0,573.0,57300.0,2024-02-26
2024022601028221,MHCL,71,71,20.0,573.0,11460.0,2024-02-26
2024022601028220,MHCL,58,71,100.0,573.0,57300.0,2024-02-26
2024022601028219,BHDC,40,39,38.0,479.9,18236.2,2024-02-26
2024022601028218,BHDC,40,57,10.0,477.3,4773.0,2024-02-26
2024022601028217,BHDC,40,6,10.0,476.0,4760.0,2024-02-26
2024022601028216,BHDC,40,38,10.0,476.0,4760.0,2024-02-26
2024022601028215,BHDC,40,54,10.0,476.0,4760.0,2024-02-26
2024022601028214,BHDC,40,36,10.0,476.0,4760.0,2024-02-26
2024022601028213,BHDC,40,38,10.0,475.1,4751.0,2024-02-26
2024022601028212,BHDC,40,52,10.0,475.0,4750.0,2024-02-26
2024022601028211,BHDC,40,45,10.0,475.0,4750.0,2024-02-26
2024022601028210,BHDC,40,38,10.0,474.5,4745.0,2024-02-26
2024022601028209,BHDC,40,4,172.0,474.0,81528.0,2024-02-26
2024022603005940,NLIC,11,43,322.0,596.0,191912.0,2024-02-26
2024022601028208,SMHL,69,45,10.0,471.4,4714.0,2024-02-26
2024022601028207,MHCL,69,71,30.0,573.0,17190.0,2024-02-26
2024022601028206,MHCL,69,66,25.0,573.0,14325.0,2024-02-26
2024022604009408,JOSHI,41,69,490.0,396.9,194481.0,2024-02-26
2024022605006351,NIFRA,34,36,13.0,207.5,2697.5,2024-02-26
2024022601028205,NIMB,17,36,10.0,162.9,1629.0,2024-02-26
2024022603005939,NFS,32,38,10.0,360.0,3600.0,2024-02-26
2024022601028204,BEDC,44,19,10.0,350.0,3500.0,2024-02-26
2024022601028203,HHL,28,26,174.0,335.2,58324.8,2024-02-26
2024022601028202,HHL,90,26,126.0,336.0,42336.0,2024-02-26
2024022601028201,SMJC,26,84,300.0,393.7,118110.0,2024-02-26
2024022603005938,CORBL,57,57,50.0,428.5,21425.0,2024-02-26
2024022601028200,SPC,28,34,10.0,605.0,6050.0,2024-02-26
2024022604009407,UMHL,28,42,881.0,260.0,229060.0,2024-02-26
2024022604009406,UMHL,28,57,50.0,260.0,13000.0,2024-02-26
2024022604009405,UMHL,28,58,50.0,260.0,13000.0,2024-02-26
2024022604009404,UMHL,28,58,19.0,260.0,4940.0,2024-02-26
2024022601028199,MHCL,28,66,475.0,573.0,272175.0,2024-02-26
2024022601028198,MHCL,28,45,10.0,573.0,5730.0,2024-02-26
2024022601028197,MHCL,28,43,100.0,573.0,57300.0,2024-02-26
2024022601028196,MHCL,28,38,950.0,570.0,541500.0,2024-02-26
2024022601028195,MHCL,28,72,360.0,562.5,202500.0,2024-02-26
2024022601028194,MHCL,28,32,30.0,562.5,16875.0,2024-02-26
2024022601028193,MHCL,28,57,90.0,561.9,50571.0,2024-02-26
2024022601028192,MHCL,28,62,50.0,561.9,28095.0,2024-02-26
2024022601028191,MHCL,28,5,300.0,561.9,168570.0,2024-02-26
2024022601028190,MHCL,28,37,10.0,561.9,5619.0,2024-02-26
2024022601028189,MHCL,28,29,1000.0,561.0,561000.0,2024-02-26
2024022601028188,MHCL,28,14,30.0,560.0,16800.0,2024-02-26
2024022601028187,MHCL,28,47,200.0,559.0,111800.0,2024-02-26
2024022601028186,MHCL,28,44,600.0,557.9,334740.0,2024-02-26
2024022601028185,MHCL,28,29,500.0,557.9,278950.0,2024-02-26
2024022601028184,MHCL,28,49,10.0,557.9,5579.0,2024-02-26
2024022601028183,MHCL,28,35,200.0,557.9,111580.0,2024-02-26
2024022601028182,MHCL,28,3,85.0,557.9,47421.5,2024-02-26
2024022604009403,SHEL,14,7,10.0,216.0,2160.0,2024-02-26
2024022604009402,UNHPL,13,34,400.0,256.0,102400.0,2024-02-26
2024022604009401,UNHPL,22,34,1000.0,256.0,256000.0,2024-02-26
2024022604009400,UNHPL,1,34,250.0,256.1,64025.0,2024-02-26
2024022604009399,UNHPL,22,34,350.0,257.0,89950.0,2024-02-26
2024022601028181,KBL,34,38,100.0,143.0,14300.0,2024-02-26
2024022601028180,SNLI,38,38,10.0,596.1,5961.0,2024-02-26
2024022604009398,JOSHI,62,16,520.0,397.0,206440.0,2024-02-26
2024022604009397,JOSHI,62,39,480.0,397.0,190560.0,2024-02-26
2024022601028179,MHCL,62,3,390.0,557.9,217581.0,2024-02-26
2024022601028178,MHCL,62,29,303.0,557.9,169043.7,2024-02-26
2024022601028177,MHCL,62,53,10.0,557.9,5579.0,2024-02-26
2024022601028176,MHCL,62,45,1200.0,551.0,661200.0,2024-02-26
2024022601028175,MHCL,62,35,97.0,548.0,53156.0,2024-02-26
2024022601028174,TVCL,39,53,15.0,548.7,8230.5,2024-02-26
2024022601028173,TVCL,39,44,40.0,547.0,21880.0,2024-02-26
2024022601028172,TVCL,39,42,30.0,546.0,16380.0,2024-02-26
2024022601028171,TVCL,39,48,20.0,546.0,10920.0,2024-02-26
2024022601028170,TVCL,39,41,20.0,545.0,10900.0,2024-02-26
2024022601028169,TVCL,39,59,20.0,545.0,10900.0,2024-02-26
2024022601028168,TVCL,39,17,35.0,545.0,19075.0,2024-02-26
2024022601028167,TVCL,39,13,20.0,545.0,10900.0,2024-02-26
2024022601028166,TVCL,39,16,20.0,545.0,10900.0,2024-02-26
2024022601028165,TVCL,39,36,30.0,545.0,16350.0,2024-02-26
2024022601028164,TVCL,39,58,10.0,545.0,5450.0,2024-02-26
2024022601028163,HDL,87,45,90.0,1450.0,130500.0,2024-02-26
2024022601028162,HDL,87,45,30.0,1450.0,43500.0,2024-02-26
2024022601028161,HDL,87,33,80.0,1449.8,115984.0,2024-02-26
2024022604009396,UPCL,22,45,10.0,213.1,2131.0,2024-02-26
2024022601028160,BEDC,42,19,135.0,350.2,47277.0,2024-02-26
2024022601028159,SPHL,60,35,85.0,480.0,40800.0,2024-02-26
2024022601028158,SPHL,60,11,75.0,479.9,35992.5,2024-02-26
2024022601028157,SPHL,60,35,100.0,479.4,47940.0,2024-02-26
2024022601028156,SPHL,60,32,50.0,479.4,23970.0,2024-02-26
2024022601028155,SPHL,60,45,10.0,475.0,4750.0,2024-02-26
2024022601028154,SPHL,60,34,470.0,475.0,223250.0,2024-02-26
2024022601028153,SPHL,60,72,200.0,474.9,94980.0,2024-02-26
2024022601028152,SPHL,60,58,10.0,474.8,4748.0,2024-02-26
2024022601028151,DORDI,77,10,516.0,470.0,242520.0,2024-02-26
2024022601028150,DORDI,77,45,10.0,470.0,4700.0,2024-02-26
2024022601028149,DORDI,77,62,10.0,470.0,4700.0,2024-02-26
2024022601028148,DORDI,77,11,10.0,470.0,4700.0,2024-02-26
2024022601028147,DORDI,77,8,30.0,469.5,14085.0,2024-02-26
2024022601028146,DORDI,77,88,200.0,469.5,93900.0,2024-02-26
2024022601028145,DORDI,77,35,100.0,469.5,46950.0,2024-02-26
2024022601028144,DORDI,77,6,94.0,469.5,44133.0,2024-02-26
2024022601028143,DORDI,77,45,10.0,469.0,4690.0,2024-02-26
2024022601028142,DORDI,77,62,500.0,469.0,234500.0,2024-02-26
2024022601028141,DORDI,77,38,10.0,469.0,4690.0,2024-02-26
2024022601028140,DORDI,77,8,10.0,469.0,4690.0,2024-02-26
2024022601028139,DORDI,77,21,150.0,468.9,70335.0,2024-02-26
2024022601028138,DORDI,77,8,1000.0,468.9,468900.0,2024-02-26
2024022601028137,DORDI,77,57,200.0,468.2,93640.0,2024-02-26
2024022601028136,DORDI,77,40,600.0,468.0,280800.0,2024-02-26
2024022601028135,DORDI,77,58,20.0,468.0,9360.0,2024-02-26
2024022601028134,DORDI,77,36,400.0,467.0,186800.0,2024-02-26
2024022601028133,DORDI,77,42,500.0,467.0,233500.0,2024-02-26
2024022601028132,DORDI,77,14,630.0,467.0,294210.0,2024-02-26
2024022601028131,TAMOR,77,29,10.0,396.5,3965.0,2024-02-26
2024022601028130,HHL,71,42,10.0,338.0,3380.0,2024-02-26
2024022603005937,NICLBSL,42,58,139.0,538.0,74782.0,2024-02-26
2024022603005936,NICLBSL,56,58,250.0,538.1,134525.0,2024-02-26
2024022601028129,MHCL,58,35,100.0,548.0,54800.0,2024-02-26
2024022601028128,CKHL,58,17,10.0,635.0,6350.0,2024-02-26
2024022601028127,CKHL,58,58,10.0,635.0,6350.0,2024-02-26
2024022601028126,CKHL,58,43,20.0,635.0,12700.0,2024-02-26
2024022601028125,CKHL,58,34,30.0,635.0,19050.0,2024-02-26
2024022601028124,CKHL,58,44,10.0,635.0,6350.0,2024-02-26
2024022601028123,CKHL,58,19,10.0,635.0,6350.0,2024-02-26
2024022601028122,CKHL,58,58,10.0,635.0,6350.0,2024-02-26
2024022601028121,CKHL,58,44,10.0,635.0,6350.0,2024-02-26
2024022601028120,CKHL,58,58,10.0,635.0,6350.0,2024-02-26
2024022601028119,CKHL,58,45,10.0,635.0,6350.0,2024-02-26
2024022601028118,CKHL,58,53,10.0,635.0,6350.0,2024-02-26
2024022601028117,CKHL,58,4,10.0,635.0,6350.0,2024-02-26
2024022601028116,CKHL,58,59,10.0,635.0,6350.0,2024-02-26
2024022601028115,CKHL,58,36,10.0,635.0,6350.0,2024-02-26
2024022601028114,CKHL,58,32,10.0,635.0,6350.0,2024-02-26
2024022601028113,CKHL,58,58,10.0,635.0,6350.0,2024-02-26
2024022601028112,CKHL,58,11,10.0,635.0,6350.0,2024-02-26
2024022601028111,CKHL,58,52,10.0,635.0,6350.0,2024-02-26
2024022601028110,CKHL,58,4,10.0,635.0,6350.0,2024-02-26
2024022601028109,CKHL,58,48,40.0,635.0,25400.0,2024-02-26
2024022601028108,CKHL,58,48,10.0,634.9,6349.0,2024-02-26
2024022601028107,CKHL,58,34,10.0,634.5,6345.0,2024-02-26
2024022601028106,CKHL,58,45,10.0,634.4,6344.0,2024-02-26
2024022601028105,CKHL,58,62,10.0,634.4,6344.0,2024-02-26
2024022601028104,CKHL,58,34,100.0,634.0,63400.0,2024-02-26
2024022601028103,CKHL,58,42,20.0,634.0,12680.0,2024-02-26
2024022601028102,CKHL,58,57,50.0,634.0,31700.0,2024-02-26
2024022601028101,CKHL,58,34,10.0,633.2,6332.0,2024-02-26
2024022601028100,CKHL,58,58,50.0,633.0,31650.0,2024-02-26
2024022601028099,CKHL,58,51,310.0,633.0,196230.0,2024-02-26
2024022601028098,CKHL,58,42,10.0,633.0,6330.0,2024-02-26
2024022601028097,CKHL,58,16,100.0,633.0,63300.0,2024-02-26
2024022601028096,CKHL,58,50,10.0,633.0,6330.0,2024-02-26
2024022601028095,CKHL,58,41,10.0,633.0,6330.0,2024-02-26
2024022601028094,CKHL,58,22,10.0,633.0,6330.0,2024-02-26
2024022601028093,CKHL,58,50,10.0,633.0,6330.0,2024-02-26
2024022601028092,CKHL,58,32,10.0,633.0,6330.0,2024-02-26
2024022604009395,CHCL,59,29,30.0,461.0,13830.0,2024-02-26
2024022601028091,ILI,82,44,575.0,526.0,302450.0,2024-02-26
2024022601028090,ILI,42,44,190.0,526.1,99959.0,2024-02-26
2024022601028089,DLBS,38,37,250.0,790.0,197500.0,2024-02-26
2024022601028088,DLBS,62,37,100.0,791.0,79100.0,2024-02-26
2024022604009394,OHL,1,54,10.0,754.0,7540.0,2024-02-26
2024022604009393,AKPL,49,21,500.0,177.7,88850.0,2024-02-26
2024022604009392,NHPC,17,45,492.0,153.0,75276.0,2024-02-26
2024022604009391,NHPC,51,45,108.0,153.0,16524.0,2024-02-26
2024022604009390,NHPC,14,45,100.0,153.1,15310.0,2024-02-26
2024022605006350,HRL,49,45,10.0,616.0,6160.0,2024-02-26
2024022601028087,MEHL,45,14,20.0,293.0,5860.0,2024-02-26
2024022601028086,MEHL,7,14,100.0,293.0,29300.0,2024-02-26
2024022601028085,NWCL,35,34,20.0,802.0,16040.0,2024-02-26
2024022601028084,NWCL,55,34,30.0,804.0,24120.0,2024-02-26
2024022605006349,CIT,34,56,10.0,2060.0,20600.0,2024-02-26
2024022601028083,MHCL,35,35,11.0,548.0,6028.0,2024-02-26
2024022603005935,JBBL,38,59,10.0,293.0,2930.0,2024-02-26
2024022603005934,PMLI,49,38,30.0,500.0,15000.0,2024-02-26
2024022603005933,PFL,38,34,212.0,367.4,77888.8,2024-02-26
2024022603005932,PFL,38,38,38.0,367.4,13961.2,2024-02-26
2024022601028082,KBL,48,38,1500.0,143.0,214500.0,2024-02-26
2024022601028081,SCB,5,18,35.0,509.0,17815.0,2024-02-26
2024022601028080,MCHL,13,35,30.0,340.0,10200.0,2024-02-26
2024022604009389,JOSHI,62,39,10.0,397.0,3970.0,2024-02-26
2024022604009388,JOSHI,72,39,10.0,397.0,3970.0,2024-02-26
2024022604009387,NGPL,4,41,25.0,308.9,7722.5,2024-02-26
2024022604009386,NGPL,4,16,25.0,308.7,7717.5,2024-02-26
2024022601028079,NWCL,39,34,20.0,814.0,16280.0,2024-02-26
2024022601028078,LSL,22,28,10.0,159.0,1590.0,2024-02-26
2024022601028077,TSHL,18,48,162.0,509.0,82458.0,2024-02-26
2024022601028076,TSHL,18,48,68.0,509.0,34612.0,2024-02-26
2024022601028075,TSHL,18,49,100.0,509.0,50900.0,2024-02-26
2024022605006348,STC,54,13,20.0,5000.0,100000.0,2024-02-26
2024022605006347,HIDCL,43,57,135.0,171.5,23152.5,2024-02-26
2024022601028074,MMKJL,43,55,20.0,426.0,8520.0,2024-02-26
2024022601028073,BEDC,49,19,20.0,353.9,7078.0,2024-02-26
2024022604009385,SGIC,84,44,60.0,511.9,30714.0,2024-02-26
2024022604009384,SGIC,84,4,200.0,511.8,102360.0,2024-02-26
2024022604009383,SGIC,84,44,10.0,510.0,5100.0,2024-02-26
2024022604009382,SGIC,84,32,10.0,510.0,5100.0,2024-02-26
2024022604009381,SGIC,84,52,10.0,510.0,5100.0,2024-02-26
2024022604009380,SGIC,84,6,100.0,510.0,51000.0,2024-02-26
2024022604009379,SGIC,84,58,20.0,510.0,10200.0,2024-02-26
2024022604009378,SGIC,84,58,10.0,510.0,5100.0,2024-02-26
2024022604009377,SGIC,84,49,10.0,510.0,5100.0,2024-02-26
2024022604009376,SGIC,84,14,10.0,509.0,5090.0,2024-02-26
2024022604009375,SGIC,84,52,110.0,508.0,55880.0,2024-02-26
2024022604009374,SGIC,84,41,90.0,508.0,45720.0,2024-02-26
2024022604009373,SGIC,84,33,10.0,508.0,5080.0,2024-02-26
2024022604009372,SGIC,84,38,10.0,508.0,5080.0,2024-02-26
2024022604009371,SGIC,84,35,10.0,508.0,5080.0,2024-02-26
2024022604009370,SGIC,84,52,10.0,508.0,5080.0,2024-02-26
2024022604009369,SGIC,84,59,700.0,508.0,355600.0,2024-02-26
2024022604009368,SGIC,84,20,120.0,507.9,60948.0,2024-02-26
2024022603005931,HLI,19,43,90.0,387.1,34839.0,2024-02-26
2024022603005930,HLI,19,19,10.0,387.0,3870.0,2024-02-26
2024022601028072,BNHC,19,57,10.0,435.0,4350.0,2024-02-26
2024022601028071,HHL,71,42,10.0,338.0,3380.0,2024-02-26
2024022604009367,BPCL,7,46,122.0,302.0,36844.0,2024-02-26
2024022604009366,BPCL,39,46,100.0,302.0,30200.0,2024-02-26
2024022604009365,BPCL,32,46,100.0,302.0,30200.0,2024-02-26
2024022604009364,BPCL,42,46,323.0,302.0,97546.0,2024-02-26
2024022604009363,BPCL,35,46,328.0,302.0,99056.0,2024-02-26
2024022604009362,BPCL,50,46,50.0,302.1,15105.0,2024-02-26
2024022604009361,BPCL,38,46,190.0,303.0,57570.0,2024-02-26
2024022601028070,JALPA,46,47,10.0,1059.0,10590.0,2024-02-26
2024022601028069,NICA,49,58,10.0,418.0,4180.0,2024-02-26
2024022601028068,MHCL,58,45,100.0,551.0,55100.0,2024-02-26
2024022604009360,UNHPL,58,33,50.0,259.9,12995.0,2024-02-26
2024022604009359,UNHPL,58,41,50.0,257.1,12855.0,2024-02-26
2024022601028067,VLUCL,69,19,10.0,524.9,5249.0,2024-02-26
2024022603005929,MPFL,17,34,10.0,355.4,3554.0,2024-02-26
2024022603005928,MPFL,17,42,100.0,352.8,35280.0,2024-02-26
2024022601028066,RFPL,62,29,800.0,315.0,252000.0,2024-02-26
2024022601028065,RFPL,53,29,200.0,315.1,63020.0,2024-02-26
2024022601028064,EBL,29,14,10.0,502.0,5020.0,2024-02-26
2024022603005927,CBBL,6,29,50.0,833.2,41660.0,2024-02-26
2024022603005926,CBBL,8,29,25.0,833.3,20832.5,2024-02-26
2024022603005925,CBBL,42,29,75.0,834.0,62550.0,2024-02-26
2024022601028063,RHGCL,26,65,10.0,298.0,2980.0,2024-02-26
2024022601028062,MHCL,65,45,700.0,551.0,385700.0,2024-02-26
2024022605006346,NTC,57,6,11.0,845.0,9295.0,2024-02-26
2024022605006345,NTC,57,57,25.0,845.0,21125.0,2024-02-26
2024022605006344,NTC,57,26,30.0,844.0,25320.0,2024-02-26
2024022605006343,NTC,57,58,34.0,843.0,28662.0,2024-02-26
2024022601028061,PPL,57,55,50.0,333.0,16650.0,2024-02-26
2024022601028060,SGHC,14,57,200.0,309.0,61800.0,2024-02-26
2024022601028059,SCB,17,45,13.0,506.0,6578.0,2024-02-26
2024022601028058,SCB,57,45,200.0,506.0,101200.0,2024-02-26
2024022601028057,SCB,13,45,40.0,506.5,20260.0,2024-02-26
2024022601028056,SCB,21,45,12.0,506.5,6078.0,2024-02-26
2024022601028055,SCB,56,45,20.0,507.0,10140.0,2024-02-26
2024022601028054,SCB,42,45,50.0,507.0,25350.0,2024-02-26
2024022601028053,SCB,42,45,50.0,507.0,25350.0,2024-02-26
2024022601028052,SCB,37,45,50.0,508.0,25400.0,2024-02-26
2024022601028051,SCB,5,45,35.0,508.0,17780.0,2024-02-26
2024022601028050,SCB,41,45,30.0,508.1,15243.0,2024-02-26
2024022601028049,BNT,29,35,10.0,13500.0,135000.0,2024-02-26
2024022601028048,BNT,21,35,18.0,13500.0,243000.0,2024-02-26
2024022601028047,BNT,66,35,50.0,13501.0,675050.0,2024-02-26
2024022601028046,BNT,35,35,100.0,13550.0,1355000.0,2024-02-26
2024022601028045,BNT,17,35,10.0,13551.0,135510.0,2024-02-26
2024022601028044,GBIME,49,52,10.0,182.5,1825.0,2024-02-26
2024022601028043,GBIME,45,52,33.0,182.5,6022.5,2024-02-26
2024022601028042,GBIME,14,52,20.0,183.0,3660.0,2024-02-26
2024022604009358,GHL,48,39,300.0,153.0,45900.0,2024-02-26
2024022604009357,GHL,50,21,100.0,153.2,15320.0,2024-02-26
2024022604009356,GHL,50,32,30.0,153.1,4593.0,2024-02-26
2024022601028041,NWCL,62,51,10.0,805.0,8050.0,2024-02-26
2024022601028040,SNLI,40,6,10.0,597.0,5970.0,2024-02-26
2024022601028039,SNLI,40,58,10.0,596.5,5965.0,2024-02-26
2024022604009355,PPCL,58,77,70.0,270.0,18900.0,2024-02-26
2024022604009354,PPCL,58,47,80.0,270.0,21600.0,2024-02-26
2024022604009353,UPPER,6,8,90.0,204.0,18360.0,2024-02-26
2024022601028038,EHPL,65,13,10.0,439.0,4390.0,2024-02-26
2024022601028037,EHPL,65,35,140.0,438.9,61446.0,2024-02-26
2024022601028036,BEDC,42,57,10.0,350.2,3502.0,2024-02-26
2024022601028035,SBI,59,44,50.0,285.9,14295.0,2024-02-26
2024022605006342,NTC,38,45,10.0,842.0,8420.0,2024-02-26
2024022601028034,ANLB,82,56,10.0,1948.0,19480.0,2024-02-26
2024022604009352,AKPL,34,10,10.0,177.9,1779.0,2024-02-26
2024022601028033,NABIL,35,54,500.0,434.0,217000.0,2024-02-26
2024022605006341,NIFRA,53,42,10.0,207.9,2079.0,2024-02-26
2024022601028032,MCHL,59,35,30.0,341.6,10248.0,2024-02-26
2024022601028031,MKHC,94,49,500.0,300.0,150000.0,2024-02-26
2024022601028030,BEDC,62,16,990.0,353.8,350262.0,2024-02-26
2024022601028029,MHCL,88,53,390.0,557.9,217581.0,2024-02-26
2024022601028028,MHCL,88,35,50.0,557.9,27895.0,2024-02-26
2024022601028027,MHCL,88,49,300.0,557.0,167100.0,2024-02-26
2024022601028026,MHCL,88,45,100.0,557.0,55700.0,2024-02-26
2024022601028025,MHCL,88,32,134.0,557.0,74638.0,2024-02-26
2024022601028024,MHCL,88,49,100.0,557.0,55700.0,2024-02-26
2024022601028023,MHCL,88,35,400.0,557.0,222800.0,2024-02-26
2024022601028022,MHCL,88,38,10.0,555.9,5559.0,2024-02-26
2024022601028021,MHCL,88,46,30.0,555.0,16650.0,2024-02-26
2024022601028020,MHCL,88,49,10.0,555.0,5550.0,2024-02-26
2024022601028019,MHCL,88,11,60.0,555.0,33300.0,2024-02-26
2024022601028018,MHCL,88,25,850.0,555.0,471750.0,2024-02-26
2024022601028017,MHCL,88,14,20.0,555.0,11100.0,2024-02-26
2024022601028016,MHCL,88,60,892.0,553.8,493989.6,2024-02-26
2024022601028015,MHCL,88,35,10.0,553.8,5538.0,2024-02-26
2024022601028014,MHCL,88,37,200.0,553.8,110760.0,2024-02-26
2024022601028013,MHCL,88,85,600.0,553.8,332280.0,2024-02-26
2024022601028012,MHCL,88,35,100.0,553.8,55380.0,2024-02-26
2024022601028011,MHCL,88,57,1000.0,553.5,553500.0,2024-02-26
2024022601028010,MHCL,88,65,20.0,553.5,11070.0,2024-02-26
2024022601028009,MHCL,88,65,10.0,553.4,5534.0,2024-02-26
2024022601028008,MHCL,88,49,10.0,553.2,5532.0,2024-02-26
2024022601028007,MHCL,88,49,904.0,553.0,499912.0,2024-02-26
2024022601028006,MHCL,88,35,200.0,553.0,110600.0,2024-02-26
2024022601028005,MHCL,88,41,10.0,553.0,5530.0,2024-02-26
2024022601028004,MHCL,88,36,10.0,553.0,5530.0,2024-02-26
2024022601028003,MHCL,88,4,10.0,553.0,5530.0,2024-02-26
2024022601028002,MHCL,88,4,10.0,553.0,5530.0,2024-02-26
2024022601028001,MHCL,88,49,10.0,553.0,5530.0,2024-02-26
2024022601028000,MHCL,88,57,30.0,553.0,16590.0,2024-02-26
2024022601027999,MHCL,88,58,10.0,553.0,5530.0,2024-02-26
2024022601027998,MHCL,88,1,10.0,553.0,5530.0,2024-02-26
2024022601027997,MHCL,88,45,10.0,553.0,5530.0,2024-02-26
2024022601027996,MHCL,88,17,10.0,552.3,5523.0,2024-02-26
2024022601027995,MHCL,88,52,50.0,552.0,27600.0,2024-02-26
2024022601027994,MHCL,88,62,500.0,552.0,276000.0,2024-02-26
2024022601027993,MHCL,88,39,410.0,551.0,225910.0,2024-02-26
2024022601027992,MHCL,88,29,10.0,551.0,5510.0,2024-02-26
2024022601027991,MHCL,88,29,10.0,551.0,5510.0,2024-02-26
2024022601027990,MHCL,88,21,10.0,551.0,5510.0,2024-02-26
2024022601027989,MHCL,88,10,300.0,551.0,165300.0,2024-02-26
2024022601027988,MHCL,88,37,10.0,551.0,5510.0,2024-02-26
2024022601027987,MHCL,88,62,500.0,550.8,275400.0,2024-02-26
2024022601027986,MHCL,88,57,10.0,550.0,5500.0,2024-02-26
2024022601027985,MHCL,88,58,10.0,550.0,5500.0,2024-02-26
2024022601027984,MHCL,88,4,10.0,550.0,5500.0,2024-02-26
2024022601027983,MHCL,88,58,10.0,550.0,5500.0,2024-02-26
2024022601027982,MHCL,88,34,10.0,550.0,5500.0,2024-02-26
2024022601027981,MHCL,88,43,30.0,550.0,16500.0,2024-02-26
2024022601027980,MHCL,88,21,10.0,550.0,5500.0,2024-02-26
2024022601027979,MHCL,88,58,10.0,550.0,5500.0,2024-02-26
2024022601027978,MHCL,88,10,10.0,550.0,5500.0,2024-02-26
2024022601027977,MHCL,88,3,1040.0,549.9,571896.0,2024-02-26
2024022601027976,MHCL,88,3,500.0,549.9,274950.0,2024-02-26
2024022601027975,MHCL,88,49,10.0,549.0,5490.0,2024-02-26
2024022601027974,MHCL,88,21,500.0,548.0,274000.0,2024-02-26
2024022601027973,MHCL,88,49,30.0,548.0,16440.0,2024-02-26
2024022601027972,MHCL,88,77,10.0,548.0,5480.0,2024-02-26
2024022601027971,MHCL,88,40,50.0,547.0,27350.0,2024-02-26
2024022601027970,MHCL,88,33,1430.0,546.9,782067.0,2024-02-26
2024022603005924,PMLI,7,49,10.0,501.0,5010.0,2024-02-26
2024022603005923,SJLIC,39,52,60.0,479.0,28740.0,2024-02-26
2024022601027969,SHIVM,58,67,100.0,474.8,47480.0,2024-02-26
2024022603005922,RLFL,35,69,10.0,360.1,3601.0,2024-02-26
2024022603005921,SJLIC,36,52,10.0,479.0,4790.0,2024-02-26
2024022601027968,MCHL,58,58,10.0,343.0,3430.0,2024-02-26
2024022601027967,MCHL,58,29,10.0,341.7,3417.0,2024-02-26
2024022601027966,MEHL,58,8,10.0,293.7,2937.0,2024-02-26
2024022601027965,SRLI,59,49,10.0,428.0,4280.0,2024-02-26
2024022601027964,SRLI,59,21,10.0,428.0,4280.0,2024-02-26
2024022604009351,JOSHI,41,74,10.0,396.9,3969.0,2024-02-26
2024022604009350,JOSHI,41,74,10.0,396.8,3968.0,2024-02-26
2024022604009349,JOSHI,41,28,200.0,396.5,79300.0,2024-02-26
2024022604009348,JOSHI,41,32,200.0,396.5,79300.0,2024-02-26
2024022604009347,JOSHI,41,45,20.0,396.0,7920.0,2024-02-26
2024022604009346,JOSHI,41,19,10.0,396.0,3960.0,2024-02-26
2024022604009345,JOSHI,41,49,50.0,396.0,19800.0,2024-02-26
2024022604009344,JOSHI,41,38,20.0,396.0,7920.0,2024-02-26
2024022604009343,JOSHI,41,62,20.0,396.0,7920.0,2024-02-26
2024022604009342,JOSHI,41,45,30.0,396.0,11880.0,2024-02-26
2024022604009341,JOSHI,41,72,1730.0,395.7,684561.0,2024-02-26
2024022604009340,JOSHI,41,46,100.0,395.0,39500.0,2024-02-26
2024022604009339,JOSHI,41,36,100.0,395.0,39500.0,2024-02-26
2024022604009338,JOSHI,41,58,52.0,395.0,20540.0,2024-02-26
2024022604009337,JOSHI,41,38,250.0,395.0,98750.0,2024-02-26
2024022604009336,JOSHI,41,33,100.0,394.0,39400.0,2024-02-26
2024022604009335,JOSHI,41,13,100.0,394.0,39400.0,2024-02-26
2024022601027963,SMHL,88,34,40.0,471.0,18840.0,2024-02-26
2024022605006340,NIFRA,34,42,1000.0,207.9,207900.0,2024-02-26
2024022601027962,MEL,35,52,10.0,222.0,2220.0,2024-02-26
2024022604009334,UNHPL,22,13,650.0,257.0,167050.0,2024-02-26
2024022604009333,UNHPL,45,13,400.0,259.8,103920.0,2024-02-26
2024022605006339,HRL,62,44,40.0,616.8,24672.0,2024-02-26
2024022605006338,HRL,62,50,30.0,616.7,18501.0,2024-02-26
2024022605006337,HRL,62,45,10.0,616.5,6165.0,2024-02-26
2024022605006336,HRL,62,58,10.0,616.5,6165.0,2024-02-26
2024022605006335,HRL,62,8,10.0,616.5,6165.0,2024-02-26
2024022604009332,SSHL,42,42,300.0,164.2,49260.0,2024-02-26
2024022601027961,JALPA,49,47,10.0,1059.0,10590.0,2024-02-26
2024022604009331,UNHPL,56,33,500.0,259.9,129950.0,2024-02-26
2024022601027960,SMHL,36,45,20.0,471.4,9428.0,2024-02-26
2024022601027959,NRM,17,64,100.0,360.0,36000.0,2024-02-26
2024022601027958,MCHL,59,66,200.0,341.6,68320.0,2024-02-26
2024022601027957,TAMOR,56,33,37.0,396.0,14652.0,2024-02-26
2024022601027956,TAMOR,34,33,40.0,396.0,15840.0,2024-02-26
2024022601027955,TAMOR,18,33,23.0,396.5,9119.5,2024-02-26
2024022601027954,ULHC,45,37,100.0,320.2,32020.0,2024-02-26
2024022601027953,ULHC,45,37,100.0,320.3,32030.0,2024-02-26
2024022601027952,NRM,57,64,100.0,360.0,36000.0,2024-02-26
2024022601027951,NRM,57,57,100.0,360.0,36000.0,2024-02-26
2024022601027950,ILI,82,39,980.0,527.0,516460.0,2024-02-26
2024022601027949,ILI,82,49,10.0,527.0,5270.0,2024-02-26
2024022601027948,ILI,82,49,10.0,527.0,5270.0,2024-02-26
2024022601027947,NMB,32,82,200.0,177.0,35400.0,2024-02-26
2024022601027946,SMH,45,38,10.0,693.0,6930.0,2024-02-26
2024022601027945,AHL,34,5,25.0,435.0,10875.0,2024-02-26
2024022601027944,AHL,34,49,25.0,434.0,10850.0,2024-02-26
2024022603005920,FOWAD,38,34,149.0,1012.0,150788.0,2024-02-26
2024022604009330,BARUN,52,22,50.0,258.8,12940.0,2024-02-26
2024022604009329,BARUN,52,11,50.0,258.8,12940.0,2024-02-26
2024022603005919,SHINE,5,53,233.0,372.0,86676.0,2024-02-26
2024022601027943,HIDCLP,55,55,3000.0,100.9,302700.0,2024-02-26
2024022605006334,HRL,49,19,700.0,616.0,431200.0,2024-02-26
2024022601027942,MKLB,46,4,10.0,689.0,6890.0,2024-02-26
2024022604009328,UPPER,17,6,10.0,205.0,2050.0,2024-02-26
2024022604009327,UPPER,17,43,10.0,205.0,2050.0,2024-02-26
2024022604009326,HDHPC,58,49,500.0,138.6,69300.0,2024-02-26
2024022601027941,MEL,37,52,110.0,222.0,24420.0,2024-02-26
2024022601027940,MEL,37,40,20.0,221.9,4438.0,2024-02-26
2024022603005918,BFC,32,57,200.0,330.2,66040.0,2024-02-26
2024022601027939,DOLTI,57,72,10.0,389.8,3898.0,2024-02-26
2024022601027938,MEL,41,40,80.0,221.9,17752.0,2024-02-26
2024022601027937,MEL,41,38,10.0,221.0,2210.0,2024-02-26
2024022601027936,MEL,41,50,10.0,221.0,2210.0,2024-02-26
2024022603005917,SJLIC,34,52,30.0,479.0,14370.0,2024-02-26
2024022603005916,SJLIC,34,74,300.0,479.0,143700.0,2024-02-26
2024022603005915,SJLIC,34,28,100.0,479.0,47900.0,2024-02-26
2024022603005914,SJLIC,34,41,70.0,479.0,33530.0,2024-02-26
2024022601027935,NWCL,62,42,10.0,805.0,8050.0,2024-02-26
2024022601027934,VLUCL,50,19,10.0,524.9,5249.0,2024-02-26
2024022604009325,UMHL,77,58,25.0,260.0,6500.0,2024-02-26
2024022603005913,GUFL,41,49,100.0,617.0,61700.0,2024-02-26
2024022601027933,ULBSL,49,58,10.0,1075.0,10750.0,2024-02-26
2024022605006333,CIT,41,19,30.0,2057.0,61710.0,2024-02-26
2024022605006332,CIT,8,19,30.0,2057.0,61710.0,2024-02-26
2024022605006331,CIT,19,19,14.0,2057.0,28798.0,2024-02-26
2024022604009324,SPDL,64,60,150.0,251.0,37650.0,2024-02-26
2024022601027932,SCB,41,29,70.0,508.1,35567.0,2024-02-26
2024022603005912,GFCL,59,17,300.0,439.0,131700.0,2024-02-26
2024022601027931,UHEWA,32,57,140.0,363.0,50820.0,2024-02-26
2024022601027930,UHEWA,32,34,10.0,362.0,3620.0,2024-02-26
2024022601027929,UHEWA,32,21,50.0,360.1,18005.0,2024-02-26
2024022601027928,UHEWA,32,29,500.0,360.0,180000.0,2024-02-26
2024022601027927,UHEWA,32,64,150.0,360.0,54000.0,2024-02-26
2024022601027926,UHEWA,32,43,50.0,360.0,18000.0,2024-02-26
2024022601027925,UHEWA,32,47,20.0,360.0,7200.0,2024-02-26
2024022601027924,UHEWA,32,57,200.0,359.0,71800.0,2024-02-26
2024022601027923,UHEWA,32,22,100.0,358.8,35880.0,2024-02-26
2024022601027922,UHEWA,32,14,90.0,358.7,32283.0,2024-02-26
2024022601027921,UHEWA,32,41,190.0,358.0,68020.0,2024-02-26
2024022601027920,CKHL,58,35,10.0,632.9,6329.0,2024-02-26
2024022601027919,MKHC,35,49,230.0,300.0,69000.0,2024-02-26
2024022601027918,MKHC,35,58,10.0,300.0,3000.0,2024-02-26
2024022601027917,MKHC,35,64,60.0,300.0,18000.0,2024-02-26
2024022601027916,MKHC,35,3,200.0,299.0,59800.0,2024-02-26
2024022601027915,NWCL,62,34,10.0,805.0,8050.0,2024-02-26
2024022604009323,SICL,55,38,14.0,681.0,9534.0,2024-02-26
2024022604009322,SICL,49,38,20.0,681.1,13622.0,2024-02-26
2024022601027914,ULHC,38,7,90.0,328.0,29520.0,2024-02-26
2024022601027913,ULHC,38,34,10.0,327.0,3270.0,2024-02-26
2024022601027912,ULHC,38,58,10.0,327.0,3270.0,2024-02-26
2024022601027911,ULHC,38,42,10.0,326.5,3265.0,2024-02-26
2024022601027910,ULHC,38,41,10.0,326.4,3264.0,2024-02-26
2024022601027909,ULHC,38,56,10.0,326.0,3260.0,2024-02-26
2024022601027908,ULHC,38,36,10.0,326.0,3260.0,2024-02-26
2024022601027907,ULHC,38,35,10.0,326.0,3260.0,2024-02-26
2024022601027906,ULHC,38,32,10.0,326.0,3260.0,2024-02-26
2024022601027905,ULHC,38,5,330.0,325.3,107349.0,2024-02-26
2024022604009321,SGIC,57,38,100.0,506.0,50600.0,2024-02-26
2024022604009320,SGIC,84,38,890.0,506.0,450340.0,2024-02-26
2024022605006330,HRL,49,6,20.0,616.0,12320.0,2024-02-26
2024022603005911,SFCL,42,45,10.0,314.0,3140.0,2024-02-26
2024022601027904,MAKAR,22,34,100.0,396.0,39600.0,2024-02-26
2024022601027903,MHCL,25,33,90.0,546.9,49221.0,2024-02-26
2024022601027902,MHCL,25,58,900.0,546.0,491400.0,2024-02-26
2024022601027901,MHCL,25,29,10.0,543.0,5430.0,2024-02-26
2024022604009319,KKHC,43,60,183.0,251.9,46097.7,2024-02-26
2024022604009318,KKHC,43,34,50.0,249.7,12485.0,2024-02-26
2024022604009317,KKHC,43,7,27.0,248.8,6717.6,2024-02-26
2024022604009316,KKHC,43,36,180.0,248.8,44784.0,2024-02-26
2024022604009315,KKHC,43,22,60.0,248.0,14880.0,2024-02-26
2024022604009314,RADHI,62,16,400.0,247.8,99120.0,2024-02-26
2024022601027900,NICA,44,84,1000.0,418.0,418000.0,2024-02-26
2024022601027899,MEHL,66,8,500.0,293.7,146850.0,2024-02-26
2024022601027898,RAWA,58,44,10.0,474.0,4740.0,2024-02-26
2024022601027897,BEDC,57,16,10.0,353.8,3538.0,2024-02-26
2024022603005910,JBBL,44,21,95.0,292.0,27740.0,2024-02-26
2024022603005909,JBBL,55,21,435.0,292.0,127020.0,2024-02-26
2024022601027896,HHL,53,42,10.0,338.0,3380.0,2024-02-26
2024022601027895,NYADI,34,84,10.0,284.4,2844.0,2024-02-26
2024022601027894,SONA,48,38,10.0,438.0,4380.0,2024-02-26
2024022601027893,TPC,48,21,10.0,538.0,5380.0,2024-02-26
2024022601027892,CZBIL,5,16,100.0,163.8,16380.0,2024-02-26
2024022604009313,AKJCL,42,66,10.0,224.0,2240.0,2024-02-26
2024022604009312,AKPL,51,47,300.0,177.6,53280.0,2024-02-26
2024022601027891,SHIVM,58,64,140.0,474.8,66472.0,2024-02-26
2024022603005908,KSBBL,29,56,20.0,343.9,6878.0,2024-02-26
2024022601027890,NWCL,58,38,465.0,815.0,378975.0,2024-02-26
2024022601027889,NWCL,58,34,10.0,810.0,8100.0,2024-02-26
2024022601027888,NWCL,58,50,20.0,810.0,16200.0,2024-02-26
2024022601027887,SONA,48,58,60.0,438.0,26280.0,2024-02-26
2024022603005907,RLFL,45,48,41.0,362.0,14842.0,2024-02-26
2024022603005906,RLFL,45,35,41.0,362.0,14842.0,2024-02-26
2024022603005905,RLFL,45,32,100.0,361.9,36190.0,2024-02-26
2024022603005904,RLFL,45,59,318.0,361.0,114798.0,2024-02-26
2024022601027886,IHL,34,39,10.0,359.0,3590.0,2024-02-26
2024022601027885,CITY,5,39,10.0,586.9,5869.0,2024-02-26
2024022601027884,MBJC,57,80,500.0,312.0,156000.0,2024-02-26
2024022601027883,NWCL,39,50,30.0,810.0,24300.0,2024-02-26
2024022601027882,NWCL,39,22,20.0,808.0,16160.0,2024-02-26
2024022605006329,NIFRA,57,56,54.0,207.1,11183.4,2024-02-26
2024022601027881,NWCL,62,56,10.0,805.0,8050.0,2024-02-26
2024022601027880,NWCL,62,1,40.0,805.0,32200.0,2024-02-26
2024022601027879,NWCL,55,1,20.0,806.0,16120.0,2024-02-26
2024022605006328,HRL,49,1,500.0,616.0,308000.0,2024-02-26
2024022603005903,SJLIC,1,28,9.0,473.0,4257.0,2024-02-26
2024022604009311,KKHC,57,57,500.0,245.0,122500.0,2024-02-26
2024022604009310,NIL,45,51,49.0,801.0,39249.0,2024-02-26
2024022601027878,SRLI,25,35,10.0,421.5,4215.0,2024-02-26
2024022601027877,SRLI,39,35,10.0,421.5,4215.0,2024-02-26
2024022601027876,SANIMA,53,7,492.0,237.0,116604.0,2024-02-26
2024022601027875,SANIMA,53,49,20.0,237.0,4740.0,2024-02-26
2024022601027874,SANIMA,53,49,28.0,237.0,6636.0,2024-02-26
2024022601027873,SANIMA,53,53,35.0,237.0,8295.0,2024-02-26
2024022601027872,SANIMA,53,22,230.0,237.0,54510.0,2024-02-26
2024022601027871,SANIMA,53,6,15.0,236.8,3552.0,2024-02-26
2024022601027870,NYADI,52,84,10.0,284.4,2844.0,2024-02-26
2024022605006327,NTC,38,57,20.0,841.0,16820.0,2024-02-26
2024022601027869,PHCL,58,13,1380.0,324.0,447120.0,2024-02-26
2024022601027868,PHCL,11,13,500.0,325.0,162500.0,2024-02-26
2024022601027867,PHCL,53,13,50.0,325.0,16250.0,2024-02-26
2024022601027866,PHCL,41,13,70.0,325.5,22785.0,2024-02-26
2024022604009309,BARUN,39,11,50.0,258.8,12940.0,2024-02-26
2024022603005902,JBBL,55,43,449.0,292.0,131108.0,2024-02-26
2024022604009308,NHPC,43,17,30.0,154.0,4620.0,2024-02-26
2024022601027865,SPC,29,33,10.0,607.9,6079.0,2024-02-26
2024022601027864,SPC,29,49,10.0,605.0,6050.0,2024-02-26
2024022601027863,SPC,29,58,10.0,605.0,6050.0,2024-02-26
2024022601027862,SIKLES,65,49,50.0,500.0,25000.0,2024-02-26
2024022601027861,SIKLES,65,58,10.0,500.0,5000.0,2024-02-26
2024022601027860,SIKLES,65,58,10.0,500.0,5000.0,2024-02-26
2024022601027859,SIKLES,65,49,10.0,500.0,5000.0,2024-02-26
2024022601027858,SIKLES,65,38,10.0,499.0,4990.0,2024-02-26
2024022601027857,SIKLES,65,22,10.0,498.0,4980.0,2024-02-26
2024022605006326,HRL,49,8,120.0,616.0,73920.0,2024-02-26
2024022603005901,ALICL,1,34,30.0,575.0,17250.0,2024-02-26
2024022601027856,KBL,35,38,70.0,143.0,10010.0,2024-02-26
2024022601027855,EBL,35,14,56.0,502.0,28112.0,2024-02-26
2024022601027854,EBL,35,48,389.0,502.0,195278.0,2024-02-26
2024022601027853,EBL,35,44,55.0,502.0,27610.0,2024-02-26
2024022604009307,NHPC,34,17,100.0,154.0,15400.0,2024-02-26
2024022603005900,GUFL,48,26,980.0,620.0,607600.0,2024-02-26
2024022603005899,GUFL,48,7,20.0,619.1,12382.0,2024-02-26
2024022601027852,HDL,42,33,100.0,1449.0,144900.0,2024-02-26
2024022601027851,HATHY,86,45,51.0,834.0,42534.0,2024-02-26
2024022601027850,HATHY,86,46,249.0,834.0,207666.0,2024-02-26
2024022604009306,SJCL,6,65,100.0,274.3,27430.0,2024-02-26
2024022604009305,SJCL,49,65,200.0,274.4,54880.0,2024-02-26
2024022604009304,SJCL,45,65,200.0,276.0,55200.0,2024-02-26
2024022601027849,SHIVM,56,28,100.0,475.0,47500.0,2024-02-26
2024022601027848,MHCL,55,14,10.0,541.0,5410.0,2024-02-26
2024022601027847,USHEC,94,58,90.0,373.0,33570.0,2024-02-26
2024022604009303,GHL,48,32,500.0,153.0,76500.0,2024-02-26
2024022604009302,AKPL,35,10,50.0,177.9,8895.0,2024-02-26
2024022601027846,GBIME,53,14,1555.0,184.0,286120.0,2024-02-26
2024022601027845,GBIME,53,28,489.0,184.0,89976.0,2024-02-26
2024022601027844,GBIME,53,44,20.0,184.0,3680.0,2024-02-26
2024022601027843,GBIME,53,58,23.0,184.0,4232.0,2024-02-26
2024022601027842,GBIME,53,32,50.0,184.0,9200.0,2024-02-26
2024022601027841,GBIME,53,57,10.0,184.0,1840.0,2024-02-26
2024022601027840,GBIME,53,58,28.0,184.0,5152.0,2024-02-26
2024022601027839,GBIME,53,1,90.0,184.0,16560.0,2024-02-26
2024022601027838,GBIME,53,35,1000.0,183.9,183900.0,2024-02-26
2024022601027837,GBIME,53,41,235.0,183.8,43193.0,2024-02-26
2024022604009301,AHPC,38,45,799.0,185.0,147815.0,2024-02-26
2024022604009300,AHPC,38,82,65.0,185.0,12025.0,2024-02-26
2024022604009299,AHPC,38,26,136.0,185.0,25160.0,2024-02-26
2024022604009298,SICL,38,13,20.0,681.9,13638.0,2024-02-26
2024022605006325,HRL,49,88,500.0,616.0,308000.0,2024-02-26
2024022601027836,HATHY,50,46,30.0,834.0,25020.0,2024-02-26
2024022603005898,PROFL,33,54,50.0,317.5,15875.0,2024-02-26
2024022603005897,BFC,10,57,100.0,331.0,33100.0,2024-02-26
2024022605006324,HRL,49,49,10.0,616.0,6160.0,2024-02-26
2024022601027835,TPC,49,21,10.0,538.0,5380.0,2024-02-26
2024022604009297,UPCL,49,45,20.0,213.1,4262.0,2024-02-26
2024022603005896,GFCL,60,17,200.0,439.0,87800.0,2024-02-26
2024022601027834,VLUCL,62,28,10.0,523.0,5230.0,2024-02-26
2024022603005895,SJLIC,36,41,10.0,479.0,4790.0,2024-02-26
2024022604009296,GHL,43,32,70.0,153.1,10717.0,2024-02-26
2024022601027833,NWCL,62,58,10.0,805.0,8050.0,2024-02-26
2024022605006323,NICSF,13,39,1500.0,8.87,13305.0,2024-02-26
2024022604009295,SICL,4,13,100.0,681.9,68190.0,2024-02-26
2024022601027832,HHL,90,42,60.0,336.0,20160.0,2024-02-26
2024022601027831,UHEWA,16,41,10.0,358.0,3580.0,2024-02-26
2024022601027830,TSHL,18,47,10.0,508.7,5087.0,2024-02-26
2024022605006322,HRL,49,49,50.0,616.0,30800.0,2024-02-26
2024022605006321,HRL,49,58,10.0,616.0,6160.0,2024-02-26
2024022605006320,HRL,49,42,50.0,616.0,30800.0,2024-02-26
2024022605006319,HRL,49,58,10.0,616.0,6160.0,2024-02-26
2024022605006318,HRL,49,16,38.0,616.0,23408.0,2024-02-26
2024022601027829,HATHY,52,46,10.0,834.0,8340.0,2024-02-26
2024022601027828,HATHY,45,46,179.0,834.0,149286.0,2024-02-26
2024022601027827,HATHY,49,46,42.0,835.0,35070.0,2024-02-26
2024022604009294,UNHPL,14,62,1000.0,259.8,259800.0,2024-02-26
2024022603005894,ALBSL,25,58,20.0,639.3,12786.0,2024-02-26
2024022603005893,ALBSL,25,58,10.0,640.0,6400.0,2024-02-26
2024022603005892,ALBSL,36,58,20.0,640.0,12800.0,2024-02-26
2024022603005891,JBBL,38,59,10.0,293.0,2930.0,2024-02-26
2024022604009293,JOSHI,16,13,400.0,394.0,157600.0,2024-02-26
2024022601027826,NBL,44,34,200.0,218.3,43660.0,2024-02-26
2024022601027825,NBL,45,34,1000.0,218.5,218500.0,2024-02-26
2024022601027824,NBL,40,34,51.0,218.5,11143.5,2024-02-26
2024022601027823,NBL,43,34,50.0,218.6,10930.0,2024-02-26
2024022601027822,NBL,45,34,50.0,218.6,10930.0,2024-02-26
2024022601027821,NBL,37,34,593.0,218.6,129629.8,2024-02-26
2024022601027820,NBL,58,34,50.0,219.0,10950.0,2024-02-26
2024022601027819,NWCL,39,38,235.0,815.0,191525.0,2024-02-26
2024022601027818,NWCL,39,37,10.0,815.0,8150.0,2024-02-26
2024022601027817,NWCL,39,58,10.0,815.0,8150.0,2024-02-26
2024022601027816,NWCL,39,25,10.0,814.0,8140.0,2024-02-26
2024022601027815,NWCL,39,42,10.0,814.0,8140.0,2024-02-26
2024022601027814,NWCL,39,58,10.0,811.9,8119.0,2024-02-26
2024022601027813,NWCL,39,7,10.0,811.0,8110.0,2024-02-26
2024022601027812,NWCL,39,17,100.0,811.0,81100.0,2024-02-26
2024022601027811,NWCL,39,29,10.0,810.0,8100.0,2024-02-26
2024022601027810,NWCL,39,16,10.0,810.0,8100.0,2024-02-26
2024022601027809,NWCL,39,42,10.0,810.0,8100.0,2024-02-26
2024022601027808,NWCL,39,38,10.0,810.0,8100.0,2024-02-26
2024022601027807,NWCL,39,49,10.0,810.0,8100.0,2024-02-26
2024022601027806,NWCL,39,49,10.0,810.0,8100.0,2024-02-26
2024022601027805,NWCL,39,57,10.0,810.0,8100.0,2024-02-26
2024022601027804,NWCL,39,58,10.0,810.0,8100.0,2024-02-26
2024022601027803,NWCL,39,29,10.0,810.0,8100.0,2024-02-26
2024022601027802,NWCL,39,39,15.0,810.0,12150.0,2024-02-26
2024022605006317,HRL,57,39,20.0,615.2,12304.0,2024-02-26
2024022601027801,SNLI,34,43,386.0,596.0,230056.0,2024-02-26
2024022601027800,SNLI,53,43,40.0,596.0,23840.0,2024-02-26
2024022601027799,SNLI,41,43,50.0,596.0,29800.0,2024-02-26
2024022601027798,SNLI,16,43,24.0,596.0,14304.0,2024-02-26
2024022604009292,GHL,56,21,1000.0,153.2,153200.0,2024-02-26
2024022604009291,NICL,45,56,100.0,825.0,82500.0,2024-02-26
2024022605006316,NRN,16,58,10.0,550.1,5501.0,2024-02-26
2024022601027797,MEHL,7,58,10.0,293.0,2930.0,2024-02-26
2024022603005890,SABSL,42,35,50.0,590.1,29505.0,2024-02-26
2024022601027796,SNLI,16,48,10.0,596.0,5960.0,2024-02-26
2024022601027795,NICA,58,81,6750.0,414.0,2794500.0,2024-02-26
2024022601027794,NICA,34,81,100.0,414.1,41410.0,2024-02-26
2024022601027793,NICA,38,81,90.0,415.0,37350.0,2024-02-26
2024022601027792,NICA,58,81,30.0,415.0,12450.0,2024-02-26
2024022601027791,NICA,42,81,10.0,415.0,4150.0,2024-02-26
2024022601027790,NICA,58,81,50.0,415.0,20750.0,2024-02-26
2024022601027789,NICA,35,81,10.0,415.0,4150.0,2024-02-26
2024022601027788,NICA,37,81,10.0,415.0,4150.0,2024-02-26
2024022601027787,NICA,44,81,200.0,415.0,83000.0,2024-02-26
2024022601027786,NICA,22,81,100.0,415.9,41590.0,2024-02-26
2024022601027785,NICA,45,81,250.0,416.0,104000.0,2024-02-26
2024022601027784,NICA,58,81,100.0,416.0,41600.0,2024-02-26
2024022601027783,NICA,74,81,200.0,416.0,83200.0,2024-02-26
2024022601027782,NICA,57,81,20.0,416.0,8320.0,2024-02-26
2024022601027781,NICA,34,81,10.0,416.0,4160.0,2024-02-26
2024022601027780,NICA,22,81,212.0,416.0,88192.0,2024-02-26
2024022601027779,NICA,44,81,383.0,416.2,159404.6,2024-02-26
2024022601027778,NICA,26,81,200.0,417.0,83400.0,2024-02-26
2024022601027777,NICA,57,81,10.0,417.0,4170.0,2024-02-26
2024022601027776,NICA,74,81,46.0,417.0,19182.0,2024-02-26
2024022601027775,NICA,35,81,119.0,417.5,49682.5,2024-02-26
2024022601027774,SIKLES,39,45,10.0,498.0,4980.0,2024-02-26
2024022601027773,SIKLES,39,32,10.0,498.0,4980.0,2024-02-26
2024022601027772,SIKLES,39,29,10.0,494.0,4940.0,2024-02-26
2024022605006315,HRL,57,55,80.0,615.2,49216.0,2024-02-26
2024022605006314,HRL,25,16,482.0,616.0,296912.0,2024-02-26
2024022605006313,HRL,25,32,10.0,616.0,6160.0,2024-02-26
2024022605006312,HRL,25,58,20.0,616.0,12320.0,2024-02-26
2024022605006311,HRL,25,35,20.0,616.0,12320.0,2024-02-26
2024022605006310,HRL,25,17,10.0,616.0,6160.0,2024-02-26
2024022605006309,HRL,25,6,20.0,616.0,12320.0,2024-02-26
2024022605006308,HRL,25,26,10.0,616.0,6160.0,2024-02-26
2024022605006307,HRL,25,45,10.0,616.0,6160.0,2024-02-26
2024022605006306,HRL,25,28,20.0,616.0,12320.0,2024-02-26
2024022605006305,HRL,25,45,10.0,616.0,6160.0,2024-02-26
2024022605006304,HRL,25,58,10.0,616.0,6160.0,2024-02-26
2024022605006303,HRL,25,49,10.0,616.0,6160.0,2024-02-26
2024022605006302,HRL,25,42,10.0,616.0,6160.0,2024-02-26
2024022605006301,HRL,25,28,150.0,615.5,92325.0,2024-02-26
2024022605006300,HRL,25,36,30.0,615.5,18465.0,2024-02-26
2024022605006299,HRL,25,57,10.0,615.5,6155.0,2024-02-26
2024022605006298,HRL,25,42,50.0,615.5,30775.0,2024-02-26
2024022605006297,HRL,25,58,20.0,615.5,12310.0,2024-02-26
2024022605006296,HRL,25,34,10.0,615.5,6155.0,2024-02-26
2024022605006295,HRL,25,33,20.0,615.5,12310.0,2024-02-26
2024022605006294,HRL,25,47,10.0,615.5,6155.0,2024-02-26
2024022605006293,HRL,25,34,10.0,615.5,6155.0,2024-02-26
2024022605006292,HRL,25,13,48.0,615.5,29544.0,2024-02-26
2024022601027771,USHL,18,56,20.0,484.0,9680.0,2024-02-26
2024022601027770,SNLI,16,17,10.0,596.0,5960.0,2024-02-26
2024022604009290,AKJCL,34,44,100.0,223.0,22300.0,2024-02-26
2024022605006291,HRL,44,13,30.0,615.5,18465.0,2024-02-26
2024022601027769,MMKJL,29,55,10.0,426.0,4260.0,2024-02-26
2024022601027768,MMKJL,29,45,10.0,425.0,4250.0,2024-02-26
2024022601027767,MBJC,3,48,100.0,313.0,31300.0,2024-02-26
2024022601027766,MKCL,56,29,10.0,948.0,9480.0,2024-02-26
2024022601027765,NRM,50,57,10.0,360.0,3600.0,2024-02-26
2024022601027764,NRM,17,57,500.0,360.0,180000.0,2024-02-26
2024022601027763,NMB,57,82,17.0,177.0,3009.0,2024-02-26
2024022601027762,DOLTI,57,72,10.0,389.8,3898.0,2024-02-26
2024022601027761,RHGCL,57,65,1000.0,298.0,298000.0,2024-02-26
2024022604009289,GHL,59,21,15.0,153.2,2298.0,2024-02-26
2024022604009288,CGH,58,33,370.0,824.0,304880.0,2024-02-26
2024022601027760,USHL,35,49,10.0,477.0,4770.0,2024-02-26
2024022601027759,RNLI,8,35,20.0,430.0,8600.0,2024-02-26
2024022601027758,PHCL,41,38,10.0,325.5,3255.0,2024-02-26
2024022605006290,HRL,57,4,10.0,615.2,6152.0,2024-02-26
2024022604009287,RHPL,7,42,40.0,277.5,11100.0,2024-02-26
2024022601027757,NWCL,39,39,40.0,810.0,32400.0,2024-02-26
2024022601027756,NWCL,39,49,10.0,808.0,8080.0,2024-02-26
2024022604009286,MEN,43,43,100.0,595.0,59500.0,2024-02-26
2024022604009285,MEN,66,43,90.0,595.0,53550.0,2024-02-26
2024022604009284,MEN,49,43,80.0,595.0,47600.0,2024-02-26
2024022604009283,MEN,1,43,30.0,596.0,17880.0,2024-02-26
2024022601027755,DOLTI,70,72,80.0,389.8,31184.0,2024-02-26
2024022601027754,DOLTI,70,48,10.0,389.0,3890.0,2024-02-26
2024022603005889,NICLBSL,51,4,19.0,542.0,10298.0,2024-02-26
2024022604009282,RURU,26,32,12.0,715.0,8580.0,2024-02-26
2024022601027753,SRLI,33,45,10.0,428.0,4280.0,2024-02-26
2024022601027752,SRLI,33,14,10.0,427.0,4270.0,2024-02-26
2024022601027751,SRLI,33,58,10.0,427.0,4270.0,2024-02-26
2024022601027750,SRLI,33,51,10.0,427.0,4270.0,2024-02-26
2024022601027749,SRLI,33,49,10.0,427.0,4270.0,2024-02-26
2024022601027748,SRLI,33,57,10.0,427.0,4270.0,2024-02-26
2024022601027747,SRLI,33,48,10.0,427.0,4270.0,2024-02-26
2024022601027746,SRLI,33,28,30.0,427.0,12810.0,2024-02-26
2024022601027745,SRLI,33,17,10.0,427.0,4270.0,2024-02-26
2024022601027744,SRLI,33,44,190.0,426.9,81111.0,2024-02-26
2024022601027743,MBJC,57,56,10.0,312.0,3120.0,2024-02-26
2024022604009281,GHL,43,19,100.0,153.1,15310.0,2024-02-26
2024022601027742,PPL,28,55,300.0,333.0,99900.0,2024-02-26
2024022601027741,ADBL,14,6,50.0,228.0,11400.0,2024-02-26
2024022601027740,ADBL,14,34,143.0,228.0,32604.0,2024-02-26
2024022601027739,ADBL,14,40,25.0,228.0,5700.0,2024-02-26
2024022601027738,ADBL,14,45,100.0,228.0,22800.0,2024-02-26
2024022601027737,ADBL,14,57,167.0,228.0,38076.0,2024-02-26
2024022604009280,CHCL,59,41,800.0,461.0,368800.0,2024-02-26
2024022604009279,NGPL,58,58,480.0,308.5,148080.0,2024-02-26
2024022604009278,JOSHI,48,35,10.0,395.0,3950.0,2024-02-26
2024022604009277,JOSHI,48,28,500.0,395.0,197500.0,2024-02-26
2024022604009276,JOSHI,48,21,490.0,395.0,193550.0,2024-02-26
2024022601027736,KBL,26,38,50.0,143.0,7150.0,2024-02-26
2024022601027735,KBL,41,38,300.0,143.0,42900.0,2024-02-26
2024022601027734,KBL,22,38,10.0,143.0,1430.0,2024-02-26
2024022601027733,KBL,51,38,24.0,143.0,3432.0,2024-02-26
2024022601027732,KBL,8,38,500.0,143.1,71550.0,2024-02-26
2024022605006289,GIBF1,44,5,250.0,8.29,2072.5,2024-02-26
2024022605006288,RMF1,34,58,5000.0,7.7,38500.0,2024-02-26
2024022604009275,NGPL,80,59,77.0,309.0,23793.0,2024-02-26
2024022604009274,NGPL,80,14,18.0,309.0,5562.0,2024-02-26
2024022604009273,NGPL,80,58,405.0,308.9,125104.5,2024-02-26
2024022604009272,SSHL,50,42,100.0,164.5,16450.0,2024-02-26
2024022601027731,SHIVM,58,25,20.0,474.8,9496.0,2024-02-26
2024022605006287,STC,54,13,20.0,5000.0,100000.0,2024-02-26
2024022604009271,HDHPC,42,49,90.0,138.6,12474.0,2024-02-26
2024022601027730,PHCL,41,17,10.0,325.5,3255.0,2024-02-26
2024022603005888,FMDBL,21,29,50.0,581.0,29050.0,2024-02-26
2024022603005887,FMDBL,41,29,70.0,585.0,40950.0,2024-02-26
2024022601027729,MEHL,7,48,20.0,293.0,5860.0,2024-02-26
2024022604009270,HURJA,81,59,220.0,300.0,66000.0,2024-02-26
2024022604009269,HURJA,81,39,190.0,299.9,56981.0,2024-02-26
2024022601027728,ULHC,38,5,170.0,325.3,55301.0,2024-02-26
2024022601027727,ULHC,38,60,330.0,325.0,107250.0,2024-02-26
2024022601027726,ULHC,38,62,500.0,324.9,162450.0,2024-02-26
2024022605006286,HRL,57,55,10.0,615.2,6152.0,2024-02-26
2024022601027725,CITY,22,16,90.0,581.0,52290.0,2024-02-26
2024022603005886,KRBL,42,35,10.0,368.0,3680.0,2024-02-26
2024022601027724,SPC,18,45,10.0,602.0,6020.0,2024-02-26
2024022601027723,SPC,18,13,240.0,601.9,144456.0,2024-02-26
2024022601027722,VLUCL,7,29,110.0,520.0,57200.0,2024-02-26
2024022601027721,VLUCL,71,29,70.0,520.0,36400.0,2024-02-26
2024022601027720,VLUCL,47,29,270.0,520.1,140427.0,2024-02-26
2024022601027719,VLUCL,74,29,80.0,521.2,41696.0,2024-02-26
2024022601027718,VLUCL,62,29,470.0,522.0,245340.0,2024-02-26
2024022601027717,CKHL,58,19,10.0,632.1,6321.0,2024-02-26
2024022604009268,LEC,57,14,260.0,187.9,48854.0,2024-02-26
2024022603005885,JBBL,26,59,34.0,293.0,9962.0,2024-02-26
2024022603005884,SAPDBL,32,38,10.0,258.0,2580.0,2024-02-26
2024022603005883,MNBBL,10,41,200.0,353.1,70620.0,2024-02-26
2024022601027716,NESDO,58,42,17.0,1515.0,25755.0,2024-02-26
2024022604009267,JOSHI,58,21,10.0,395.0,3950.0,2024-02-26
2024022604009266,JOSHI,58,22,190.0,395.0,75050.0,2024-02-26
2024022604009265,JOSHI,58,71,400.0,395.0,158000.0,2024-02-26
2024022601027715,GBIME,42,52,40.0,183.0,7320.0,2024-02-26
2024022601027714,GBIME,35,52,32.0,183.0,5856.0,2024-02-26
2024022605006285,HRL,57,58,30.0,615.2,18456.0,2024-02-26
2024022601027713,GBIME,58,41,265.0,183.8,48707.0,2024-02-26
2024022601027712,GBIME,58,29,500.0,183.8,91900.0,2024-02-26
2024022601027711,GBIME,58,64,925.0,183.8,170015.0,2024-02-26
2024022601027710,GBIME,58,46,10.0,183.7,1837.0,2024-02-26
2024022601027709,GBIME,58,52,300.0,183.7,55110.0,2024-02-26
2024022601027708,HATHY,45,6,70.0,834.0,58380.0,2024-02-26
2024022601027707,HATHY,81,6,30.0,835.0,25050.0,2024-02-26
2024022601027706,SHIVM,7,28,230.0,475.0,109250.0,2024-02-26
2024022601027705,SHIVM,7,25,70.0,475.0,33250.0,2024-02-26
2024022601027704,SHIVM,7,84,40.0,475.0,19000.0,2024-02-26
2024022601027703,KDL,47,42,100.0,790.0,79000.0,2024-02-26
2024022605006284,HRL,57,54,100.0,615.2,61520.0,2024-02-26
2024022603005882,HLI,40,43,20.0,387.1,7742.0,2024-02-26
2024022603005881,HLI,28,43,355.0,387.1,137420.5,2024-02-26
2024022603005880,HLI,28,19,10.0,387.0,3870.0,2024-02-26
2024022604009264,NHDL,28,59,300.0,423.1,126930.0,2024-02-26
2024022604009263,NHDL,57,59,50.0,423.1,21155.0,2024-02-26
2024022604009262,NHDL,58,59,50.0,423.2,21160.0,2024-02-26
2024022603005879,MMFDB,45,74,10.0,524.0,5240.0,2024-02-26
2024022601027702,SONA,88,35,125.0,439.0,54875.0,2024-02-26
2024022601027701,SONA,88,45,30.0,438.9,13167.0,2024-02-26
2024022601027700,SONA,88,14,270.0,438.9,118503.0,2024-02-26
2024022601027699,SONA,88,58,10.0,438.1,4381.0,2024-02-26
2024022601027698,SONA,88,88,565.0,438.0,247470.0,2024-02-26
2024022603005878,NFS,21,35,110.0,358.1,39391.0,2024-02-26
2024022603005877,SLBBL,26,38,222.0,570.5,126651.0,2024-02-26
2024022601027697,SNLI,16,25,106.0,596.0,63176.0,2024-02-26
2024022601027696,SNLI,58,25,14.0,596.0,8344.0,2024-02-26
2024022601027695,SNLI,45,25,380.0,596.0,226480.0,2024-02-26
2024022605006283,HRL,25,13,22.0,615.5,13541.0,2024-02-26
2024022601027694,SONA,16,88,435.0,438.0,190530.0,2024-02-26
2024022601027693,SONA,16,53,65.0,438.0,28470.0,2024-02-26
2024022601027692,SMHL,69,45,10.0,471.4,4714.0,2024-02-26
2024022601027691,CLI,21,49,10.0,432.0,4320.0,2024-02-26
2024022601027690,MMKJL,45,51,10.0,419.0,4190.0,2024-02-26
2024022601027689,MBJC,44,48,20.0,313.0,6260.0,2024-02-26
2024022601027688,MBJC,44,7,10.0,313.0,3130.0,2024-02-26
2024022601027687,MBJC,44,49,10.0,313.0,3130.0,2024-02-26
2024022601027686,MBJC,44,58,10.0,313.0,3130.0,2024-02-26
2024022601027685,MBJC,44,28,10.0,313.0,3130.0,2024-02-26
2024022601027684,MBJC,44,45,10.0,313.0,3130.0,2024-02-26
2024022601027683,MBJC,44,8,900.0,313.0,281700.0,2024-02-26
2024022601027682,MBJC,44,19,10.0,313.0,3130.0,2024-02-26
2024022601027681,MBJC,44,58,10.0,313.0,3130.0,2024-02-26
2024022601027680,SPC,29,13,10.0,601.9,6019.0,2024-02-26
2024022605006282,CHDC,32,10,10.0,969.9,9699.0,2024-02-26
2024022605006281,CHDC,32,21,10.0,968.7,9687.0,2024-02-26
2024022605006280,CHDC,32,21,10.0,968.5,9685.0,2024-02-26
2024022605006279,CHDC,32,8,10.0,968.0,9680.0,2024-02-26
2024022605006278,CHDC,32,17,10.0,967.0,9670.0,2024-02-26
2024022604009261,SSHL,42,45,760.0,164.2,124792.0,2024-02-26
2024022604009260,SSHL,7,45,100.0,164.5,16450.0,2024-02-26
2024022604009259,SSHL,7,45,100.0,164.5,16450.0,2024-02-26
2024022604009258,SSHL,5,45,240.0,164.6,39504.0,2024-02-26
2024022604009257,SHL,45,55,200.0,441.6,88320.0,2024-02-26
2024022604009256,SHL,45,1,200.0,440.9,88180.0,2024-02-26
2024022604009255,SHL,45,16,200.0,440.0,88000.0,2024-02-26
2024022604009254,SHL,45,19,100.0,440.0,44000.0,2024-02-26
2024022604009253,SHL,45,57,200.0,440.0,88000.0,2024-02-26
2024022604009252,SHL,45,57,100.0,440.0,44000.0,2024-02-26
2024022601027679,PRVU,34,45,50.0,148.2,7410.0,2024-02-26
2024022604009251,SGIC,52,29,100.0,507.0,50700.0,2024-02-26
2024022601027678,NWCL,62,39,145.0,810.0,117450.0,2024-02-26
2024022601027677,NWCL,62,37,10.0,810.0,8100.0,2024-02-26
2024022601027676,NWCL,62,37,10.0,810.0,8100.0,2024-02-26
2024022601027675,NWCL,62,37,10.0,810.0,8100.0,2024-02-26
2024022601027674,NWCL,62,22,75.0,810.0,60750.0,2024-02-26
2024022601027673,HATHY,81,32,470.0,835.0,392450.0,2024-02-26
2024022601027672,SNLI,45,55,10.0,596.0,5960.0,2024-02-26
2024022601027671,NWCL,62,25,10.0,805.0,8050.0,2024-02-26
2024022604009250,NHPC,58,17,20.0,154.0,3080.0,2024-02-26
2024022604009249,NHPC,16,17,500.0,154.0,77000.0,2024-02-26
2024022604009248,NHPC,55,17,400.0,154.0,61600.0,2024-02-26
2024022604009247,NHPC,42,17,50.0,154.0,7700.0,2024-02-26
2024022604009246,NHPC,41,17,200.0,154.0,30800.0,2024-02-26
2024022604009245,NHPC,21,17,166.0,154.0,25564.0,2024-02-26
2024022604009244,UMRH,44,64,40.0,365.9,14636.0,2024-02-26
2024022604009243,UMRH,44,67,350.0,365.0,127750.0,2024-02-26
2024022604009242,UMRH,44,39,10.0,365.0,3650.0,2024-02-26
2024022604009241,UMRH,44,38,100.0,365.0,36500.0,2024-02-26
2024022604009240,UMRH,44,52,20.0,364.9,7298.0,2024-02-26
2024022604009239,UMRH,44,45,110.0,364.0,40040.0,2024-02-26
2024022604009238,UMRH,44,57,100.0,363.0,36300.0,2024-02-26
2024022604009237,UMRH,44,62,30.0,363.0,10890.0,2024-02-26
2024022604009236,UMRH,44,45,50.0,363.0,18150.0,2024-02-26
2024022604009235,UMRH,44,34,190.0,362.9,68951.0,2024-02-26
2024022601027670,DORDI,8,14,100.0,467.0,46700.0,2024-02-26
2024022604009234,MEN,5,29,50.0,597.1,29855.0,2024-02-26
2024022604009233,MEN,41,29,100.0,597.2,59720.0,2024-02-26
2024022604009232,UMRH,28,14,100.0,362.0,36200.0,2024-02-26
2024022601027669,SGHC,21,57,10.0,313.0,3130.0,2024-02-26
2024022601027668,JBLB,49,45,10.0,1221.0,12210.0,2024-02-26
2024022604009231,RADHI,62,16,100.0,247.8,24780.0,2024-02-26
2024022604009230,UPPER,6,43,150.0,205.0,30750.0,2024-02-26
2024022605006277,NRN,35,43,10.0,551.0,5510.0,2024-02-26
2024022601027667,MKJC,34,94,10.0,493.0,4930.0,2024-02-26
2024022601027666,MKJC,34,8,30.0,492.0,14760.0,2024-02-26
2024022601027665,MKJC,34,41,10.0,490.0,4900.0,2024-02-26
2024022601027664,MKJC,34,35,20.0,490.0,9800.0,2024-02-26
2024022601027663,MKJC,34,35,10.0,490.0,4900.0,2024-02-26
2024022601027662,MKJC,34,35,10.0,490.0,4900.0,2024-02-26
2024022601027661,IHL,34,39,10.0,359.0,3590.0,2024-02-26
2024022601027660,SBL,42,21,200.0,219.9,43980.0,2024-02-26
2024022603005876,NLIC,16,43,59.0,596.0,35164.0,2024-02-26
2024022603005875,NLIC,50,43,50.0,596.0,29800.0,2024-02-26
2024022601027659,RNLI,25,50,200.0,432.4,86480.0,2024-02-26
2024022601027658,RNLI,25,35,10.0,432.1,4321.0,2024-02-26
2024022601027657,RNLI,25,49,10.0,432.0,4320.0,2024-02-26
2024022601027656,RNLI,25,17,200.0,432.0,86400.0,2024-02-26
2024022601027655,RNLI,25,49,10.0,432.0,4320.0,2024-02-26
2024022601027654,RNLI,25,41,60.0,432.0,25920.0,2024-02-26
2024022601027653,RNLI,25,58,10.0,431.0,4310.0,2024-02-26
2024022601027652,TSHL,69,18,10.0,499.0,4990.0,2024-02-26
2024022601027651,SGHC,70,57,10.0,313.0,3130.0,2024-02-26
2024022604009229,SJCL,45,64,250.0,276.0,69000.0,2024-02-26
2024022605006276,HRL,57,26,10.0,615.2,6152.0,2024-02-26
2024022601027650,HDL,4,45,10.0,1448.7,14487.0,2024-02-26
2024022604009228,UPPER,4,43,100.0,205.0,20500.0,2024-02-26
2024022601027649,SMJC,34,53,240.0,393.5,94440.0,2024-02-26
2024022601027648,SONA,67,53,35.0,438.2,15337.0,2024-02-26
2024022604009227,HPPL,22,44,22.0,270.0,5940.0,2024-02-26
2024022604009226,HPPL,22,35,28.0,270.0,7560.0,2024-02-26
2024022604009225,GHL,43,22,30.0,153.1,4593.0,2024-02-26
2024022605006275,NRN,16,22,10.0,550.1,5501.0,2024-02-26
2024022601027647,SONA,67,43,365.0,438.0,159870.0,2024-02-26
2024022601027646,EBL,6,50,35.0,500.1,17503.5,2024-02-26
2024022601027645,EBL,45,50,20.0,500.1,10002.0,2024-02-26
2024022604009224,UPPER,58,43,100.0,205.0,20500.0,2024-02-26
2024022604009223,UPPER,51,43,40.0,206.0,8240.0,2024-02-26
2024022604009222,UPPER,19,43,60.0,206.0,12360.0,2024-02-26
2024022604009221,SPDL,71,35,10.0,253.0,2530.0,2024-02-26
2024022604009220,GHL,43,49,100.0,153.1,15310.0,2024-02-26
2024022601027644,DORDI,25,14,260.0,467.0,121420.0,2024-02-26
2024022601027643,DORDI,42,14,10.0,467.1,4671.0,2024-02-26
2024022603005874,FOWAD,38,41,127.0,1012.0,128524.0,2024-02-26
2024022603005873,FOWAD,54,41,10.0,1012.0,10120.0,2024-02-26
2024022603005872,FOWAD,26,41,63.0,1012.0,63756.0,2024-02-26
2024022604009219,NGPL,41,14,80.0,309.0,24720.0,2024-02-26
2024022604009218,NGPL,41,71,100.0,309.0,30900.0,2024-02-26
2024022604009217,RIDI,29,74,200.0,190.1,38020.0,2024-02-26
2024022601027642,MKCL,40,38,10.0,937.1,9371.0,2024-02-26
2024022605006274,NIFRA,57,38,57.0,207.1,11804.7,2024-02-26
2024022605006273,NIFRA,59,38,143.0,207.2,29629.6,2024-02-26
2024022601027641,SNLI,45,47,500.0,596.0,298000.0,2024-02-26
2024022601027640,SRLI,47,6,10.0,426.0,4260.0,2024-02-26
2024022601027639,SMH,45,11,200.0,692.0,138400.0,2024-02-26
2024022601027638,SHIVM,34,49,50.0,474.8,23740.0,2024-02-26
2024022603005871,SJLIC,36,41,10.0,479.0,4790.0,2024-02-26
2024022604009216,NHPC,56,36,50.0,154.2,7710.0,2024-02-26
2024022604009215,NGPL,58,56,669.0,308.5,206386.5,2024-02-26
2024022604009214,NGPL,50,56,100.0,308.5,30850.0,2024-02-26
2024022604009213,NGPL,56,56,200.0,308.7,61740.0,2024-02-26
2024022604009212,NGPL,16,56,31.0,308.7,9569.7,2024-02-26
2024022604009211,RURU,5,58,10.0,714.0,7140.0,2024-02-26
2024022601027637,MEHL,7,42,10.0,293.0,2930.0,2024-02-26
2024022601027636,KDL,47,28,200.0,790.0,158000.0,2024-02-26
2024022604009210,HURJA,33,39,10.0,299.9,2999.0,2024-02-26
2024022604009209,HURJA,33,26,90.0,299.8,26982.0,2024-02-26
2024022601027635,BHDC,57,4,10.0,474.0,4740.0,2024-02-26
2024022604009208,KKHC,57,57,410.0,245.0,100450.0,2024-02-26
2024022601027634,KBL,57,45,34.0,143.3,4872.2,2024-02-26
2024022601027633,KBL,57,35,16.0,143.2,2291.2,2024-02-26
2024022604009207,CGH,5,56,10.0,822.0,8220.0,2024-02-26
2024022601027632,NWCL,62,22,25.0,810.0,20250.0,2024-02-26
2024022601027631,NWCL,62,34,10.0,810.0,8100.0,2024-02-26
2024022601027630,NWCL,62,37,10.0,809.0,8090.0,2024-02-26
2024022601027629,NWCL,62,37,10.0,809.0,8090.0,2024-02-26
2024022601027628,NWCL,62,47,10.0,807.8,8078.0,2024-02-26
2024022601027627,NWCL,62,22,10.0,807.0,8070.0,2024-02-26
2024022601027626,NWCL,62,42,10.0,807.0,8070.0,2024-02-26
2024022601027625,NWCL,62,45,40.0,807.0,32280.0,2024-02-26
2024022601027624,NWCL,62,17,10.0,807.0,8070.0,2024-02-26
2024022601027623,NWCL,62,57,100.0,807.0,80700.0,2024-02-26
2024022601027622,NWCL,62,46,15.0,807.0,12105.0,2024-02-26
2024022605006272,HRL,53,4,10.0,615.5,6155.0,2024-02-26
2024022604009206,GHL,33,34,200.0,153.1,30620.0,2024-02-26
2024022604009205,GHL,45,34,200.0,153.1,30620.0,2024-02-26
2024022601027621,PHCL,41,58,10.0,325.5,3255.0,2024-02-26
2024022604009204,MHNL,42,21,10.0,254.0,2540.0,2024-02-26
2024022604009203,MHNL,42,41,490.0,253.0,123970.0,2024-02-26
2024022601027620,NMB,10,82,94.0,177.0,16638.0,2024-02-26
2024022601027619,GVL,44,72,10.0,431.0,4310.0,2024-02-26
2024022601027618,MHCL,50,29,230.0,537.5,123625.0,2024-02-26
2024022601027617,MHCL,65,29,270.0,537.5,145125.0,2024-02-26
2024022601027616,MHCL,65,57,230.0,537.5,123625.0,2024-02-26
2024022601027615,MHCL,65,57,200.0,537.5,107500.0,2024-02-26
2024022601027614,MHCL,50,57,70.0,537.5,37625.0,2024-02-26
2024022601027613,MHCL,65,57,300.0,538.1,161430.0,2024-02-26
2024022601027612,MHCL,11,57,50.0,538.3,26915.0,2024-02-26
2024022601027611,MHCL,65,57,140.0,540.0,75600.0,2024-02-26
2024022601027610,USHEC,94,11,50.0,373.0,18650.0,2024-02-26
2024022601027609,USHEC,94,41,10.0,373.0,3730.0,2024-02-26
2024022603005870,NLIC,52,54,31.0,597.9,18534.9,2024-02-26
2024022603005869,NLIC,52,33,16.0,597.0,9552.0,2024-02-26
2024022603005868,NLIC,52,52,50.0,597.0,29850.0,2024-02-26
2024022603005867,NLIC,52,26,21.0,597.0,12537.0,2024-02-26
2024022603005866,NLIC,52,45,22.0,597.0,13134.0,2024-02-26
2024022604009202,GHL,6,21,433.0,153.2,66335.6,2024-02-26
2024022604009201,GHL,6,41,67.0,153.2,10264.4,2024-02-26
2024022601027608,HDL,19,53,30.0,1448.0,43440.0,2024-02-26
2024022601027607,HDL,29,53,10.0,1448.0,14480.0,2024-02-26
2024022601027606,HDL,43,53,50.0,1448.1,72405.0,2024-02-26
2024022601027605,HDL,19,53,10.0,1448.6,14486.0,2024-02-26
2024022605006271,NRIC,49,34,130.0,741.1,96343.0,2024-02-26
2024022605006270,NRIC,47,34,20.0,741.2,14824.0,2024-02-26
2024022601027604,NWCL,39,46,85.0,807.0,68595.0,2024-02-26
2024022601027603,NWCL,39,19,90.0,807.0,72630.0,2024-02-26
2024022601027602,NWCL,39,40,10.0,806.9,8069.0,2024-02-26
2024022601027601,NWCL,39,4,15.0,806.0,12090.0,2024-02-26
2024022601027600,NWCL,39,53,30.0,805.0,24150.0,2024-02-26
2024022601027599,NWCL,39,35,10.0,805.0,8050.0,2024-02-26
2024022601027598,NWCL,39,34,10.0,805.0,8050.0,2024-02-26
2024022601027597,NWCL,39,61,10.0,805.0,8050.0,2024-02-26
2024022601027596,NWCL,39,41,10.0,805.0,8050.0,2024-02-26
2024022601027595,NWCL,39,58,10.0,805.0,8050.0,2024-02-26
2024022601027594,NWCL,39,49,10.0,805.0,8050.0,2024-02-26
2024022601027593,NWCL,39,14,190.0,805.0,152950.0,2024-02-26
2024022601027592,NWCL,39,35,10.0,804.0,8040.0,2024-02-26
2024022601027591,NWCL,39,38,10.0,804.0,8040.0,2024-02-26
2024022601027590,NWCL,35,58,10.0,802.0,8020.0,2024-02-26
2024022601027589,CKHL,56,42,10.0,632.0,6320.0,2024-02-26
2024022605006269,HIDCL,42,57,50.0,171.5,8575.0,2024-02-26
2024022604009200,AHPC,11,26,100.0,185.0,18500.0,2024-02-26
2024022605006268,SMATA,29,41,10.0,596.7,5967.0,2024-02-26
2024022604009199,AHPC,1,26,50.0,185.0,9250.0,2024-02-26
2024022601027588,DORDI,57,77,10.0,468.0,4680.0,2024-02-26
2024022603005865,PFL,57,38,252.0,367.4,92584.8,2024-02-26
2024022603005864,ICFC,32,43,10.0,499.9,4999.0,2024-02-26
2024022603005863,MNBBL,42,6,91.0,353.0,32123.0,2024-02-26
2024022603005862,SINDU,4,45,100.0,316.5,31650.0,2024-02-26
2024022601027587,MHCL,65,45,10.0,540.0,5400.0,2024-02-26
2024022603005861,KRBL,35,34,10.0,368.9,3689.0,2024-02-26
2024022601027586,HATHY,5,32,30.0,835.0,25050.0,2024-02-26
2024022601027585,KBL,51,38,476.0,143.0,68068.0,2024-02-26
2024022601027584,KBL,71,38,2524.0,143.0,360932.0,2024-02-26
2024022603005860,ILBS,38,49,10.0,690.0,6900.0,2024-02-26
2024022601027583,MEHL,7,38,10.0,293.0,2930.0,2024-02-26
2024022601027582,MAKAR,22,34,50.0,396.0,19800.0,2024-02-26
2024022601027581,MAKAR,4,34,40.0,397.0,15880.0,2024-02-26
2024022601027580,BHDC,50,4,20.0,474.0,9480.0,2024-02-26
2024022605006267,NTC,42,57,10.0,841.0,8410.0,2024-02-26
2024022605006266,NTC,42,1,20.0,841.0,16820.0,2024-02-26
2024022601027579,CKHL,56,17,10.0,632.0,6320.0,2024-02-26
2024022601027578,NICA,44,72,349.0,419.0,146231.0,2024-02-26
2024022601027577,NICA,44,17,160.0,419.0,67040.0,2024-02-26
2024022601027576,NICA,44,38,730.0,419.0,305870.0,2024-02-26
2024022601027575,NICA,44,45,20.0,419.0,8380.0,2024-02-26
2024022601027574,NICA,44,43,50.0,419.0,20950.0,2024-02-26
2024022601027573,NICA,44,4,500.0,419.0,209500.0,2024-02-26
2024022601027572,NICA,44,17,52.0,419.0,21788.0,2024-02-26
2024022601027571,NICA,44,4,200.0,419.0,83800.0,2024-02-26
2024022601027570,NICA,44,13,100.0,418.9,41890.0,2024-02-26
2024022601027569,NICA,44,58,40.0,418.9,16756.0,2024-02-26
2024022601027568,NICA,44,35,40.0,418.9,16756.0,2024-02-26
2024022601027567,NICA,44,48,25.0,418.8,10470.0,2024-02-26
2024022601027566,NICA,44,38,115.0,418.5,48127.5,2024-02-26
2024022601027565,NICA,44,45,200.0,418.0,83600.0,2024-02-26
2024022601027564,NICA,44,7,200.0,418.0,83600.0,2024-02-26
2024022601027563,NICA,44,6,20.0,418.0,8360.0,2024-02-26
2024022601027562,NICA,44,43,199.0,418.0,83182.0,2024-02-26
2024022604009198,RIDI,19,13,20.0,191.0,3820.0,2024-02-26
2024022604009197,RIDI,19,16,15.0,190.5,2857.5,2024-02-26
2024022604009196,RIDI,19,50,85.0,190.5,16192.5,2024-02-26
2024022604009195,RIDI,19,58,24.0,190.3,4567.2,2024-02-26
2024022604009194,RIDI,19,74,300.0,190.1,57030.0,2024-02-26
2024022604009193,NHPC,55,36,466.0,154.2,71857.2,2024-02-26
2024022601027561,MHCL,50,4,10.0,540.0,5400.0,2024-02-26
2024022603005859,FOWAD,10,35,30.0,1012.2,30366.0,2024-02-26
2024022604009192,PPCL,34,47,920.0,270.0,248400.0,2024-02-26
2024022604009191,PPCL,34,58,700.0,269.9,188930.0,2024-02-26
2024022604009190,PPCL,34,45,990.0,269.0,266310.0,2024-02-26
2024022604009189,PPCL,34,58,290.0,268.9,77981.0,2024-02-26
2024022604009188,PPCL,34,38,90.0,268.5,24165.0,2024-02-26
2024022601027560,ULBSL,49,38,31.0,1070.0,33170.0,2024-02-26
2024022604009187,UPCL,66,57,100.0,213.0,21300.0,2024-02-26
2024022604009186,SPDL,17,35,16.0,253.0,4048.0,2024-02-26
2024022604009185,UNHPL,42,33,15.0,259.9,3898.5,2024-02-26
2024022601027559,CLI,21,7,10.0,432.0,4320.0,2024-02-26
2024022601027558,CLI,21,58,10.0,432.0,4320.0,2024-02-26
2024022601027557,CLI,21,52,10.0,432.0,4320.0,2024-02-26
2024022601027556,CLI,21,43,10.0,432.0,4320.0,2024-02-26
2024022601027555,CLI,21,8,10.0,432.0,4320.0,2024-02-26
2024022601027554,CLI,21,49,10.0,432.0,4320.0,2024-02-26
2024022601027553,CLI,21,58,10.0,432.0,4320.0,2024-02-26
2024022601027552,CLI,21,58,10.0,432.0,4320.0,2024-02-26
2024022601027551,CLI,21,51,10.0,432.0,4320.0,2024-02-26
2024022601027550,CLI,21,21,10.0,432.0,4320.0,2024-02-26
2024022601027549,CLI,21,35,10.0,432.0,4320.0,2024-02-26
2024022601027548,CLI,21,42,10.0,432.0,4320.0,2024-02-26
2024022601027547,CLI,21,55,10.0,431.9,4319.0,2024-02-26
2024022601027546,CLI,21,38,10.0,431.9,4319.0,2024-02-26
2024022601027545,CLI,21,4,10.0,431.8,4318.0,2024-02-26
2024022601027544,HATHY,45,13,11.0,834.0,9174.0,2024-02-26
2024022601027543,MHCL,50,52,10.0,540.0,5400.0,2024-02-26
2024022601027542,NICA,35,45,181.0,417.5,75567.5,2024-02-26
2024022601027541,NICA,32,45,73.0,417.6,30484.8,2024-02-26
2024022601027540,NICA,21,45,46.0,417.7,19214.2,2024-02-26
2024022601027539,CKHL,45,34,10.0,633.0,6330.0,2024-02-26
2024022601027538,CKHL,45,58,10.0,632.5,6325.0,2024-02-26
2024022601027537,CKHL,45,44,10.0,632.5,6325.0,2024-02-26
2024022603005858,KSBBL,84,53,132.0,342.1,45157.2,2024-02-26
2024022603005857,KSBBL,57,53,110.0,342.1,37631.0,2024-02-26
2024022603005856,KSBBL,56,53,458.0,342.1,156681.8,2024-02-26
2024022603005855,KSBBL,42,53,500.0,342.2,171100.0,2024-02-26
2024022604009184,NGPL,16,34,149.0,308.7,45996.3,2024-02-26
2024022604009183,NGPL,56,34,100.0,308.8,30880.0,2024-02-26
2024022604009182,NGPL,43,34,150.0,308.9,46335.0,2024-02-26
2024022604009181,BPCL,38,34,10.0,303.0,3030.0,2024-02-26
2024022601027536,NWCL,39,55,10.0,803.0,8030.0,2024-02-26
2024022601027535,KDL,47,22,40.0,790.0,31600.0,2024-02-26
2024022601027534,SONA,36,43,100.0,438.0,43800.0,2024-02-26
2024022601027533,SONA,44,43,535.0,438.0,234330.0,2024-02-26
2024022604009180,DHPL,42,11,575.0,199.0,114425.0,2024-02-26
2024022604009179,SSHL,26,42,100.0,164.7,16470.0,2024-02-26
2024022601027532,VLUCL,58,91,200.0,522.6,104520.0,2024-02-26
2024022601027531,CYCL,25,32,50.0,1176.1,58805.0,2024-02-26
2024022603005854,SAPDBL,32,35,10.0,259.0,2590.0,2024-02-26
2024022604009178,UMRH,35,52,30.0,360.0,10800.0,2024-02-26
2024022604009177,UMRH,52,52,10.0,360.1,3601.0,2024-02-26
2024022604009176,UMRH,52,52,10.0,360.2,3602.0,2024-02-26
2024022601027530,HHL,90,45,124.0,336.0,41664.0,2024-02-26
2024022605006265,NIFRA,59,45,857.0,207.2,177570.4,2024-02-26
2024022605006264,NIFRA,45,45,10.0,207.2,2072.0,2024-02-26
2024022605006263,NIFRA,42,45,133.0,207.3,27570.9,2024-02-26
2024022601027529,SNLI,45,35,10.0,596.0,5960.0,2024-02-26
2024022601027528,SONA,44,38,15.0,438.0,6570.0,2024-02-26
2024022601027527,TPC,88,55,15.0,531.0,7965.0,2024-02-26
2024022601027526,TPC,34,55,10.0,531.1,5311.0,2024-02-26
2024022601027525,TPC,37,55,55.0,531.2,29216.0,2024-02-26
2024022601027524,SMJC,34,58,125.0,393.5,49187.5,2024-02-26
2024022605006262,HRL,57,34,10.0,615.2,6152.0,2024-02-26
2024022603005853,MLBSL,34,35,10.0,1552.0,15520.0,2024-02-26
2024022601027523,MHCL,58,54,10.0,543.0,5430.0,2024-02-26
2024022603005852,GFCL,60,34,500.0,439.9,219950.0,2024-02-26
2024022601027522,NIMB,43,65,15.0,162.5,2437.5,2024-02-26
2024022601027521,NIMB,41,65,50.0,162.8,8140.0,2024-02-26
2024022601027520,NICA,26,43,200.0,418.0,83600.0,2024-02-26
2024022601027519,DORDI,25,28,10.0,467.0,4670.0,2024-02-26
2024022604009175,NGPL,36,71,2000.0,309.0,618000.0,2024-02-26
2024022604009174,NGPL,36,38,770.0,309.0,237930.0,2024-02-26
2024022601027518,SONA,57,34,100.0,438.5,43850.0,2024-02-26
2024022601027517,SONA,57,21,200.0,438.1,87620.0,2024-02-26
2024022601027516,DOLTI,57,72,10.0,389.8,3898.0,2024-02-26
2024022604009173,DHPL,32,11,100.0,199.0,19900.0,2024-02-26
2024022605006261,NIFRA,41,42,100.0,207.9,20790.0,2024-02-26
2024022601027515,NWCL,58,13,10.0,802.0,8020.0,2024-02-26
2024022601027514,MKCL,56,5,20.0,948.0,18960.0,2024-02-26
2024022601027513,MKCL,56,49,10.0,942.0,9420.0,2024-02-26
2024022601027512,MKCL,56,38,10.0,940.0,9400.0,2024-02-26
2024022601027511,SONA,44,5,100.0,438.0,43800.0,2024-02-26
2024022605006260,NRN,35,35,10.0,552.0,5520.0,2024-02-26
2024022601027510,MSHL,34,7,10.0,639.0,6390.0,2024-02-26
2024022601027509,SAHAS,34,25,100.0,530.0,53000.0,2024-02-26
2024022604009172,GLH,16,48,1000.0,210.0,210000.0,2024-02-26
2024022601027508,TSHL,18,47,240.0,508.7,122088.0,2024-02-26
2024022601027507,TSHL,18,57,10.0,508.0,5080.0,2024-02-26
2024022601027506,TSHL,18,43,10.0,508.0,5080.0,2024-02-26
2024022601027505,TSHL,18,42,10.0,508.0,5080.0,2024-02-26
2024022601027504,TSHL,18,77,500.0,507.0,253500.0,2024-02-26
2024022601027503,TSHL,18,35,30.0,506.6,15198.0,2024-02-26
2024022601027502,TSHL,18,52,10.0,506.0,5060.0,2024-02-26
2024022601027501,TSHL,18,14,100.0,506.0,50600.0,2024-02-26
2024022601027500,TSHL,18,18,90.0,506.0,45540.0,2024-02-26
2024022601027499,NRM,58,19,43.0,361.0,15523.0,2024-02-26
2024022604009171,JOSHI,58,41,400.0,395.0,158000.0,2024-02-26
2024022601027498,SHIVM,22,65,200.0,474.0,94800.0,2024-02-26
2024022603005851,HLI,56,42,22.0,386.0,8492.0,2024-02-26
2024022603005850,SJLIC,36,41,100.0,479.0,47900.0,2024-02-26
2024022604009170,UPPER,19,4,10.0,206.0,2060.0,2024-02-26
2024022601027497,SHIVM,45,84,960.0,475.0,456000.0,2024-02-26
2024022601027496,SHIVM,45,47,250.0,475.0,118750.0,2024-02-26
2024022601027495,SHIVM,45,57,100.0,475.0,47500.0,2024-02-26
2024022601027494,SHIVM,45,38,500.0,474.9,237450.0,2024-02-26
2024022601027493,SHIVM,45,85,200.0,474.9,94980.0,2024-02-26
2024022601027492,SHIVM,45,13,50.0,474.9,23745.0,2024-02-26
2024022601027491,SHIVM,45,22,50.0,474.9,23745.0,2024-02-26
2024022601027490,SHIVM,45,60,200.0,474.9,94980.0,2024-02-26
2024022601027489,SHIVM,45,34,60.0,474.8,28488.0,2024-02-26
2024022601027488,SHIVM,45,22,80.0,474.8,37984.0,2024-02-26
2024022601027487,SHIVM,45,17,200.0,474.8,94960.0,2024-02-26
2024022603005849,KLBSL,53,45,14.0,805.2,11272.8,2024-02-26
2024022603005848,KLBSL,42,45,10.0,805.2,8052.0,2024-02-26
2024022601027486,NBL,35,28,107.0,220.0,23540.0,2024-02-26
2024022601027485,NBL,35,22,300.0,220.0,66000.0,2024-02-26
2024022601027484,NBL,35,82,1440.0,220.0,316800.0,2024-02-26
2024022601027483,NBL,35,58,153.0,219.9,33644.7,2024-02-26
2024022601027482,IHL,44,38,30.0,354.5,10635.0,2024-02-26
2024022603005847,ICFC,33,47,27.0,495.0,13365.0,2024-02-26
2024022603005846,ICFC,38,47,40.0,495.0,19800.0,2024-02-26
2024022603005845,ICFC,58,47,33.0,495.0,16335.0,2024-02-26
2024022601027481,MKJC,34,39,10.0,490.0,4900.0,2024-02-26
2024022601027480,MKJC,34,42,90.0,488.0,43920.0,2024-02-26
2024022601027479,MKJC,34,41,10.0,488.0,4880.0,2024-02-26
2024022601027478,MKJC,34,53,90.0,488.0,43920.0,2024-02-26
2024022601027477,CITY,49,16,10.0,581.0,5810.0,2024-02-26
2024022604009169,SPIL,64,14,7.0,720.0,5040.0,2024-02-26
2024022601027476,HATHY,45,25,40.0,834.0,33360.0,2024-02-26
2024022601027475,CKHL,56,58,10.0,632.0,6320.0,2024-02-26
2024022605006259,SLCF,14,58,200.0,7.81,1562.0,2024-02-26
2024022601027474,MCHL,59,67,160.0,341.5,54640.0,2024-02-26
2024022604009168,OHL,62,29,10.0,755.0,7550.0,2024-02-26
2024022601027473,MEHL,7,52,10.0,293.0,2930.0,2024-02-26
2024022601027472,USHEC,56,74,48.0,372.8,17894.4,2024-02-26
2024022604009167,AKPL,48,10,30.0,177.9,5337.0,2024-02-26
2024022604009166,CGH,5,35,20.0,822.0,16440.0,2024-02-26
2024022601027471,SNLI,45,38,10.0,596.0,5960.0,2024-02-26
2024022601027470,SONA,44,38,10.0,438.0,4380.0,2024-02-26
2024022604009165,SGIC,84,29,200.0,507.0,101400.0,2024-02-26
2024022604009164,CGH,5,50,10.0,822.0,8220.0,2024-02-26
2024022601027469,NBL,43,58,200.0,219.9,43980.0,2024-02-26
2024022603005844,MERO,34,44,10.0,534.9,5349.0,2024-02-26
2024022604009163,API,45,25,120.0,180.9,21708.0,2024-02-26
2024022601027468,VLUCL,58,58,10.0,522.6,5226.0,2024-02-26
2024022601027467,MHCL,50,49,50.0,540.0,27000.0,2024-02-26
2024022603005843,HLI,44,43,597.0,387.1,231098.7,2024-02-26
2024022603005842,HLI,44,57,100.0,387.0,38700.0,2024-02-26
2024022604009162,HDHPC,19,39,15.0,139.0,2085.0,2024-02-26
2024022601027466,NYADI,36,55,10.0,281.0,2810.0,2024-02-26
2024022603005841,ILBS,38,1,11.0,685.4,7539.4,2024-02-26
2024022601027465,SRLI,39,47,20.0,421.5,8430.0,2024-02-26
2024022601027464,BPW,40,47,50.0,1049.0,52450.0,2024-02-26
2024022601027463,ANLB,58,14,10.0,1937.0,19370.0,2024-02-26
2024022603005840,NLICL,39,58,10.0,560.0,5600.0,2024-02-26
2024022601027462,MANDU,65,62,300.0,690.0,207000.0,2024-02-26
2024022601027461,MANDU,65,48,140.0,690.0,96600.0,2024-02-26
2024022601027460,MANDU,65,17,10.0,690.0,6900.0,2024-02-26
2024022601027459,MANDU,65,38,10.0,690.0,6900.0,2024-02-26
2024022601027458,MANDU,65,37,10.0,690.0,6900.0,2024-02-26
2024022601027457,MANDU,65,38,10.0,689.9,6899.0,2024-02-26
2024022601027456,MANDU,65,17,10.0,689.9,6899.0,2024-02-26
2024022601027455,MANDU,65,16,10.0,689.5,6895.0,2024-02-26
2024022601027454,MANDU,65,33,10.0,689.0,6890.0,2024-02-26
2024022601027453,MANDU,65,43,50.0,688.5,34425.0,2024-02-26
2024022601027452,MANDU,65,58,10.0,688.0,6880.0,2024-02-26
2024022601027451,MANDU,65,58,10.0,687.4,6874.0,2024-02-26
2024022601027450,MANDU,65,47,10.0,687.0,6870.0,2024-02-26
2024022601027449,MANDU,65,39,10.0,687.0,6870.0,2024-02-26
2024022601027448,MANDU,65,5,200.0,686.0,137200.0,2024-02-26
2024022601027447,MANDU,65,3,10.0,686.0,6860.0,2024-02-26
2024022601027446,MANDU,65,75,10.0,686.0,6860.0,2024-02-26
2024022601027445,MANDU,65,6,10.0,685.0,6850.0,2024-02-26
2024022601027444,MANDU,65,57,100.0,684.8,68480.0,2024-02-26
2024022601027443,MANDU,65,28,10.0,682.9,6829.0,2024-02-26
2024022601027442,MANDU,65,58,10.0,681.0,6810.0,2024-02-26
2024022601027441,MANDU,65,38,10.0,680.0,6800.0,2024-02-26
2024022601027440,MANDU,65,59,10.0,680.0,6800.0,2024-02-26
2024022601027439,MANDU,65,58,10.0,680.0,6800.0,2024-02-26
2024022601027438,MANDU,65,59,10.0,680.0,6800.0,2024-02-26
2024022601027437,MANDU,65,58,10.0,675.0,6750.0,2024-02-26
2024022601027436,MBJC,57,29,90.0,312.0,28080.0,2024-02-26
2024022605006258,NRIC,74,58,500.0,745.0,372500.0,2024-02-26
2024022601027435,MEL,32,35,80.0,220.7,17656.0,2024-02-26
2024022601027434,MEL,32,40,50.0,220.7,11035.0,2024-02-26
2024022604009161,HURJA,45,26,10.0,299.8,2998.0,2024-02-26
2024022605006257,CIT,16,34,20.0,2058.0,41160.0,2024-02-26
2024022604009160,AKJCL,34,16,220.0,223.0,49060.0,2024-02-26
2024022604009159,AKJCL,34,41,10.0,223.0,2230.0,2024-02-26
2024022601027433,NBL,34,58,20.0,219.9,4398.0,2024-02-26
2024022601027432,VLUCL,58,18,20.0,522.5,10450.0,2024-02-26
2024022601027431,ILI,82,58,10.0,526.0,5260.0,2024-02-26
2024022604009158,PMHPL,49,19,10.0,253.0,2530.0,2024-02-26
2024022601027430,EBL,42,13,500.0,501.0,250500.0,2024-02-26
2024022601027429,PRVU,14,45,39.0,148.6,5795.4,2024-02-26
2024022604009157,LEC,57,19,120.0,187.9,22548.0,2024-02-26
2024022601027428,NRM,56,19,100.0,361.0,36100.0,2024-02-26
2024022601027427,PHCL,57,5,50.0,326.0,16300.0,2024-02-26
2024022601027426,PHCL,59,5,410.0,326.0,133660.0,2024-02-26
2024022601027425,ULHC,38,60,170.0,325.0,55250.0,2024-02-26
2024022601027424,ULHC,38,58,10.0,325.0,3250.0,2024-02-26
2024022601027423,ULHC,38,21,10.0,325.0,3250.0,2024-02-26
2024022601027422,ULHC,38,21,10.0,325.0,3250.0,2024-02-26
2024022601027421,ULHC,38,47,10.0,325.0,3250.0,2024-02-26
2024022601027420,ULHC,38,56,70.0,324.9,22743.0,2024-02-26
2024022601027419,ULHC,38,56,10.0,324.5,3245.0,2024-02-26
2024022601027418,ULHC,38,41,10.0,324.0,3240.0,2024-02-26
2024022601027417,ULHC,38,39,10.0,324.0,3240.0,2024-02-26
2024022601027416,ULHC,38,38,10.0,324.0,3240.0,2024-02-26
2024022601027415,ULHC,38,34,10.0,324.0,3240.0,2024-02-26
2024022601027414,ULHC,38,34,10.0,324.0,3240.0,2024-02-26
2024022601027413,ULHC,38,35,10.0,324.0,3240.0,2024-02-26
2024022601027412,ULHC,38,42,250.0,324.0,81000.0,2024-02-26
2024022603005839,EDBL,71,38,41.0,348.1,14272.1,2024-02-26
2024022604009156,GLH,38,48,100.0,210.0,21000.0,2024-02-26
2024022601027411,SONA,44,58,10.0,438.0,4380.0,2024-02-26
2024022601027410,NWCL,58,45,10.0,802.0,8020.0,2024-02-26
2024022601027409,HHL,90,34,190.0,336.0,63840.0,2024-02-26
2024022601027408,HHL,90,34,100.0,336.0,33600.0,2024-02-26
2024022601027407,HHL,71,34,10.0,337.0,3370.0,2024-02-26
2024022604009155,HURJA,81,26,250.0,299.8,74950.0,2024-02-26
2024022604009154,HURJA,52,26,150.0,299.8,44970.0,2024-02-26
2024022601027406,GCIL,45,37,100.0,472.0,47200.0,2024-02-26
2024022601027405,GCIL,44,37,300.0,472.0,141600.0,2024-02-26
2024022601027404,GCIL,45,37,210.0,472.1,99141.0,2024-02-26
2024022604009153,UPCL,29,57,400.0,213.0,85200.0,2024-02-26
2024022604009152,UPCL,29,48,100.0,213.0,21300.0,2024-02-26
2024022604009151,RHPL,36,41,50.0,277.2,13860.0,2024-02-26
2024022603005838,BFC,88,57,500.0,331.0,165500.0,2024-02-26
2024022604009150,NHPC,45,48,139.0,154.4,21461.6,2024-02-26
2024022601027403,SNLI,45,48,10.0,596.0,5960.0,2024-02-26
2024022601027402,SMH,45,69,40.0,692.0,27680.0,2024-02-26
2024022604009149,PPCL,47,38,10.0,268.5,2685.0,2024-02-26
2024022601027401,NIMB,32,43,322.0,162.2,52228.4,2024-02-26
2024022601027400,NIMB,45,43,58.0,162.5,9425.0,2024-02-26
2024022601027399,SGHC,57,64,498.0,309.1,153931.8,2024-02-26
2024022601027398,SGHC,28,64,100.0,309.2,30920.0,2024-02-26
2024022601027397,SHIVM,22,17,200.0,474.0,94800.0,2024-02-26
2024022603005837,SFCL,34,34,189.0,314.0,59346.0,2024-02-26
2024022604009148,GHL,45,49,800.0,153.1,122480.0,2024-02-26
2024022604009147,GHL,43,49,200.0,153.1,30620.0,2024-02-26
2024022603005836,FOWAD,26,34,25.0,1014.0,25350.0,2024-02-26
2024022601027396,SONA,44,28,10.0,438.0,4380.0,2024-02-26
2024022604009146,AHPC,42,26,214.0,185.0,39590.0,2024-02-26
2024022604009145,AHPC,42,44,868.0,185.0,160580.0,2024-02-26
2024022604009144,AHPC,42,52,1364.0,184.9,252203.6,2024-02-26
2024022604009143,AHPC,42,42,154.0,184.9,28474.6,2024-02-26
2024022604009142,AHPC,42,3,100.0,184.8,18480.0,2024-02-26
2024022601027395,VLUCL,74,1,420.0,521.2,218904.0,2024-02-26
2024022601027394,VLUCL,21,1,190.0,521.2,99028.0,2024-02-26
2024022601027393,VLUCL,58,1,20.0,521.3,10426.0,2024-02-26
2024022601027392,VLUCL,21,1,200.0,521.3,104260.0,2024-02-26
2024022601027391,VLUCL,58,1,70.0,521.5,36505.0,2024-02-26
2024022604009141,PMHPL,55,19,400.0,253.0,101200.0,2024-02-26
2024022604009140,PMHPL,7,19,18.0,253.0,4554.0,2024-02-26
2024022604009139,PMHPL,25,19,335.0,253.0,84755.0,2024-02-26
2024022604009138,UNHPL,57,51,200.0,259.9,51980.0,2024-02-26
2024022604009137,HURJA,81,41,100.0,299.9,29990.0,2024-02-26
2024022604009136,NHPC,45,53,61.0,154.4,9418.4,2024-02-26
2024022601027390,SNLI,45,42,10.0,596.0,5960.0,2024-02-26
2024022601027389,SNLI,45,29,10.0,596.0,5960.0,2024-02-26
2024022601027388,SNLI,45,52,60.0,596.0,35760.0,2024-02-26
2024022601027387,NABIL,8,45,33.0,433.0,14289.0,2024-02-26
2024022601027386,NABIL,49,45,26.0,433.0,11258.0,2024-02-26
2024022601027385,SONA,45,21,300.0,438.1,131430.0,2024-02-26
2024022603005835,MPFL,42,38,285.0,352.7,100519.5,2024-02-26
2024022603005834,MPFL,43,38,50.0,352.8,17640.0,2024-02-26
2024022603005833,MPFL,54,38,40.0,353.0,14120.0,2024-02-26
2024022603005832,MPFL,21,38,25.0,353.0,8825.0,2024-02-26
2024022603005831,ILBS,38,40,22.0,685.0,15070.0,2024-02-26
2024022604009135,SJCL,45,65,500.0,276.0,138000.0,2024-02-26
2024022601027384,BHL,42,43,300.0,343.0,102900.0,2024-02-26
2024022601027383,BHL,42,38,10.0,343.0,3430.0,2024-02-26
2024022601027382,BHPL,42,34,380.0,485.0,184300.0,2024-02-26
2024022601027381,BHPL,42,22,90.0,484.9,43641.0,2024-02-26
2024022601027380,BHPL,42,6,30.0,484.9,14547.0,2024-02-26
2024022604009134,UPPER,19,14,50.0,206.0,10300.0,2024-02-26
2024022601027379,ILI,26,62,50.0,527.0,26350.0,2024-02-26
2024022601027378,ILI,58,62,100.0,527.0,52700.0,2024-02-26
2024022604009133,CGH,53,33,30.0,824.0,24720.0,2024-02-26
2024022601027377,NWCL,39,42,10.0,802.0,8020.0,2024-02-26
2024022604009132,SICL,55,38,50.0,681.0,34050.0,2024-02-26
2024022601027376,ULHC,38,42,50.0,324.0,16200.0,2024-02-26
2024022601027375,MEL,46,22,10.0,220.0,2200.0,2024-02-26
2024022601027374,MEL,46,34,165.0,220.0,36300.0,2024-02-26
2024022601027373,MEL,46,44,212.0,220.0,46640.0,2024-02-26
2024022605006256,HRL,25,4,10.0,615.5,6155.0,2024-02-26
2024022601027372,SCB,42,18,25.0,509.0,12725.0,2024-02-26
2024022601027371,ULHC,58,42,10.0,324.0,3240.0,2024-02-26
2024022601027370,ULHC,58,62,34.0,323.9,11012.6,2024-02-26
2024022603005830,SKBBL,19,57,100.0,818.0,81800.0,2024-02-26
2024022601027369,MKCL,40,41,24.0,937.1,22490.4,2024-02-26
2024022601027368,SONA,10,48,100.0,438.0,43800.0,2024-02-26
2024022601027367,SONA,35,48,300.0,438.1,131430.0,2024-02-26
2024022601027366,SCB,41,56,250.0,508.2,127050.0,2024-02-26
2024022601027365,CLI,58,35,10.0,431.1,4311.0,2024-02-26
2024022603005829,JBBL,45,16,50.0,293.0,14650.0,2024-02-26
2024022603005828,MNBBL,42,54,20.0,353.0,7060.0,2024-02-26
2024022601027364,VLUCL,58,46,80.0,521.5,41720.0,2024-02-26
2024022601027363,VLUCL,40,46,100.0,522.0,52200.0,2024-02-26
2024022601027362,VLUCL,57,46,120.0,522.5,62700.0,2024-02-26
2024022601027361,CLI,58,51,10.0,431.1,4311.0,2024-02-26
2024022603005827,VLBS,3,17,10.0,598.0,5980.0,2024-02-26
2024022603005826,KRBL,42,34,10.0,368.9,3689.0,2024-02-26
2024022603005825,SJLIC,1,34,9.0,472.0,4248.0,2024-02-26
2024022604009131,GLH,49,48,500.0,210.0,105000.0,2024-02-26
2024022604009130,SHPC,19,58,20.0,341.0,6820.0,2024-02-26
2024022601027360,NICAD8283,13,38,15.0,1045.5,15682.5,2024-02-26
2024022601027359,SANIMA,38,6,85.0,236.8,20128.0,2024-02-26
2024022601027358,MKHL,16,34,10.0,376.0,3760.0,2024-02-26
2024022601027357,MKHL,16,53,10.0,375.3,3753.0,2024-02-26
2024022601027356,MKHL,16,38,10.0,375.3,3753.0,2024-02-26
2024022601027355,SIKLES,49,65,22.0,492.1,10826.2,2024-02-26
2024022601027354,BGWT,65,58,98.0,590.0,57820.0,2024-02-26
2024022601027353,BGWT,65,62,10.0,590.0,5900.0,2024-02-26
2024022601027352,BGWT,65,32,10.0,589.9,5899.0,2024-02-26
2024022601027351,BGWT,65,58,10.0,589.8,5898.0,2024-02-26
2024022601027350,BGWT,65,39,10.0,588.5,5885.0,2024-02-26
2024022601027349,BGWT,65,3,10.0,585.8,5858.0,2024-02-26
2024022601027348,BGWT,65,57,20.0,585.0,11700.0,2024-02-26
2024022601027347,BGWT,65,13,10.0,585.0,5850.0,2024-02-26
2024022601027346,BGWT,65,65,300.0,585.0,175500.0,2024-02-26
2024022601027345,BGWT,65,35,10.0,584.0,5840.0,2024-02-26
2024022601027344,BGWT,65,17,152.0,584.0,88768.0,2024-02-26
2024022601027343,BGWT,65,54,200.0,584.0,116800.0,2024-02-26
2024022601027342,BGWT,65,22,10.0,584.0,5840.0,2024-02-26
2024022601027341,BGWT,65,53,10.0,584.0,5840.0,2024-02-26
2024022601027340,BGWT,65,58,10.0,583.9,5839.0,2024-02-26
2024022601027339,BGWT,65,51,10.0,583.9,5839.0,2024-02-26
2024022601027338,BGWT,65,37,100.0,582.0,58200.0,2024-02-26
2024022601027337,BGWT,65,43,10.0,582.0,5820.0,2024-02-26
2024022601027336,BGWT,65,57,10.0,581.9,5819.0,2024-02-26
2024022601027335,SGHC,34,46,10.0,310.0,3100.0,2024-02-26
2024022601027334,NRM,44,19,10.0,361.0,3610.0,2024-02-26
2024022603005824,PMLI,44,4,10.0,500.5,5005.0,2024-02-26
2024022603005823,PMLI,44,38,10.0,500.5,5005.0,2024-02-26
2024022603005822,PMLI,44,42,10.0,500.5,5005.0,2024-02-26
2024022601027333,MHCL,50,49,100.0,540.0,54000.0,2024-02-26
2024022601027332,HDL,41,57,10.0,1449.0,14490.0,2024-02-26
2024022601027331,HDL,22,57,10.0,1449.0,14490.0,2024-02-26
2024022601027330,CLI,58,41,10.0,431.0,4310.0,2024-02-26
2024022601027329,CLI,58,22,10.0,431.0,4310.0,2024-02-26
2024022603005821,PMLI,49,58,10.0,500.0,5000.0,2024-02-26
2024022605006255,NTC,58,42,127.0,840.0,106680.0,2024-02-26
2024022601027328,SNLI,48,19,84.0,595.0,49980.0,2024-02-26
2024022601027327,SNLI,14,19,50.0,595.1,29755.0,2024-02-26
2024022601027326,SNLI,36,19,100.0,595.2,59520.0,2024-02-26
2024022601027325,SNLI,54,19,10.0,595.2,5952.0,2024-02-26
2024022601027324,SNLI,36,19,500.0,595.2,297600.0,2024-02-26
2024022601027323,SNLI,42,19,120.0,595.3,71436.0,2024-02-26
2024022601027322,SNLI,47,19,16.0,595.3,9524.8,2024-02-26
2024022601027321,SNLI,42,19,80.0,595.3,47624.0,2024-02-26
2024022601027320,SNLI,6,19,10.0,595.4,5954.0,2024-02-26
2024022601027319,SNLI,40,19,30.0,595.8,17874.0,2024-02-26
2024022601027318,ULHC,72,19,500.0,320.2,160100.0,2024-02-26
2024022604009129,SHPC,19,11,100.0,341.0,34100.0,2024-02-26
2024022604009128,SHPC,19,43,275.0,341.0,93775.0,2024-02-26
2024022604009127,SHPC,19,44,163.0,340.9,55566.7,2024-02-26
2024022601027317,CKHL,56,19,10.0,632.0,6320.0,2024-02-26
2024022603005820,DDBL,47,4,72.0,733.9,52840.8,2024-02-26
2024022605006254,NRN,16,86,350.0,550.1,192535.0,2024-02-26
2024022605006253,NRN,57,86,500.0,550.1,275050.0,2024-02-26
2024022601027316,HATHY,50,16,20.0,835.0,16700.0,2024-02-26
2024022601027315,EHPL,18,13,10.0,439.0,4390.0,2024-02-26
2024022601027314,EHPL,18,29,10.0,438.0,4380.0,2024-02-26
2024022604009126,UAIL,17,10,110.0,529.0,58190.0,2024-02-26
2024022604009125,UAIL,17,55,90.0,529.0,47610.0,2024-02-26
2024022601027313,PPL,32,55,100.0,333.0,33300.0,2024-02-26
2024022604009124,NHPC,52,35,200.0,154.5,30900.0,2024-02-26
2024022601027312,MCHL,58,67,40.0,341.5,13660.0,2024-02-26
2024022601027311,MCHL,58,41,10.0,341.0,3410.0,2024-02-26
2024022601027310,MCHL,58,54,10.0,341.0,3410.0,2024-02-26
2024022601027309,MCHL,58,45,10.0,339.0,3390.0,2024-02-26
2024022601027308,MCHL,58,34,10.0,339.0,3390.0,2024-02-26
2024022601027307,MCHL,58,58,10.0,339.0,3390.0,2024-02-26
2024022601027306,MCHL,58,35,10.0,338.8,3388.0,2024-02-26
2024022601027305,RHGCL,58,65,500.0,298.0,149000.0,2024-02-26
2024022604009123,NHPC,7,35,55.0,154.5,8497.5,2024-02-26
2024022604009122,HDHPC,45,39,275.0,139.0,38225.0,2024-02-26
2024022601027304,LSL,22,28,10.0,159.0,1590.0,2024-02-26
2024022603005819,SHINE,38,53,10.0,372.0,3720.0,2024-02-26
2024022603005818,SHINE,38,37,100.0,371.9,37190.0,2024-02-26
2024022603005817,SHINE,38,59,40.0,371.9,14876.0,2024-02-26
2024022601027303,TSHL,69,18,10.0,499.0,4990.0,2024-02-26
2024022601027302,AVYAN,34,58,10.0,593.0,5930.0,2024-02-26
2024022603005816,PMLI,49,21,10.0,500.0,5000.0,2024-02-26
2024022603005815,NFS,38,36,10.0,358.0,3580.0,2024-02-26
2024022604009121,AKJCL,38,41,100.0,223.0,22300.0,2024-02-26
2024022601027301,SHIVM,22,84,50.0,474.0,23700.0,2024-02-26
2024022604009120,UMHL,43,25,50.0,259.0,12950.0,2024-02-26
2024022604009119,SPIL,64,29,33.0,719.0,23727.0,2024-02-26
2024022604009118,API,80,59,200.0,181.0,36200.0,2024-02-26
2024022604009117,API,80,47,20.0,181.0,3620.0,2024-02-26
2024022604009116,API,80,26,280.0,181.0,50680.0,2024-02-26
2024022604009115,SGIC,84,42,10.0,506.0,5060.0,2024-02-26
2024022601027300,SONA,35,5,100.0,438.1,43810.0,2024-02-26
2024022603005814,BFC,53,29,10.0,331.5,3315.0,2024-02-26
2024022605006252,NRIC,71,46,10.0,744.9,7449.0,2024-02-26
2024022605006251,NRIC,71,16,10.0,742.0,7420.0,2024-02-26
2024022604009114,SJCL,45,64,50.0,276.0,13800.0,2024-02-26
2024022604009113,SJCL,28,64,140.0,276.1,38654.0,2024-02-26
2024022604009112,SJCL,36,64,10.0,276.2,2762.0,2024-02-26
2024022601027299,SONA,11,35,270.0,439.0,118530.0,2024-02-26
2024022601027298,SONA,11,69,10.0,439.0,4390.0,2024-02-26
2024022601027297,SONA,11,41,10.0,439.0,4390.0,2024-02-26
2024022601027296,SONA,11,53,10.0,439.0,4390.0,2024-02-26
2024022604009111,API,51,26,500.0,181.0,90500.0,2024-02-26
2024022601027295,SONA,35,42,100.0,438.1,43810.0,2024-02-26
2024022603005813,SMB,32,42,10.0,946.9,9469.0,2024-02-26
2024022605006250,HRL,58,4,10.0,615.5,6155.0,2024-02-26
2024022605006249,HRL,39,4,40.0,615.5,24620.0,2024-02-26
2024022603005812,MLBSL,5,35,10.0,1552.0,15520.0,2024-02-26
2024022604009110,NGPL,58,38,230.0,309.0,71070.0,2024-02-26
2024022604009109,NGPL,58,72,270.0,309.0,83430.0,2024-02-26
2024022605006248,NICSF,32,5,1475.0,8.76,12921.0,2024-02-26
2024022601027294,VLUCL,57,38,10.0,522.5,5225.0,2024-02-26
2024022603005811,ILBS,38,49,10.0,679.0,6790.0,2024-02-26
2024022603005810,MPFL,25,37,200.0,355.3,71060.0,2024-02-26
2024022604009108,AKJCL,42,41,170.0,223.0,37910.0,2024-02-26
2024022601027293,MSHL,28,29,80.0,609.0,48720.0,2024-02-26
2024022601027292,MSHL,5,29,10.0,613.0,6130.0,2024-02-26
2024022601027291,MSHL,58,29,10.0,615.0,6150.0,2024-02-26
2024022601027290,MBJC,57,38,10.0,312.0,3120.0,2024-02-26
2024022601027289,MBJC,57,40,10.0,312.0,3120.0,2024-02-26
2024022601027288,MBJC,57,35,10.0,312.0,3120.0,2024-02-26
2024022601027287,MBJC,57,58,10.0,312.0,3120.0,2024-02-26
2024022601027286,MBJC,57,49,10.0,312.0,3120.0,2024-02-26
2024022601027285,MBJC,57,44,10.0,312.0,3120.0,2024-02-26
2024022601027284,MBJC,57,36,10.0,312.0,3120.0,2024-02-26
2024022601027283,MBJC,57,34,10.0,312.0,3120.0,2024-02-26
2024022601027282,MBJC,57,58,10.0,312.0,3120.0,2024-02-26
2024022601027281,MBJC,57,45,10.0,312.0,3120.0,2024-02-26
2024022601027280,MBJC,57,49,10.0,312.0,3120.0,2024-02-26
2024022601027279,MBJC,57,6,10.0,312.0,3120.0,2024-02-26
2024022601027278,MBJC,57,54,10.0,312.0,3120.0,2024-02-26
2024022601027277,TPC,48,55,10.0,535.0,5350.0,2024-02-26
2024022601027276,CKHL,56,53,10.0,632.0,6320.0,2024-02-26
2024022601027275,CKHL,56,49,10.0,632.0,6320.0,2024-02-26
2024022601027274,CKHL,56,16,10.0,632.0,6320.0,2024-02-26
2024022601027273,CKHL,56,1,410.0,632.0,259120.0,2024-02-26
2024022601027272,CKHL,56,14,10.0,632.0,6320.0,2024-02-26
2024022601027271,CKHL,56,13,10.0,632.0,6320.0,2024-02-26
2024022603005809,USLB,55,58,10.0,1050.0,10500.0,2024-02-26
2024022601027270,CKHL,58,58,50.0,631.4,31570.0,2024-02-26
2024022605006247,HRL,50,13,10.0,616.0,6160.0,2024-02-26
2024022605006246,HRL,50,49,10.0,616.0,6160.0,2024-02-26
2024022605006245,HRL,50,58,20.0,616.0,12320.0,2024-02-26
2024022605006244,HRL,50,35,10.0,616.0,6160.0,2024-02-26
2024022605006243,HRL,50,45,10.0,616.0,6160.0,2024-02-26
2024022605006242,HRL,50,25,10.0,616.0,6160.0,2024-02-26
2024022605006241,HRL,50,7,20.0,616.0,12320.0,2024-02-26
2024022605006240,HRL,50,14,10.0,616.0,6160.0,2024-02-26
2024022605006239,HRL,50,88,100.0,616.0,61600.0,2024-02-26
2024022601027269,MMKJL,64,44,10.0,425.0,4250.0,2024-02-26
2024022601027268,MMKJL,64,42,10.0,424.0,4240.0,2024-02-26
2024022601027267,MMKJL,64,17,10.0,422.5,4225.0,2024-02-26
2024022604009107,MHNL,51,41,10.0,253.0,2530.0,2024-02-26
2024022601027266,VLUCL,57,33,200.0,522.5,104500.0,2024-02-26
2024022601027265,GVL,1,72,70.0,431.0,30170.0,2024-02-26
2024022601027264,GVL,1,45,10.0,431.0,4310.0,2024-02-26
2024022601027263,GVL,1,45,10.0,431.0,4310.0,2024-02-26
2024022601027262,GVL,1,58,10.0,428.0,4280.0,2024-02-26
2024022604009106,HPPL,42,35,122.0,270.0,32940.0,2024-02-26
2024022604009105,HPPL,42,64,128.0,270.0,34560.0,2024-02-26
2024022604009104,JOSHI,57,72,80.0,395.7,31656.0,2024-02-26
2024022604009103,JOSHI,57,3,100.0,395.0,39500.0,2024-02-26
2024022604009102,NHPC,58,57,50.0,155.0,7750.0,2024-02-26
2024022601027261,SHIVM,22,59,232.0,474.0,109968.0,2024-02-26
2024022601027260,SHIVM,22,19,100.0,474.0,47400.0,2024-02-26
2024022601027259,SHIVM,22,41,44.0,474.0,20856.0,2024-02-26
2024022604009101,AHPC,45,42,100.0,184.5,18450.0,2024-02-26
2024022604009100,NHPC,45,57,65.0,155.0,10075.0,2024-02-26
2024022604009099,NHPC,45,44,115.0,154.8,17802.0,2024-02-26
2024022603005808,PMLI,49,47,10.0,500.0,5000.0,2024-02-26
2024022601027258,KDL,47,19,10.0,790.0,7900.0,2024-02-26
2024022601027257,KDL,47,61,160.0,789.9,126384.0,2024-02-26
2024022601027256,KDL,47,55,100.0,786.0,78600.0,2024-02-26
2024022601027255,KDL,47,38,20.0,785.0,15700.0,2024-02-26
2024022601027254,KDL,47,32,10.0,785.0,7850.0,2024-02-26
2024022601027253,HDL,21,45,50.0,1450.0,72500.0,2024-02-26
2024022601027252,ULBSL,49,58,33.0,1060.0,34980.0,2024-02-26
2024022604009098,UPCL,45,48,545.0,212.1,115594.5,2024-02-26
2024022603005807,SDLBSL,47,35,17.0,590.0,10030.0,2024-02-26
2024022604009097,CHL,58,57,57.0,295.0,16815.0,2024-02-26
2024022604009096,CHL,58,28,43.0,294.9,12680.7,2024-02-26
2024022601027251,CLI,21,22,40.0,431.0,17240.0,2024-02-26
2024022601027250,SHIVM,45,41,140.0,474.0,66360.0,2024-02-26
2024022601027249,SHIVM,45,40,50.0,474.0,23700.0,2024-02-26
2024022601027248,SHIVM,45,75,10.0,474.0,4740.0,2024-02-26
2024022601027247,SHIVM,45,17,100.0,474.0,47400.0,2024-02-26
2024022603005806,GBBL,33,44,16.0,364.9,5838.4,2024-02-26
2024022603005805,GBBL,33,28,94.0,364.0,34216.0,2024-02-26
2024022601027246,SMJC,6,14,10.0,393.0,3930.0,2024-02-26
2024022601027245,HATHY,35,35,20.0,836.0,16720.0,2024-02-26
2024022601027244,HATHY,35,40,10.0,836.0,8360.0,2024-02-26
2024022601027243,HATHY,35,22,50.0,836.0,41800.0,2024-02-26
2024022601027242,MEL,53,44,500.0,220.0,110000.0,2024-02-26
2024022604009095,MEN,47,58,100.0,598.9,59890.0,2024-02-26
2024022601027241,SMH,18,69,250.0,692.0,173000.0,2024-02-26
2024022601027240,SMH,18,21,50.0,691.0,34550.0,2024-02-26
2024022604009094,BPCL,49,49,11.0,304.0,3344.0,2024-02-26
2024022604009093,BPCL,49,37,16.0,303.0,4848.0,2024-02-26
2024022601027239,ILI,58,49,10.0,527.0,5270.0,2024-02-26
2024022604009092,API,45,34,50.0,180.9,9045.0,2024-02-26
2024022605006238,SAEF,32,41,1200.0,9.8,11760.0,2024-02-26
2024022603005804,ILBS,38,62,10.0,675.0,6750.0,2024-02-26
2024022601027238,SNLI,45,52,40.0,596.0,23840.0,2024-02-26
2024022604009091,JOSHI,56,28,190.0,393.0,74670.0,2024-02-26
2024022604009090,JOSHI,40,28,410.0,395.0,161950.0,2024-02-26
2024022604009089,JOSHI,33,28,500.0,395.1,197550.0,2024-02-26
2024022604009088,JOSHI,58,28,900.0,395.6,356040.0,2024-02-26
2024022601027237,MEL,45,44,288.0,220.0,63360.0,2024-02-26
2024022601027236,HHL,71,26,30.0,337.0,10110.0,2024-02-26
2024022601027235,PPL,36,55,583.0,333.0,194139.0,2024-02-26
2024022601027234,PPL,36,55,320.0,333.0,106560.0,2024-02-26
2024022601027233,PPL,36,41,37.0,332.5,12302.5,2024-02-26
2024022601027232,PCBL,44,34,335.0,193.1,64688.5,2024-02-26
2024022605006237,HRL,39,13,20.0,615.5,12310.0,2024-02-26
2024022603005803,NLBBL,34,56,10.0,521.0,5210.0,2024-02-26
2024022603005802,NLBBL,34,19,10.0,515.0,5150.0,2024-02-26
2024022604009087,HURJA,52,86,250.0,299.8,74950.0,2024-02-26
2024022601027231,SMJC,6,34,210.0,393.0,82530.0,2024-02-26
2024022604009086,SICL,55,35,29.0,681.0,19749.0,2024-02-26
2024022604009085,CGH,58,33,10.0,824.0,8240.0,2024-02-26
2024022603005801,NLICL,47,1,100.0,560.5,56050.0,2024-02-26
2024022603005800,JBBL,38,39,310.0,293.0,90830.0,2024-02-26
2024022604009084,KPCL,45,58,10.0,405.0,4050.0,2024-02-26
2024022604009083,KPCL,45,22,20.0,405.0,8100.0,2024-02-26
2024022604009082,KPCL,45,22,82.0,405.0,33210.0,2024-02-26
2024022605006236,HRL,39,51,10.0,615.5,6155.0,2024-02-26
2024022601027230,CLI,21,34,10.0,431.0,4310.0,2024-02-26
2024022601027229,CKHL,34,16,130.0,631.5,82095.0,2024-02-26
2024022601027228,GCIL,45,56,290.0,472.1,136909.0,2024-02-26
2024022601027227,GCIL,43,56,200.0,472.3,94460.0,2024-02-26
2024022603005799,NADEP,47,48,10.0,515.0,5150.0,2024-02-26
2024022604009081,UPPER,45,53,100.0,207.0,20700.0,2024-02-26
2024022604009080,UPPER,45,57,100.0,207.0,20700.0,2024-02-26
2024022604009079,NGPL,43,58,500.0,308.9,154450.0,2024-02-26
2024022601027226,MHCL,50,58,10.0,540.0,5400.0,2024-02-26
2024022601027225,SMHL,69,45,10.0,471.4,4714.0,2024-02-26
2024022601027224,SMHL,69,21,10.0,471.0,4710.0,2024-02-26
2024022601027223,SMHL,69,7,10.0,470.6,4706.0,2024-02-26
2024022604009078,SSHL,26,17,100.0,164.7,16470.0,2024-02-26
2024022605006235,HRL,26,88,100.0,616.0,61600.0,2024-02-26
2024022603005798,SWBBL,33,54,151.0,707.0,106757.0,2024-02-26
2024022603005797,SWBBL,33,1,12.0,706.9,8482.8,2024-02-26
2024022603005796,SWBBL,33,7,125.0,706.0,88250.0,2024-02-26
2024022604009077,RIDI,65,14,200.0,190.0,38000.0,2024-02-26
2024022601027222,NRM,44,19,100.0,361.0,36100.0,2024-02-26
2024022601027221,NRM,39,19,100.0,361.0,36100.0,2024-02-26
2024022601027220,NRM,55,19,50.0,362.0,18100.0,2024-02-26
2024022601027219,SHIVM,56,17,300.0,474.0,142200.0,2024-02-26
2024022601027218,MBL,53,45,284.0,180.0,51120.0,2024-02-26
2024022601027217,MBL,53,6,100.0,180.0,18000.0,2024-02-26
2024022601027216,MBL,53,55,1240.0,180.0,223200.0,2024-02-26
2024022601027215,MBL,53,42,226.0,180.0,40680.0,2024-02-26
2024022601027214,MBL,53,55,868.0,180.0,156240.0,2024-02-26
2024022601027213,MBL,53,45,200.0,179.9,35980.0,2024-02-26
2024022601027212,MBL,53,32,14.0,179.8,2517.2,2024-02-26
2024022601027211,MBL,53,44,68.0,179.8,12226.4,2024-02-26
2024022601027210,NWCL,39,4,10.0,802.0,8020.0,2024-02-26
2024022601027209,NWCL,39,45,10.0,802.0,8020.0,2024-02-26
2024022603005795,NLBBL,40,39,30.0,514.0,15420.0,2024-02-26
2024022601027208,NMB,47,82,150.0,177.0,26550.0,2024-02-26
2024022603005794,PFL,57,17,150.0,367.0,55050.0,2024-02-26
2024022604009076,BPCL,6,37,50.0,303.0,15150.0,2024-02-26
2024022604009075,BPCL,22,37,50.0,303.0,15150.0,2024-02-26
2024022604009074,BPCL,68,37,384.0,303.0,116352.0,2024-02-26
2024022601027207,EBL,29,13,100.0,501.0,50100.0,2024-02-26
2024022604009073,UAIL,34,55,10.0,529.0,5290.0,2024-02-26
2024022604009072,SICL,55,38,50.0,681.0,34050.0,2024-02-26
2024022603005793,GUFL,17,64,30.0,615.0,18450.0,2024-02-26
2024022603005792,GUFL,36,64,200.0,615.1,123020.0,2024-02-26
2024022603005791,GUFL,22,64,50.0,615.1,30755.0,2024-02-26
2024022603005790,GUFL,43,64,200.0,616.0,123200.0,2024-02-26
2024022603005789,GUFL,5,64,100.0,616.0,61600.0,2024-02-26
2024022603005788,GUFL,45,64,50.0,616.1,30805.0,2024-02-26
2024022603005787,GUFL,6,64,100.0,617.0,61700.0,2024-02-26
2024022603005786,GUFL,45,64,10.0,617.6,6176.0,2024-02-26
2024022603005785,GUFL,57,64,100.0,618.0,61800.0,2024-02-26
2024022603005784,GUFL,59,64,10.0,618.0,6180.0,2024-02-26
2024022603005783,GUFL,90,64,100.0,618.0,61800.0,2024-02-26
2024022603005782,GUFL,56,64,50.0,619.1,30955.0,2024-02-26
2024022603005781,GUFL,42,64,100.0,619.1,61910.0,2024-02-26
2024022601027206,MHL,49,64,185.0,387.0,71595.0,2024-02-26
2024022601027205,MHL,19,64,10.0,387.1,3871.0,2024-02-26
2024022601027204,MHL,19,64,10.0,387.2,3872.0,2024-02-26
2024022601027203,MHL,57,64,20.0,387.5,7750.0,2024-02-26
2024022604009071,RADHI,26,34,300.0,247.5,74250.0,2024-02-26
2024022601027202,CKHL,58,21,10.0,630.1,6301.0,2024-02-26
2024022601027201,CYCL,25,41,27.0,1177.0,31779.0,2024-02-26
2024022601027200,CYCL,25,35,100.0,1155.0,115500.0,2024-02-26
2024022601027199,CYCL,25,41,30.0,1155.0,34650.0,2024-02-26
2024022601027198,CYCL,25,47,50.0,1144.0,57200.0,2024-02-26
2024022601027197,CYCL,25,22,100.0,1141.0,114100.0,2024-02-26
2024022601027196,CYCL,25,28,17.0,1140.0,19380.0,2024-02-26
2024022601027195,CYCL,25,13,43.0,1132.2,48684.6,2024-02-26
2024022601027194,CYCL,25,47,10.0,1132.2,11322.0,2024-02-26
2024022601027193,CYCL,25,43,11.0,1132.2,12454.2,2024-02-26
2024022601027192,CYCL,25,35,50.0,1132.0,56600.0,2024-02-26
2024022601027191,CYCL,25,34,10.0,1132.0,11320.0,2024-02-26
2024022601027190,CYCL,25,43,100.0,1132.0,113200.0,2024-02-26
2024022601027189,CYCL,25,21,13.0,1128.0,14664.0,2024-02-26
2024022601027188,CYCL,25,35,23.0,1122.0,25806.0,2024-02-26
2024022601027187,CYCL,25,58,10.0,1121.9,11219.0,2024-02-26
2024022601027186,CYCL,25,4,13.0,1121.0,14573.0,2024-02-26
2024022601027185,CYCL,25,48,10.0,1121.0,11210.0,2024-02-26
2024022601027184,CYCL,25,48,13.0,1120.0,14560.0,2024-02-26
2024022601027183,CYCL,25,38,50.0,1120.0,56000.0,2024-02-26
2024022601027182,CYCL,25,58,10.0,1119.9,11199.0,2024-02-26
2024022601027181,CYCL,25,48,10.0,1112.0,11120.0,2024-02-26
2024022603005780,GUFL,33,26,30.0,620.0,18600.0,2024-02-26
2024022601027180,NABIL,42,45,300.0,433.1,129930.0,2024-02-26
2024022603005779,JFL,56,19,10.0,368.9,3689.0,2024-02-26
2024022603005778,SLBBL,21,38,78.0,571.0,44538.0,2024-02-26
2024022604009070,CHCL,25,41,100.0,461.0,46100.0,2024-02-26
2024022604009069,AKJCL,42,41,10.0,223.0,2230.0,2024-02-26
2024022604009068,RIDI,65,45,500.0,190.0,95000.0,2024-02-26
2024022604009067,RIDI,65,11,475.0,190.0,90250.0,2024-02-26
2024022604009066,RIDI,65,41,70.0,190.0,13300.0,2024-02-26
2024022604009065,RIDI,65,45,1000.0,190.0,190000.0,2024-02-26
2024022604009064,RIDI,65,45,150.0,190.0,28500.0,2024-02-26
2024022604009063,RIDI,65,53,50.0,190.0,9500.0,2024-02-26
2024022604009062,RIDI,65,42,200.0,190.0,38000.0,2024-02-26
2024022604009061,RIDI,65,47,99.0,190.0,18810.0,2024-02-26
2024022604009060,RIDI,65,59,640.0,190.0,121600.0,2024-02-26
2024022604009059,RIDI,65,59,879.0,190.0,167010.0,2024-02-26
2024022603005777,GUFL,57,26,10.0,620.0,6200.0,2024-02-26
2024022604009058,UPPER,6,42,190.0,207.8,39482.0,2024-02-26
2024022604009057,UPPER,6,21,17.0,207.0,3519.0,2024-02-26
2024022601027179,SMJC,14,34,290.0,393.0,113970.0,2024-02-26
2024022604009056,GLH,45,35,120.0,209.0,25080.0,2024-02-26
2024022601027178,SNLI,47,47,50.0,596.0,29800.0,2024-02-26
2024022605006234,NIFRA,42,45,367.0,207.3,76079.1,2024-02-26
2024022605006233,NIFRA,22,45,35.0,207.3,7255.5,2024-02-26
2024022605006232,NIFRA,56,45,142.0,207.4,29450.8,2024-02-26
2024022605006231,NIFRA,34,45,18.0,207.5,3735.0,2024-02-26
2024022605006230,NIFRA,39,45,436.0,207.9,90644.4,2024-02-26
2024022605006229,HIDCL,42,57,100.0,171.5,17150.0,2024-02-26
2024022604009055,NGPL,43,57,200.0,308.9,61780.0,2024-02-26
2024022601027177,KBSH,61,38,10.0,984.0,9840.0,2024-02-26
2024022603005776,GUFL,43,26,150.0,620.0,93000.0,2024-02-26
2024022601027176,ULHC,58,62,66.0,323.9,21377.4,2024-02-26
2024022601027175,ULHC,58,37,44.0,323.0,14212.0,2024-02-26
2024022601027174,NABIL,14,45,20.0,433.1,8662.0,2024-02-26
2024022601027173,MBJC,42,21,10.0,311.0,3110.0,2024-02-26
2024022605006228,NIFRA,39,49,64.0,207.9,13305.6,2024-02-26
2024022604009054,NGPL,43,4,50.0,308.9,15445.0,2024-02-26
2024022601027172,TSHL,77,18,10.0,506.0,5060.0,2024-02-26
2024022601027171,SBL,22,28,25.0,219.0,5475.0,2024-02-26
2024022601027170,CKHL,50,16,450.0,631.5,284175.0,2024-02-26
2024022601027169,CKHL,50,49,50.0,631.3,31565.0,2024-02-26
2024022603005775,MDB,41,38,100.0,391.0,39100.0,2024-02-26
2024022604009053,AKPL,45,50,200.0,178.0,35600.0,2024-02-26
2024022604009052,AKPL,45,41,300.0,177.9,53370.0,2024-02-26
2024022601027168,NICA,32,54,20.0,417.6,8352.0,2024-02-26
