transaction,symbol,buyer,seller,quantity,rate,amount,date
2024032104009066,HEI,66,41,10.0,592.0,5920.0,2024-03-21
2024032101023448,MMKJL,59,74,100.0,419.5,41950.0,2024-03-21
2024032101023447,RHGCL,45,53,10.0,290.0,2900.0,2024-03-21
2024032101023446,MEHL,51,45,10.0,288.0,2880.0,2024-03-21
2024032103015255,MSLB,45,16,10.0,1069.0,10690.0,2024-03-21
2024032101023445,DLBS,26,38,100.0,1408.0,140800.0,2024-03-21
2024032101023444,DLBS,26,13,10.0,1265.8,12658.0,2024-03-21
2024032101023443,DLBS,26,40,49.0,1265.8,62024.2,2024-03-21
2024032101023442,DLBS,26,42,120.0,1265.8,151896.0,2024-03-21
2024032101023441,DLBS,26,13,10.0,1265.0,12650.0,2024-03-21
2024032101023440,DLBS,26,28,10.0,1259.7,12597.0,2024-03-21
2024032101023439,DLBS,26,52,20.0,1258.0,25160.0,2024-03-21
2024032101023438,DLBS,26,49,50.0,1254.0,62700.0,2024-03-21
2024032101023437,DLBS,26,42,10.0,1254.0,12540.0,2024-03-21
2024032101023436,DLBS,26,62,10.0,1252.0,12520.0,2024-03-21
2024032101023435,DLBS,26,51,10.0,1250.7,12507.0,2024-03-21
2024032101023434,DLBS,26,43,14.0,1250.5,17507.0,2024-03-21
2024032101023433,DLBS,26,45,10.0,1245.7,12457.0,2024-03-21
2024032101023432,DLBS,26,58,10.0,1245.0,12450.0,2024-03-21
2024032101023431,DLBS,26,45,10.0,1241.4,12414.0,2024-03-21
2024032105004548,CIT,26,45,20.0,2114.0,42280.0,2024-03-21
2024032101023430,RHGCL,57,26,10.0,287.0,2870.0,2024-03-21
2024032101023429,PPL,16,29,400.0,414.0,165600.0,2024-03-21
2024032101023428,PPL,16,49,10.0,414.0,4140.0,2024-03-21
2024032101023427,PPL,16,4,10.0,414.0,4140.0,2024-03-21
2024032101023426,PPL,16,57,10.0,413.0,4130.0,2024-03-21
2024032101023425,PPL,16,21,10.0,413.0,4130.0,2024-03-21
2024032101023424,PPL,16,58,60.0,412.1,24726.0,2024-03-21
2024032103015254,KLBSL,57,55,10.0,1020.0,10200.0,2024-03-21
2024032105004547,NTC,57,44,10.0,854.0,8540.0,2024-03-21
2024032101023423,PPL,16,57,10.0,412.0,4120.0,2024-03-21
2024032103015253,SKBBL,36,34,10.0,855.0,8550.0,2024-03-21
2024032104009065,CGH,51,37,20.0,822.0,16440.0,2024-03-21
2024032104009064,KKHC,51,43,10.0,242.9,2429.0,2024-03-21
2024032103015252,NFS,45,28,300.0,398.0,119400.0,2024-03-21
2024032103015251,GUFL,32,28,92.0,855.0,78660.0,2024-03-21
2024032103015250,GUFL,22,28,50.0,855.0,42750.0,2024-03-21
2024032103015249,GUFL,34,28,10.0,855.0,8550.0,2024-03-21
2024032103015248,GUFL,52,28,10.0,855.0,8550.0,2024-03-21
2024032103015247,GUFL,53,28,500.0,855.0,427500.0,2024-03-21
2024032103015246,GUFL,42,28,20.0,855.0,17100.0,2024-03-21
2024032103015245,GUFL,57,28,55.0,855.0,47025.0,2024-03-21
2024032103015244,GUFL,56,28,100.0,855.0,85500.0,2024-03-21
2024032103015243,GUFL,32,28,50.0,855.0,42750.0,2024-03-21
2024032103015242,GUFL,34,28,100.0,855.0,85500.0,2024-03-21
2024032103015241,GUFL,47,28,10.0,855.0,8550.0,2024-03-21
2024032103015240,GUFL,58,28,100.0,855.0,85500.0,2024-03-21
2024032103015239,GUFL,57,28,20.0,855.0,17100.0,2024-03-21
2024032103015238,GUFL,35,28,39.0,855.0,33345.0,2024-03-21
2024032103015237,GUFL,69,28,50.0,855.0,42750.0,2024-03-21
2024032103015236,GUFL,38,28,59.0,855.0,50445.0,2024-03-21
2024032103015235,GUFL,41,28,50.0,855.0,42750.0,2024-03-21
2024032103015234,GUFL,16,28,100.0,855.0,85500.0,2024-03-21
2024032103015233,GUFL,1,28,800.0,855.0,684000.0,2024-03-21
2024032103015232,GUFL,16,28,200.0,855.0,171000.0,2024-03-21
2024032103015231,GUFL,34,28,100.0,855.0,85500.0,2024-03-21
2024032103015230,GUFL,47,28,50.0,855.0,42750.0,2024-03-21
2024032103015229,GUFL,37,28,200.0,855.0,171000.0,2024-03-21
2024032103015228,GUFL,55,28,1000.0,855.0,855000.0,2024-03-21
2024032103015227,GUFL,19,28,40.0,855.0,34200.0,2024-03-21
2024032103015226,GUFL,34,28,60.0,855.0,51300.0,2024-03-21
2024032103015225,GUFL,6,28,50.0,855.0,42750.0,2024-03-21
2024032103015224,GUFL,4,28,50.0,855.0,42750.0,2024-03-21
2024032103015223,GUFL,59,28,50.0,855.0,42750.0,2024-03-21
2024032103015222,GUFL,58,28,30.0,855.0,25650.0,2024-03-21
2024032103015221,GUFL,63,28,774.0,855.0,661770.0,2024-03-21
2024032103015220,GUFL,41,28,5373.0,872.0,4685256.0,2024-03-21
2024032103015219,MNBBL,38,38,10.0,361.0,3610.0,2024-03-21
2024032104009063,JOSHI,38,35,10.0,335.0,3350.0,2024-03-21
2024032101023422,CZBIL,38,32,10.0,163.8,1638.0,2024-03-21
2024032101023421,PHCL,58,59,160.0,337.0,53920.0,2024-03-21
2024032101023420,PHCL,58,8,50.0,331.6,16580.0,2024-03-21
2024032101023419,PHCL,58,45,70.0,331.5,23205.0,2024-03-21
2024032101023418,PHCL,58,80,100.0,331.5,33150.0,2024-03-21
2024032101023417,PHCL,58,67,100.0,331.5,33150.0,2024-03-21
2024032101023416,PHCL,58,6,40.0,331.5,13260.0,2024-03-21
2024032101023415,PHCL,58,51,10.0,331.0,3310.0,2024-03-21
2024032101023414,PHCL,58,49,10.0,331.0,3310.0,2024-03-21
2024032101023413,PHCL,58,11,120.0,331.0,39720.0,2024-03-21
2024032101023412,PHCL,58,49,340.0,330.9,112506.0,2024-03-21
2024032103015218,HLBSL,65,60,10.0,698.0,6980.0,2024-03-21
2024032101023411,NRM,21,4,52.0,383.3,19931.6,2024-03-21
2024032101023410,NRM,14,4,100.0,383.3,38330.0,2024-03-21
2024032101023409,NRM,35,4,100.0,383.3,38330.0,2024-03-21
2024032101023408,NRM,57,4,200.0,383.5,76700.0,2024-03-21
2024032101023407,NRM,33,4,28.0,383.5,10738.0,2024-03-21
2024032101023406,NRM,17,4,100.0,383.6,38360.0,2024-03-21
2024032101023405,NRM,45,4,20.0,383.6,7672.0,2024-03-21
2024032101023404,NRM,49,4,200.0,383.6,76720.0,2024-03-21
2024032101023403,NRM,45,4,20.0,384.0,7680.0,2024-03-21
2024032101023402,NRM,11,4,180.0,385.0,69300.0,2024-03-21
2024032101023401,SHIVM,69,13,20.0,544.0,10880.0,2024-03-21
2024032101023400,SHIVM,69,13,20.0,544.0,10880.0,2024-03-21
2024032104009062,NGPL,32,58,10.0,300.0,3000.0,2024-03-21
2024032103015217,GUFL,32,3,280.0,874.0,244720.0,2024-03-21
2024032103015216,GUFL,32,16,500.0,874.0,437000.0,2024-03-21
2024032103015215,GUFL,32,49,200.0,874.0,174800.0,2024-03-21
2024032103015214,GUFL,32,38,20.0,873.0,17460.0,2024-03-21
2024032103015213,GUFL,41,45,2000.0,872.0,1744000.0,2024-03-21
2024032103015212,GUFL,41,58,70.0,870.0,60900.0,2024-03-21
2024032103015211,GUFL,41,26,100.0,870.0,87000.0,2024-03-21
2024032103015210,GUFL,41,22,150.0,870.0,130500.0,2024-03-21
2024032103015209,GUFL,41,22,100.0,870.0,87000.0,2024-03-21
2024032103015208,GUFL,41,38,400.0,869.9,347960.0,2024-03-21
2024032103015207,GUFL,41,58,10.0,868.0,8680.0,2024-03-21
2024032101023399,NBL,41,52,50.0,223.5,11175.0,2024-03-21
2024032103015206,GUFL,41,7,30.0,867.0,26010.0,2024-03-21
2024032103015205,GUFL,41,42,250.0,867.0,216750.0,2024-03-21
2024032103015204,GUFL,41,16,140.0,866.0,121240.0,2024-03-21
2024032103015203,GUFL,41,46,17.0,865.0,14705.0,2024-03-21
2024032103015202,GUFL,41,34,284.0,865.0,245660.0,2024-03-21
2024032103015201,GUFL,41,28,10.0,865.0,8650.0,2024-03-21
2024032103015200,GUFL,41,28,200.0,863.0,172600.0,2024-03-21
2024032103015199,GUFL,41,58,30.0,860.0,25800.0,2024-03-21
2024032103015198,GUFL,41,54,271.0,860.0,233060.0,2024-03-21
2024032103015197,GUFL,41,94,420.0,859.5,360990.0,2024-03-21
2024032103015196,GUFL,41,56,100.0,859.0,85900.0,2024-03-21
2024032103015195,GUFL,41,16,45.0,856.0,38520.0,2024-03-21
2024032103015194,GUFL,63,22,138.0,855.0,117990.0,2024-03-21
2024032101023398,NRM,11,22,620.0,385.0,238700.0,2024-03-21
2024032103015193,NMBMF,18,4,10.0,597.0,5970.0,2024-03-21
2024032104009061,UMRH,36,95,450.0,349.0,157050.0,2024-03-21
2024032104009060,UMRH,44,95,300.0,349.0,104700.0,2024-03-21
2024032103015192,GMFBS,18,62,10.0,1033.0,10330.0,2024-03-21
2024032103015191,GMFBS,18,57,10.0,1030.0,10300.0,2024-03-21
2024032103015190,SINDU,35,49,420.0,358.0,150360.0,2024-03-21
2024032103015189,SINDU,35,42,580.0,358.0,207640.0,2024-03-21
2024032101023397,SONA,71,35,450.0,495.1,222795.0,2024-03-21
2024032101023396,SONA,57,35,50.0,495.1,24755.0,2024-03-21
2024032101023395,IHL,21,28,10.0,350.0,3500.0,2024-03-21
2024032101023394,IHL,21,33,10.0,349.5,3495.0,2024-03-21
2024032101023393,MKHL,21,80,10.0,370.0,3700.0,2024-03-21
2024032101023392,MKHL,21,46,30.0,369.0,11070.0,2024-03-21
2024032103015188,GILB,7,62,10.0,928.2,9282.0,2024-03-21
2024032101023391,DLBS,62,58,10.0,1230.0,12300.0,2024-03-21
2024032103015187,GILB,7,62,10.0,928.2,9282.0,2024-03-21
2024032103015186,NICLBSL,51,62,10.0,617.0,6170.0,2024-03-21
2024032101023390,CKHL,64,13,20.0,613.3,12266.0,2024-03-21
2024032101023389,BHL,64,58,50.0,343.0,17150.0,2024-03-21
2024032101023388,TVCL,64,70,10.0,495.0,4950.0,2024-03-21
2024032103015185,GUFL,25,16,45.0,856.0,38520.0,2024-03-21
2024032104009059,GHL,56,25,500.0,155.1,77550.0,2024-03-21
2024032101023387,SONA,56,38,200.0,495.9,99180.0,2024-03-21
2024032104009058,UPPER,56,88,200.0,179.5,35900.0,2024-03-21
2024032104009057,UPPER,72,88,200.0,179.5,35900.0,2024-03-21
2024032103015184,NUBL,49,25,20.0,658.1,13162.0,2024-03-21
2024032101023386,BHL,20,58,10.0,343.0,3430.0,2024-03-21
2024032103015183,SINDU,38,20,10.0,353.2,3532.0,2024-03-21
2024032101023385,MKCL,49,46,10.0,940.1,9401.0,2024-03-21
2024032103015182,FMDBL,17,49,100.0,627.4,62740.0,2024-03-21
2024032101023384,BEDC,49,52,10.0,350.0,3500.0,2024-03-21
2024032104009056,GHL,16,40,65.0,154.9,10068.5,2024-03-21
2024032104009055,GHL,4,40,20.0,155.0,3100.0,2024-03-21
2024032104009054,GHL,20,40,265.0,155.0,41075.0,2024-03-21
2024032104009053,GHL,59,40,200.0,155.0,31000.0,2024-03-21
2024032104009052,GHL,4,40,1850.0,155.0,286750.0,2024-03-21
2024032104009051,GHL,47,40,100.0,155.1,15510.0,2024-03-21
2024032101023383,ILI,72,34,10.0,538.6,5386.0,2024-03-21
2024032101023382,MKLB,34,7,10.0,849.0,8490.0,2024-03-21
2024032103015181,ILBS,62,59,50.0,885.0,44250.0,2024-03-21
2024032101023381,CZBIL,52,32,100.0,163.8,16380.0,2024-03-21
2024032101023380,CZBIL,52,62,600.0,163.0,97800.0,2024-03-21
2024032101023379,CZBIL,52,32,300.0,163.0,48900.0,2024-03-21
2024032101023378,RNLI,50,34,485.0,437.6,212236.0,2024-03-21
2024032101023377,PHCL,13,49,160.0,330.9,52944.0,2024-03-21
2024032101023376,PHCL,13,52,10.0,330.0,3300.0,2024-03-21
2024032101023375,PHCL,13,45,10.0,330.0,3300.0,2024-03-21
2024032101023374,PHCL,13,35,10.0,329.0,3290.0,2024-03-21
2024032101023373,PHCL,13,14,10.0,329.0,3290.0,2024-03-21
2024032101023372,MKLB,48,6,20.0,831.0,16620.0,2024-03-21
2024032103015180,MFIL,50,29,10.0,524.0,5240.0,2024-03-21
2024032101023371,TAMOR,32,7,270.0,385.0,103950.0,2024-03-21
2024032103015179,SHINE,7,10,10.0,376.8,3768.0,2024-03-21
2024032101023370,BGWT,65,44,57.0,632.4,36046.8,2024-03-21
2024032101023369,BGWT,65,70,100.0,632.4,63240.0,2024-03-21
2024032101023368,BGWT,65,33,10.0,632.4,6324.0,2024-03-21
2024032101023367,BGWT,65,75,30.0,632.4,18972.0,2024-03-21
2024032101023366,BGWT,65,86,65.0,632.0,41080.0,2024-03-21
2024032101023365,BGWT,65,21,100.0,632.0,63200.0,2024-03-21
2024032101023364,BGWT,65,35,130.0,632.0,82160.0,2024-03-21
2024032101023363,BGWT,65,53,100.0,632.0,63200.0,2024-03-21
2024032101023362,BGWT,65,59,300.0,632.0,189600.0,2024-03-21
2024032101023361,BGWT,65,86,485.0,632.0,306520.0,2024-03-21
2024032101023360,BGWT,65,47,100.0,632.0,63200.0,2024-03-21
2024032101023359,BGWT,65,14,300.0,632.0,189600.0,2024-03-21
2024032101023358,BGWT,65,77,200.0,632.0,126400.0,2024-03-21
2024032101023357,BGWT,65,42,10.0,632.0,6320.0,2024-03-21
2024032101023356,BGWT,65,38,41.0,632.0,25912.0,2024-03-21
2024032101023355,BGWT,65,16,300.0,632.0,189600.0,2024-03-21
2024032101023354,BGWT,65,52,12.0,631.3,7575.6,2024-03-21
2024032101023353,BGWT,65,28,10.0,631.3,6313.0,2024-03-21
2024032101023352,BGWT,65,4,500.0,631.0,315500.0,2024-03-21
2024032101023351,BGWT,65,13,30.0,631.0,18930.0,2024-03-21
2024032101023350,BGWT,65,34,10.0,630.0,6300.0,2024-03-21
2024032101023349,BGWT,65,38,10.0,630.0,6300.0,2024-03-21
2024032101023348,BGWT,65,4,10.0,630.0,6300.0,2024-03-21
2024032101023347,BGWT,65,74,130.0,629.3,81809.0,2024-03-21
2024032101023346,BGWT,65,32,10.0,629.3,6293.0,2024-03-21
2024032101023345,BGWT,65,45,190.0,629.3,119567.0,2024-03-21
2024032101023344,BGWT,65,53,200.0,629.0,125800.0,2024-03-21
2024032101023343,BGWT,65,14,10.0,629.0,6290.0,2024-03-21
2024032101023342,BGWT,65,58,10.0,629.0,6290.0,2024-03-21
2024032101023341,BGWT,65,49,10.0,629.0,6290.0,2024-03-21
2024032101023340,BGWT,65,42,30.0,628.7,18861.0,2024-03-21
2024032101023339,BGWT,65,38,40.0,628.7,25148.0,2024-03-21
2024032101023338,BGWT,65,58,100.0,628.6,62860.0,2024-03-21
2024032101023337,BGWT,65,4,10.0,628.6,6286.0,2024-03-21
2024032101023336,BGWT,65,38,10.0,628.5,6285.0,2024-03-21
2024032101023335,BGWT,65,58,10.0,628.5,6285.0,2024-03-21
2024032101023334,BGWT,65,58,10.0,628.4,6284.0,2024-03-21
2024032101023333,BGWT,65,32,10.0,628.4,6284.0,2024-03-21
2024032101023332,BGWT,65,50,10.0,628.3,6283.0,2024-03-21
2024032101023331,BGWT,65,35,10.0,628.3,6283.0,2024-03-21
2024032101023330,BGWT,65,56,10.0,628.0,6280.0,2024-03-21
2024032101023329,BGWT,65,7,50.0,628.0,31400.0,2024-03-21
2024032101023328,BGWT,65,42,50.0,628.0,31400.0,2024-03-21
2024032101023327,BGWT,65,58,10.0,628.0,6280.0,2024-03-21
2024032101023326,BGWT,65,29,10.0,628.0,6280.0,2024-03-21
2024032101023325,BGWT,65,48,10.0,628.0,6280.0,2024-03-21
2024032101023324,BGWT,65,38,500.0,627.3,313650.0,2024-03-21
2024032101023323,BGWT,65,16,500.0,627.3,313650.0,2024-03-21
2024032101023322,BGWT,65,70,100.0,627.3,62730.0,2024-03-21
2024032101023321,BGWT,65,38,500.0,627.2,313600.0,2024-03-21
2024032101023320,BGWT,65,42,10.0,627.2,6272.0,2024-03-21
2024032101023319,BGWT,65,35,190.0,627.0,119130.0,2024-03-21
2024032101023318,BGWT,65,38,20.0,627.0,12540.0,2024-03-21
2024032101023317,BGWT,65,16,100.0,625.0,62500.0,2024-03-21
2024032101023316,BGWT,65,21,100.0,625.0,62500.0,2024-03-21
2024032101023315,BGWT,65,4,200.0,625.0,125000.0,2024-03-21
2024032101023314,BGWT,65,19,10.0,625.0,6250.0,2024-03-21
2024032101023313,BGWT,65,42,10.0,625.0,6250.0,2024-03-21
2024032101023312,BGWT,65,45,500.0,625.0,312500.0,2024-03-21
2024032101023311,BGWT,65,45,10.0,625.0,6250.0,2024-03-21
2024032104009050,AKJCL,41,50,150.0,217.0,32550.0,2024-03-21
2024032101023310,BGWT,65,58,10.0,625.0,6250.0,2024-03-21
2024032101023309,BGWT,65,57,100.0,624.2,62420.0,2024-03-21
2024032101023308,BGWT,65,66,10.0,624.0,6240.0,2024-03-21
2024032101023307,BGWT,65,52,10.0,624.0,6240.0,2024-03-21
2024032101023306,BGWT,65,21,10.0,624.0,6240.0,2024-03-21
2024032101023305,BGWT,65,74,300.0,624.0,187200.0,2024-03-21
2024032101023304,BGWT,65,58,650.0,623.5,405275.0,2024-03-21
2024032101023303,BGWT,65,16,200.0,622.0,124400.0,2024-03-21
2024032101023302,BGWT,65,54,400.0,620.0,248000.0,2024-03-21
2024032101023301,BGWT,65,17,200.0,620.0,124000.0,2024-03-21
2024032101023300,BGWT,65,4,1510.0,619.9,936049.0,2024-03-21
2024032101023299,SMH,50,41,20.0,675.9,13518.0,2024-03-21
2024032101023298,SMH,50,74,10.0,660.0,6600.0,2024-03-21
2024032104009049,API,32,50,20.0,181.0,3620.0,2024-03-21
2024032101023297,DORDI,77,64,597.0,452.8,270321.6,2024-03-21
2024032101023296,DORDI,77,33,160.0,452.0,72320.0,2024-03-21
2024032101023295,DORDI,77,63,10.0,452.0,4520.0,2024-03-21
2024032101023294,DORDI,77,35,10.0,452.0,4520.0,2024-03-21
2024032101023293,DORDI,77,4,125.0,452.0,56500.0,2024-03-21
2024032101023292,DORDI,77,38,10.0,451.4,4514.0,2024-03-21
2024032101023291,DORDI,77,39,270.0,451.0,121770.0,2024-03-21
2024032101023290,DORDI,77,4,10.0,451.0,4510.0,2024-03-21
2024032101023289,DORDI,77,81,1000.0,450.8,450800.0,2024-03-21
2024032101023288,DORDI,77,13,10.0,450.5,4505.0,2024-03-21
2024032101023287,DORDI,77,13,40.0,450.0,18000.0,2024-03-21
2024032101023286,DORDI,77,32,100.0,450.0,45000.0,2024-03-21
2024032101023285,DORDI,77,14,300.0,450.0,135000.0,2024-03-21
2024032101023284,DORDI,77,38,330.0,450.0,148500.0,2024-03-21
2024032101023283,DORDI,77,45,50.0,450.0,22500.0,2024-03-21
2024032101023282,DORDI,77,59,500.0,450.0,225000.0,2024-03-21
2024032101023281,DORDI,77,34,100.0,450.0,45000.0,2024-03-21
2024032101023280,DORDI,77,25,10.0,450.0,4500.0,2024-03-21
2024032101023279,DORDI,77,8,329.0,450.0,148050.0,2024-03-21
2024032101023278,DORDI,77,13,126.0,449.9,56687.4,2024-03-21
2024032101023277,DORDI,77,57,100.0,448.0,44800.0,2024-03-21
2024032101023276,DORDI,77,5,50.0,447.9,22395.0,2024-03-21
2024032101023275,DORDI,77,38,50.0,447.9,22395.0,2024-03-21
2024032101023274,DORDI,77,50,100.0,447.0,44700.0,2024-03-21
2024032101023273,DORDI,77,34,100.0,447.0,44700.0,2024-03-21
2024032101023272,DORDI,77,17,360.0,445.0,160200.0,2024-03-21
2024032101023271,DORDI,77,38,153.0,442.0,67626.0,2024-03-21
2024032103015178,SJLIC,77,45,10.0,522.0,5220.0,2024-03-21
2024032103015177,MNBBL,42,38,200.0,361.0,72200.0,2024-03-21
2024032103015176,ALBSL,38,42,100.0,755.0,75500.0,2024-03-21
2024032101023270,SNLI,42,52,50.0,609.0,30450.0,2024-03-21
2024032103015175,NICLBSL,55,50,423.0,620.0,262260.0,2024-03-21
2024032103015174,NICLBSL,55,35,180.0,619.0,111420.0,2024-03-21
2024032103015173,NICLBSL,55,1,10.0,619.0,6190.0,2024-03-21
2024032103015172,NICLBSL,55,44,35.0,619.0,21665.0,2024-03-21
2024032103015171,NICLBSL,55,1,12.0,618.8,7425.6,2024-03-21
2024032103015170,NICLBSL,55,37,40.0,618.7,24748.0,2024-03-21
2024032103015169,SAPDBL,71,44,10.0,303.0,3030.0,2024-03-21
2024032103015168,GUFL,71,16,80.0,856.0,68480.0,2024-03-21
2024032103015167,GUFL,71,49,20.0,856.0,17120.0,2024-03-21
2024032101023269,PHCL,44,14,10.0,329.0,3290.0,2024-03-21
2024032101023268,PCBL,44,66,39.0,195.9,7640.1,2024-03-21
2024032101023267,PCBL,44,51,106.0,195.8,20754.8,2024-03-21
2024032101023266,PCBL,44,20,100.0,195.8,19580.0,2024-03-21
2024032101023265,PCBL,44,56,55.0,195.8,10769.0,2024-03-21
2024032103015166,KSBBL,17,14,315.0,362.0,114030.0,2024-03-21
2024032103015165,KSBBL,17,14,80.0,362.0,28960.0,2024-03-21
2024032103015164,KSBBL,42,14,105.0,363.0,38115.0,2024-03-21
2024032101023264,PHCL,58,58,2515.0,324.5,816117.5,2024-03-21
2024032101023263,PHCL,17,58,300.0,324.6,97380.0,2024-03-21
2024032101023262,PHCL,14,58,200.0,324.6,64920.0,2024-03-21
2024032101023261,PHCL,25,58,10.0,324.7,3247.0,2024-03-21
2024032101023260,PHCL,55,58,300.0,324.8,97440.0,2024-03-21
2024032101023259,PHCL,45,58,25.0,324.8,8120.0,2024-03-21
2024032101023258,PHCL,6,58,20.0,324.8,6496.0,2024-03-21
2024032101023257,PHCL,58,58,1430.0,324.8,464464.0,2024-03-21
2024032101023256,PHCL,34,58,50.0,325.0,16250.0,2024-03-21
2024032101023255,PHCL,53,58,50.0,325.0,16250.0,2024-03-21
2024032101023254,PHCL,42,58,125.0,325.0,40625.0,2024-03-21
2024032103015163,KRBL,58,58,50.0,442.4,22120.0,2024-03-21
2024032103015162,KRBL,58,16,500.0,442.0,221000.0,2024-03-21
2024032103015161,KRBL,58,25,1000.0,433.0,433000.0,2024-03-21
2024032103015160,KRBL,58,59,40.0,418.2,16728.0,2024-03-21
2024032103015159,KRBL,58,17,100.0,418.2,41820.0,2024-03-21
2024032103015158,KRBL,58,29,500.0,418.2,209100.0,2024-03-21
2024032103015157,KRBL,58,58,500.0,418.2,209100.0,2024-03-21
2024032103015156,KRBL,58,21,50.0,418.2,20910.0,2024-03-21
2024032103015155,KRBL,58,62,200.0,418.2,83640.0,2024-03-21
2024032103015154,KRBL,58,35,500.0,418.0,209000.0,2024-03-21
2024032103015153,KRBL,58,91,200.0,418.0,83600.0,2024-03-21
2024032103015152,KRBL,58,36,200.0,418.0,83600.0,2024-03-21
2024032103015151,KRBL,58,62,300.0,418.0,125400.0,2024-03-21
2024032103015150,KRBL,58,49,30.0,418.0,12540.0,2024-03-21
2024032103015149,KRBL,58,58,100.0,418.0,41800.0,2024-03-21
2024032103015148,KRBL,58,21,10.0,417.6,4176.0,2024-03-21
2024032103015147,KRBL,58,51,100.0,416.6,41660.0,2024-03-21
2024032103015146,KRBL,58,58,100.0,416.0,41600.0,2024-03-21
2024032103015145,KRBL,58,91,100.0,415.9,41590.0,2024-03-21
2024032103015144,KRBL,58,6,300.0,415.5,124650.0,2024-03-21
2024032103015143,KRBL,58,17,88.0,415.0,36520.0,2024-03-21
2024032103015142,KRBL,58,42,100.0,415.0,41500.0,2024-03-21
2024032103015141,KRBL,58,55,100.0,415.0,41500.0,2024-03-21
2024032103015140,KRBL,58,21,30.0,415.0,12450.0,2024-03-21
2024032103015139,KRBL,58,6,100.0,415.0,41500.0,2024-03-21
2024032103015138,KRBL,58,1,14.0,414.2,5798.8,2024-03-21
2024032103015137,KRBL,58,54,300.0,414.0,124200.0,2024-03-21
2024032103015136,KRBL,58,55,100.0,413.0,41300.0,2024-03-21
2024032103015135,KRBL,58,45,400.0,412.0,164800.0,2024-03-21
2024032103015134,KRBL,58,51,20.0,410.0,8200.0,2024-03-21
2024032103015133,KRBL,58,57,100.0,410.0,41000.0,2024-03-21
2024032103015132,KRBL,58,42,500.0,410.0,205000.0,2024-03-21
2024032103015131,KRBL,58,58,1139.0,410.0,466990.0,2024-03-21
2024032103015130,WNLB,54,49,10.0,1100.0,11000.0,2024-03-21
2024032103015129,SJLIC,91,17,900.0,520.1,468090.0,2024-03-21
2024032101023253,KBL,17,39,100.0,140.6,14060.0,2024-03-21
2024032101023252,SHIVM,42,45,20.0,542.0,10840.0,2024-03-21
2024032101023251,SHIVM,55,45,90.0,542.0,48780.0,2024-03-21
2024032101023250,SHIVM,45,45,200.0,542.0,108400.0,2024-03-21
2024032101023249,SHIVM,41,45,120.0,542.0,65040.0,2024-03-21
2024032101023248,SHIVM,25,45,60.0,542.0,32520.0,2024-03-21
2024032101023247,SHIVM,38,45,10.0,543.0,5430.0,2024-03-21
2024032103015128,SABSL,45,51,130.0,729.0,94770.0,2024-03-21
2024032103015127,SABSL,45,42,21.0,729.0,15309.0,2024-03-21
2024032103015126,SABSL,45,38,30.0,728.0,21840.0,2024-03-21
2024032103015125,SABSL,45,57,19.0,727.0,13813.0,2024-03-21
2024032103015124,JBBL,45,35,10.0,300.0,3000.0,2024-03-21
2024032104009048,AKJCL,41,45,470.0,217.0,101990.0,2024-03-21
2024032103015123,HLI,58,45,21.0,410.0,8610.0,2024-03-21
2024032103015122,GMFIL,45,37,30.0,366.0,10980.0,2024-03-21
2024032101023246,MHCL,16,94,10.0,440.0,4400.0,2024-03-21
2024032103015121,GUFL,63,57,200.0,855.0,171000.0,2024-03-21
2024032101023245,NYADI,66,51,20.0,291.2,5824.0,2024-03-21
2024032103015120,SFCL,17,28,40.0,326.0,13040.0,2024-03-21
2024032103015119,SFCL,41,28,100.0,326.0,32600.0,2024-03-21
2024032103015118,SFCL,28,28,100.0,326.0,32600.0,2024-03-21
2024032103015117,SFCL,46,28,100.0,326.1,32610.0,2024-03-21
2024032103015116,SFCL,50,28,160.0,326.2,52192.0,2024-03-21
2024032103015115,DDBL,38,42,10.0,799.0,7990.0,2024-03-21
2024032101023244,SRLI,38,34,10.0,452.0,4520.0,2024-03-21
2024032101023243,SHIVM,86,13,47.0,544.0,25568.0,2024-03-21
2024032101023242,SHIVM,86,34,100.0,543.9,54390.0,2024-03-21
2024032101023241,SHIVM,86,35,100.0,543.0,54300.0,2024-03-21
2024032101023240,SHIVM,86,16,120.0,543.0,65160.0,2024-03-21
2024032101023239,SHIVM,86,48,2513.0,543.0,1364559.0,2024-03-21
2024032101023238,SHIVM,86,13,400.0,543.0,217200.0,2024-03-21
2024032101023237,SHIVM,86,50,500.0,543.0,271500.0,2024-03-21
2024032101023236,SHIVM,86,3,50.0,543.0,27150.0,2024-03-21
2024032101023235,SHIVM,86,33,50.0,543.0,27150.0,2024-03-21
2024032101023234,SHIVM,86,89,350.0,543.0,190050.0,2024-03-21
2024032101023233,SHIVM,86,34,770.0,542.9,418033.0,2024-03-21
2024032103015114,GUFL,72,49,10.0,856.0,8560.0,2024-03-21
2024032103015113,GUFL,63,72,1000.0,855.0,855000.0,2024-03-21
2024032103015112,CORBL,14,69,13.0,427.0,5551.0,2024-03-21
2024032101023232,TAMOR,32,59,610.0,385.0,234850.0,2024-03-21
2024032101023231,TAMOR,32,34,30.0,384.9,11547.0,2024-03-21
2024032101023230,TAMOR,32,81,80.0,384.0,30720.0,2024-03-21
2024032101023229,TAMOR,32,57,10.0,382.0,3820.0,2024-03-21
2024032101023228,MHCL,6,35,10.0,439.3,4393.0,2024-03-21
2024032101023227,RFPL,20,35,10.0,381.0,3810.0,2024-03-21
2024032103015111,ICFC,58,10,72.0,519.0,37368.0,2024-03-21
2024032103015110,ICFC,16,10,20.0,520.0,10400.0,2024-03-21
2024032103015109,ICFC,34,10,25.0,520.0,13000.0,2024-03-21
2024032103015108,ICFC,19,10,20.0,520.0,10400.0,2024-03-21
2024032103015107,ICFC,26,10,463.0,520.0,240760.0,2024-03-21
2024032104009047,UNHPL,21,43,10.0,237.4,2374.0,2024-03-21
2024032104009046,RADHI,21,38,143.0,243.0,34749.0,2024-03-21
2024032103015106,GUFL,63,21,500.0,855.0,427500.0,2024-03-21
2024032101023226,VLUCL,41,62,85.0,513.2,43622.0,2024-03-21
2024032101023225,VLUCL,16,62,80.0,513.2,41056.0,2024-03-21
2024032101023224,VLUCL,58,62,30.0,513.5,15405.0,2024-03-21
2024032101023223,VLUCL,6,62,100.0,513.5,51350.0,2024-03-21
2024032101023222,VLUCL,58,62,100.0,513.5,51350.0,2024-03-21
2024032101023221,VLUCL,34,62,50.0,513.5,25675.0,2024-03-21
2024032101023220,VLUCL,26,62,65.0,513.5,33377.5,2024-03-21
2024032101023219,VLUCL,58,62,100.0,513.6,51360.0,2024-03-21
2024032101023218,VLUCL,59,62,20.0,513.6,10272.0,2024-03-21
2024032101023217,VLUCL,50,62,50.0,513.8,25690.0,2024-03-21
2024032101023216,VLUCL,45,62,300.0,514.0,154200.0,2024-03-21
2024032101023215,VLUCL,45,62,20.0,514.0,10280.0,2024-03-21
2024032101023214,GCIL,55,64,300.0,530.2,159060.0,2024-03-21
2024032103015105,NADEP,58,69,204.0,674.9,137679.6,2024-03-21
2024032103015104,NADEP,58,52,60.0,674.0,40440.0,2024-03-21
2024032103015103,NADEP,58,49,100.0,674.0,67400.0,2024-03-21
2024032104009045,SSHL,42,29,280.0,164.5,46060.0,2024-03-21
2024032104009044,SSHL,54,29,20.0,164.7,3294.0,2024-03-21
2024032104009043,SHPC,5,26,10.0,345.0,3450.0,2024-03-21
2024032103015102,NUBL,56,8,10.0,661.9,6619.0,2024-03-21
2024032101023213,IHL,65,33,90.0,349.5,31455.0,2024-03-21
2024032101023212,SHIVM,25,19,50.0,542.0,27100.0,2024-03-21
2024032101023211,JALPA,1,49,10.0,1241.0,12410.0,2024-03-21
2024032103015101,KRBL,58,49,1000.0,408.2,408200.0,2024-03-21
2024032101023210,SNLI,59,52,10.0,609.0,6090.0,2024-03-21
2024032101023209,SNLI,33,52,20.0,609.0,12180.0,2024-03-21
2024032101023208,SNLI,48,52,135.0,609.9,82336.5,2024-03-21
2024032101023207,SONA,52,38,500.0,495.9,247950.0,2024-03-21
2024032103015100,SJLIC,34,45,10.0,522.0,5220.0,2024-03-21
2024032103015099,FMDBL,34,29,10.0,630.0,6300.0,2024-03-21
2024032103015098,MPFL,43,13,300.0,378.0,113400.0,2024-03-21
2024032103015097,MPFL,45,13,200.0,378.0,75600.0,2024-03-21
2024032103015096,MPFL,34,13,50.0,378.0,18900.0,2024-03-21
2024032103015095,SINDU,32,6,200.0,357.0,71400.0,2024-03-21
2024032103015094,GUFL,63,65,146.0,855.0,124830.0,2024-03-21
2024032103015093,GUFL,44,65,204.0,858.0,175032.0,2024-03-21
2024032101023206,SAHAS,6,50,100.0,527.1,52710.0,2024-03-21
2024032105004546,NRN,55,34,100.0,537.2,53720.0,2024-03-21
2024032105004545,NRN,5,34,100.0,538.1,53810.0,2024-03-21
2024032105004544,NRN,50,34,300.0,538.5,161550.0,2024-03-21
2024032105004543,NRN,42,34,500.0,539.0,269500.0,2024-03-21
2024032103015092,SAPDBL,11,50,190.0,302.1,57399.0,2024-03-21
2024032103015091,SAPDBL,39,50,10.0,302.1,3021.0,2024-03-21
2024032104009042,HEI,16,34,50.0,591.0,29550.0,2024-03-21
2024032101023205,TAMOR,8,81,300.0,380.0,114000.0,2024-03-21
2024032101023204,TAMOR,64,81,700.0,380.0,266000.0,2024-03-21
2024032103015090,EDBL,42,56,10.0,361.0,3610.0,2024-03-21
2024032101023203,HDL,42,42,10.0,1539.0,15390.0,2024-03-21
2024032101023202,EHPL,42,39,100.0,439.9,43990.0,2024-03-21
2024032101023201,DLBS,34,42,10.0,1226.2,12262.0,2024-03-21
2024032103015089,MPFL,47,43,300.0,380.0,114000.0,2024-03-21
2024032103015088,KRBL,58,47,500.0,408.2,204100.0,2024-03-21
2024032104009041,MEN,55,45,513.0,555.0,284715.0,2024-03-21
2024032104009040,MEN,55,45,30.0,554.0,16620.0,2024-03-21
2024032104009039,MEN,55,56,180.0,553.0,99540.0,2024-03-21
2024032104009038,MEN,55,35,200.0,552.8,110560.0,2024-03-21
2024032103015087,NFS,45,71,100.0,398.0,39800.0,2024-03-21
2024032101023200,MBL,14,44,15.0,182.0,2730.0,2024-03-21
2024032103015086,GUFL,44,1,200.0,856.0,171200.0,2024-03-21
2024032103015085,GUFL,44,57,96.0,856.0,82176.0,2024-03-21
2024032101023199,CITY,39,65,10.0,605.0,6050.0,2024-03-21
2024032101023198,CITY,39,42,40.0,604.9,24196.0,2024-03-21
2024032101023197,SONA,57,26,50.0,495.1,24755.0,2024-03-21
2024032101023196,SONA,49,26,10.0,495.1,4951.0,2024-03-21
2024032101023195,SONA,75,26,640.0,495.2,316928.0,2024-03-21
2024032101023194,SONA,75,45,240.0,495.2,118848.0,2024-03-21
2024032103015084,RLFL,45,57,10.0,371.0,3710.0,2024-03-21
2024032103015083,PROFL,57,11,50.0,327.0,16350.0,2024-03-21
2024032103015082,PROFL,57,34,50.0,327.0,16350.0,2024-03-21
2024032103015081,KMCDB,5,57,184.0,812.0,149408.0,2024-03-21
2024032101023193,SONA,75,57,100.0,495.2,49520.0,2024-03-21
2024032103015080,NFS,45,38,50.0,398.0,19900.0,2024-03-21
2024032104009037,JOSHI,86,35,27.0,335.0,9045.0,2024-03-21
2024032104009036,JOSHI,86,39,783.0,335.0,262305.0,2024-03-21
2024032104009035,JOSHI,86,85,100.0,334.9,33490.0,2024-03-21
2024032104009034,JOSHI,86,52,90.0,334.0,30060.0,2024-03-21
2024032101023192,VLUCL,4,45,295.0,517.9,152780.5,2024-03-21
2024032101023191,VLUCL,4,48,150.0,517.4,77610.0,2024-03-21
2024032101023190,VLUCL,4,49,10.0,517.0,5170.0,2024-03-21
2024032101023189,VLUCL,4,11,10.0,517.0,5170.0,2024-03-21
2024032101023188,VLUCL,4,34,335.0,517.0,173195.0,2024-03-21
2024032103015079,BFC,4,1,26.0,353.0,9178.0,2024-03-21
2024032105004542,NRN,4,57,10.0,540.0,5400.0,2024-03-21
2024032105004541,NRN,4,57,10.0,540.0,5400.0,2024-03-21
2024032101023187,PRVU,11,34,29.0,143.0,4147.0,2024-03-21
2024032101023186,PRVU,11,25,500.0,143.0,71500.0,2024-03-21
2024032101023185,PRVU,11,18,90.0,143.0,12870.0,2024-03-21
2024032105004540,HRL,22,38,100.0,606.5,60650.0,2024-03-21
2024032101023184,MHCL,35,94,20.0,440.0,8800.0,2024-03-21
2024032103015078,MNBBL,4,21,15.0,360.1,5401.5,2024-03-21
2024032101023183,SNLI,21,33,10.0,610.0,6100.0,2024-03-21
2024032103015077,USLB,33,62,36.0,1705.0,61380.0,2024-03-21
2024032103015076,USLB,55,62,60.0,1715.0,102900.0,2024-03-21
2024032101023182,HHL,64,41,50.0,334.0,16700.0,2024-03-21
2024032105004539,HRL,64,38,200.0,606.5,121300.0,2024-03-21
2024032103015075,PMLI,58,64,10.0,532.0,5320.0,2024-03-21
2024032103015074,PMLI,58,34,274.0,530.0,145220.0,2024-03-21
2024032103015073,PMLI,58,34,10.0,528.5,5285.0,2024-03-21
2024032101023181,MHCL,33,94,70.0,440.0,30800.0,2024-03-21
2024032104009033,NGPL,33,58,414.0,300.0,124200.0,2024-03-21
2024032104009032,NGPL,33,45,23.0,300.0,6900.0,2024-03-21
2024032104009031,NGPL,33,54,500.0,300.0,150000.0,2024-03-21
2024032104009030,NGPL,33,51,63.0,300.0,18900.0,2024-03-21
2024032103015072,RSDC,25,49,10.0,604.0,6040.0,2024-03-21
2024032103015071,GBBL,25,44,10.0,373.0,3730.0,2024-03-21
2024032103015070,GBBL,25,44,25.0,373.0,9325.0,2024-03-21
2024032103015069,GBBL,25,13,300.0,373.0,111900.0,2024-03-21
2024032103015068,GBBL,25,6,150.0,373.0,55950.0,2024-03-21
2024032103015067,GBBL,25,38,10.0,373.0,3730.0,2024-03-21
2024032104009029,AKJCL,41,40,10.0,217.0,2170.0,2024-03-21
2024032104009028,AKJCL,43,40,100.0,217.0,21700.0,2024-03-21
2024032104009027,AKJCL,42,40,100.0,217.0,21700.0,2024-03-21
2024032104009026,AKJCL,22,40,10.0,217.0,2170.0,2024-03-21
2024032104009025,AKJCL,34,40,501.0,217.0,108717.0,2024-03-21
2024032104009024,AKJCL,26,40,200.0,217.0,43400.0,2024-03-21
2024032104009023,AKJCL,57,40,100.0,217.0,21700.0,2024-03-21
2024032104009022,AKJCL,38,40,29.0,217.0,6293.0,2024-03-21
2024032104009021,AKJCL,38,40,50.0,217.1,10855.0,2024-03-21
2024032104009020,AKJCL,38,40,800.0,217.2,173760.0,2024-03-21
2024032104009019,AKJCL,48,40,100.0,217.5,21750.0,2024-03-21
2024032101023180,GCIL,40,38,40.0,532.0,21280.0,2024-03-21
2024032101023179,GCIL,40,85,60.0,532.0,31920.0,2024-03-21
2024032101023178,GBIME,28,40,1409.0,187.3,263905.7,2024-03-21
2024032101023177,GBIME,38,40,200.0,188.0,37600.0,2024-03-21
2024032103015066,MFIL,59,59,97.0,524.0,50828.0,2024-03-21
2024032103015065,MFIL,59,62,40.0,524.0,20960.0,2024-03-21
2024032104009018,SHEL,45,13,200.0,203.1,40620.0,2024-03-21
2024032103015064,GUFL,63,48,50.0,855.0,42750.0,2024-03-21
2024032101023176,GCIL,55,6,10.0,530.2,5302.0,2024-03-21
2024032103015063,PFL,59,6,310.0,412.0,127720.0,2024-03-21
2024032103015062,PFL,58,6,130.0,412.1,53573.0,2024-03-21
2024032103015061,PFL,39,6,10.0,412.6,4126.0,2024-03-21
2024032103015060,PFL,29,6,50.0,413.0,20650.0,2024-03-21
2024032101023175,MKLB,34,6,20.0,844.0,16880.0,2024-03-21
2024032101023174,MKLB,34,88,10.0,843.0,8430.0,2024-03-21
2024032101023173,MEL,58,46,10.0,215.2,2152.0,2024-03-21
2024032103015059,SABSL,34,57,55.0,720.0,39600.0,2024-03-21
2024032103015058,SABSL,34,17,68.0,720.0,48960.0,2024-03-21
2024032105004538,HRL,42,38,30.0,606.5,18195.0,2024-03-21
2024032105004537,NIFRA,43,47,30.0,206.9,6207.0,2024-03-21
2024032104009017,RBCL,42,72,10.0,13949.0,139490.0,2024-03-21
2024032104009016,NICL,55,42,12.0,842.0,10104.0,2024-03-21
2024032104009015,NICL,50,42,50.0,842.0,42100.0,2024-03-21
2024032103015057,SHINE,55,50,292.0,375.6,109675.2,2024-03-21
2024032103015056,SHINE,55,52,699.0,375.3,262334.7,2024-03-21
2024032101023172,RFPL,71,45,70.0,385.0,26950.0,2024-03-21
2024032101023171,RFPL,71,94,100.0,385.0,38500.0,2024-03-21
2024032101023170,RFPL,71,49,10.0,385.0,3850.0,2024-03-21
2024032101023169,RFPL,71,49,10.0,385.0,3850.0,2024-03-21
2024032101023168,RFPL,71,49,10.0,385.0,3850.0,2024-03-21
2024032101023167,RFPL,71,58,10.0,384.5,3845.0,2024-03-21
2024032101023166,RFPL,71,58,50.0,384.1,19205.0,2024-03-21
2024032101023165,RFPL,71,17,150.0,384.0,57600.0,2024-03-21
2024032101023164,RFPL,71,45,90.0,382.1,34389.0,2024-03-21
2024032101023163,SMHL,56,71,50.0,436.6,21830.0,2024-03-21
2024032103015055,HLBSL,33,44,1000.0,697.2,697200.0,2024-03-21
2024032101023162,SRLI,45,54,10.0,450.0,4500.0,2024-03-21
2024032103015054,CFCL,13,17,50.0,359.0,17950.0,2024-03-21
2024032104009014,NICL,50,80,80.0,842.0,67360.0,2024-03-21
2024032104009013,NICL,57,80,20.0,842.7,16854.0,2024-03-21
2024032104009012,HPPL,4,39,20.0,270.8,5416.0,2024-03-21
2024032103015053,FMDBL,17,1,100.0,627.4,62740.0,2024-03-21
2024032101023161,CKHL,58,13,30.0,613.3,18399.0,2024-03-21
2024032101023160,CKHL,58,26,300.0,613.0,183900.0,2024-03-21
2024032101023159,CKHL,58,7,60.0,613.0,36780.0,2024-03-21
2024032101023158,CKHL,58,58,1000.0,613.0,613000.0,2024-03-21
2024032101023157,CKHL,58,52,10.0,612.9,6129.0,2024-03-21
2024032101023156,CKHL,58,1,10.0,612.0,6120.0,2024-03-21
2024032101023155,CKHL,58,4,10.0,612.0,6120.0,2024-03-21
2024032101023154,CKHL,58,66,300.0,610.0,183000.0,2024-03-21
2024032101023153,CKHL,58,35,10.0,610.0,6100.0,2024-03-21
2024032101023152,CKHL,58,49,10.0,610.0,6100.0,2024-03-21
2024032101023151,CKHL,58,16,10.0,610.0,6100.0,2024-03-21
2024032101023150,CKHL,58,34,143.0,609.8,87201.4,2024-03-21
2024032101023149,CKHL,58,58,10.0,609.7,6097.0,2024-03-21
2024032101023148,CKHL,58,20,17.0,609.6,10363.2,2024-03-21
2024032101023147,CKHL,58,41,80.0,605.0,48400.0,2024-03-21
2024032101023146,SBL,43,16,470.0,225.0,105750.0,2024-03-21
2024032103015052,MDB,45,40,10.0,422.0,4220.0,2024-03-21
2024032104009011,GHL,45,38,180.0,156.0,28080.0,2024-03-21
2024032104009010,GHL,45,34,20.0,156.0,3120.0,2024-03-21
2024032104009009,PPCL,45,17,10.0,250.0,2500.0,2024-03-21
2024032104009008,MEN,58,45,30.0,552.1,16563.0,2024-03-21
2024032104009007,UPPER,72,16,200.0,179.5,35900.0,2024-03-21
2024032105004536,CIT,41,36,10.0,2113.1,21131.0,2024-03-21
2024032104009006,UMRH,57,11,20.0,350.0,7000.0,2024-03-21
2024032101023145,MHCL,38,94,10.0,440.0,4400.0,2024-03-21
2024032101023144,ULHC,38,46,10.0,316.8,3168.0,2024-03-21
2024032104009005,LEC,38,54,90.0,185.0,16650.0,2024-03-21
2024032104009004,LEC,38,35,10.0,185.0,1850.0,2024-03-21
2024032105004535,HRL,42,38,46.0,607.0,27922.0,2024-03-21
2024032103015051,SFCL,38,38,80.0,326.5,26120.0,2024-03-21
2024032103015050,HLI,58,11,60.0,410.0,24600.0,2024-03-21
2024032101023143,USHEC,58,32,200.0,350.5,70100.0,2024-03-21
2024032101023142,SNLI,22,33,30.0,610.0,18300.0,2024-03-21
2024032104009003,AKJCL,22,22,20.0,218.0,4360.0,2024-03-21
2024032101023141,EHPL,18,39,10.0,439.9,4399.0,2024-03-21
2024032101023140,EHPL,18,11,200.0,432.2,86440.0,2024-03-21
2024032101023139,DOLTI,18,6,21.0,373.0,7833.0,2024-03-21
2024032101023138,DOLTI,18,53,39.0,372.9,14543.1,2024-03-21
2024032104009002,UPCL,35,36,10.0,213.0,2130.0,2024-03-21
2024032104009001,CHL,57,35,100.0,288.1,28810.0,2024-03-21
2024032104009000,CHL,37,35,10.0,288.2,2882.0,2024-03-21
2024032101023137,SCB,19,35,75.0,520.0,39000.0,2024-03-21
2024032101023136,SCB,13,35,57.0,520.0,29640.0,2024-03-21
2024032104008999,UMHL,21,58,10.0,252.9,2529.0,2024-03-21
2024032103015049,PMLI,8,21,40.0,528.1,21124.0,2024-03-21
2024032103015048,PMLI,38,21,10.0,528.5,5285.0,2024-03-21
2024032103015047,PFL,41,38,57.0,414.0,23598.0,2024-03-21
2024032103015046,PFL,41,81,43.0,414.0,17802.0,2024-03-21
2024032103015045,MNBBL,41,38,20.0,361.0,7220.0,2024-03-21
2024032101023135,KBL,64,55,18.0,140.5,2529.0,2024-03-21
2024032103015044,ALICL,14,29,40.0,572.6,22904.0,2024-03-21
2024032104008998,NGPL,29,51,137.0,300.0,41100.0,2024-03-21
2024032104008997,NGPL,29,58,13.0,300.0,3900.0,2024-03-21
2024032103015043,GFCL,36,33,50.0,476.0,23800.0,2024-03-21
2024032103015042,GFCL,49,33,14.0,476.0,6664.0,2024-03-21
2024032103015041,CBBL,57,58,50.0,866.0,43300.0,2024-03-21
2024032103015040,CBBL,22,58,50.0,866.0,43300.0,2024-03-21
2024032103015039,CBBL,3,58,10.0,866.0,8660.0,2024-03-21
2024032103015038,CBBL,26,58,20.0,866.1,17322.0,2024-03-21
2024032103015037,CBBL,43,58,36.0,866.1,31179.6,2024-03-21
2024032103015036,CBBL,41,58,24.0,866.5,20796.0,2024-03-21
2024032103015035,NMBMF,58,51,82.0,596.0,48872.0,2024-03-21
2024032101023134,SBI,58,17,490.0,292.4,143276.0,2024-03-21
2024032101023133,RNLI,58,57,20.0,439.0,8780.0,2024-03-21
2024032103015034,ACLBSL,49,36,10.0,747.0,7470.0,2024-03-21
2024032101023132,USHL,18,49,10.0,477.0,4770.0,2024-03-21
2024032101023131,USHL,18,49,90.0,477.0,42930.0,2024-03-21
2024032104008996,MEN,58,52,100.0,552.1,55210.0,2024-03-21
2024032104008995,UPPER,59,38,100.0,179.6,17960.0,2024-03-21
2024032104008994,KPCL,55,50,357.0,410.0,146370.0,2024-03-21
2024032104008993,KPCL,55,50,143.0,410.0,58630.0,2024-03-21
2024032103015033,GMFIL,13,37,600.0,366.0,219600.0,2024-03-21
2024032103015032,GMFIL,58,37,395.0,366.0,144570.0,2024-03-21
2024032103015031,GMFIL,43,37,40.0,366.0,14640.0,2024-03-21
2024032101023130,RHGCL,57,37,90.0,287.0,25830.0,2024-03-21
2024032101023129,RHGCL,45,37,100.0,287.2,28720.0,2024-03-21
2024032101023128,RHGCL,46,37,10.0,287.2,2872.0,2024-03-21
2024032101023127,RHGCL,14,37,300.0,288.0,86400.0,2024-03-21
2024032103015030,GBBL,4,47,400.0,372.0,148800.0,2024-03-21
2024032101023126,MBJC,47,49,10.0,315.0,3150.0,2024-03-21
2024032101023125,MBJC,47,45,10.0,314.0,3140.0,2024-03-21
2024032103015029,GBLBS,65,34,20.0,641.0,12820.0,2024-03-21
2024032105004534,HRL,42,57,20.0,606.3,12126.0,2024-03-21
2024032101023124,PCBL,17,55,134.0,195.0,26130.0,2024-03-21
2024032103015028,SHINE,63,34,17.0,375.2,6378.4,2024-03-21
2024032103015027,MLBL,34,41,10.0,331.0,3310.0,2024-03-21
2024032104008992,IGI,34,17,10.0,543.8,5438.0,2024-03-21
2024032101023123,PPL,62,54,10.0,410.0,4100.0,2024-03-21
2024032103015026,FMDBL,17,39,34.0,627.4,21331.6,2024-03-21
2024032104008991,SHL,66,42,100.0,443.0,44300.0,2024-03-21
2024032104008990,SHL,66,11,400.0,443.0,177200.0,2024-03-21
2024032103015025,KLBSL,58,39,48.0,1020.0,48960.0,2024-03-21
2024032103015024,KLBSL,58,39,10.0,1020.0,10200.0,2024-03-21
2024032104008989,UPPER,26,38,1000.0,179.6,179600.0,2024-03-21
2024032104008988,RIDI,14,45,45.0,188.2,8469.0,2024-03-21
2024032104008987,RIDI,55,45,35.0,188.4,6594.0,2024-03-21
2024032104008986,LEC,45,35,100.0,185.0,18500.0,2024-03-21
2024032104008985,GHL,45,34,200.0,156.0,31200.0,2024-03-21
2024032101023122,SHIVM,45,34,10.0,542.9,5429.0,2024-03-21
2024032104008984,SICL,58,16,25.0,705.9,17647.5,2024-03-21
2024032103015023,HLI,58,36,10.0,410.0,4100.0,2024-03-21
2024032101023121,MMKJL,59,51,400.0,419.5,167800.0,2024-03-21
2024032104008983,UPCL,58,36,47.0,212.1,9968.7,2024-03-21
2024032103015022,GUFL,36,57,30.0,856.0,25680.0,2024-03-21
2024032103015021,GUFL,19,57,174.0,856.0,148944.0,2024-03-21
2024032103015020,PFL,57,81,100.0,414.0,41400.0,2024-03-21
2024032103015019,SABSL,51,17,12.0,720.0,8640.0,2024-03-21
2024032101023120,MEHL,51,50,10.0,289.0,2890.0,2024-03-21
2024032101023119,MEHL,51,34,10.0,288.9,2889.0,2024-03-21
2024032101023118,SRLI,38,33,10.0,451.9,4519.0,2024-03-21
2024032103015018,ICFC,26,38,100.0,520.0,52000.0,2024-03-21
2024032103015017,KLBSL,58,39,42.0,1020.0,42840.0,2024-03-21
2024032103015016,KLBSL,58,32,10.0,1010.0,10100.0,2024-03-21
2024032103015015,KLBSL,58,39,90.0,1003.0,90270.0,2024-03-21
2024032103015014,KLBSL,58,22,40.0,931.2,37248.0,2024-03-21
2024032103015013,KLBSL,58,16,20.0,927.9,18558.0,2024-03-21
2024032103015012,KLBSL,58,55,20.0,923.1,18462.0,2024-03-21
2024032103015011,KLBSL,58,39,74.0,923.0,68302.0,2024-03-21
2024032103015010,KLBSL,58,14,10.0,923.0,9230.0,2024-03-21
2024032103015009,KLBSL,58,17,250.0,923.0,230750.0,2024-03-21
2024032103015008,KLBSL,58,4,400.0,920.0,368000.0,2024-03-21
2024032103015007,KLBSL,58,50,216.0,920.0,198720.0,2024-03-21
2024032103015006,KLBSL,58,14,100.0,918.0,91800.0,2024-03-21
2024032103015005,KLBSL,58,14,11.0,917.0,10087.0,2024-03-21
2024032103015004,KLBSL,58,51,55.0,916.0,50380.0,2024-03-21
2024032103015003,KLBSL,58,14,60.0,909.9,54594.0,2024-03-21
2024032103015002,KLBSL,58,38,10.0,905.0,9050.0,2024-03-21
2024032103015001,KLBSL,58,39,42.0,904.0,37968.0,2024-03-21
2024032101023117,DOLTI,58,34,10.0,372.5,3725.0,2024-03-21
2024032101023116,SONA,58,38,20.0,495.9,9918.0,2024-03-21
2024032101023115,NRM,11,11,200.0,385.0,77000.0,2024-03-21
2024032104008982,BPCL,22,42,10.0,307.0,3070.0,2024-03-21
2024032104008981,AHPC,22,6,20.0,178.8,3576.0,2024-03-21
2024032101023114,KBL,22,55,10.0,140.5,1405.0,2024-03-21
2024032103015000,ALICL,14,18,60.0,572.6,34356.0,2024-03-21
2024032103014999,KRBL,10,58,100.0,410.0,41000.0,2024-03-21
2024032103014998,LBBL,21,34,20.0,389.0,7780.0,2024-03-21
2024032101023113,SMHL,41,68,40.0,437.0,17480.0,2024-03-21
2024032103014997,GUFL,56,21,10.0,857.0,8570.0,2024-03-21
2024032104008980,PPCL,33,17,10.0,250.0,2500.0,2024-03-21
2024032103014996,ALBSL,38,53,100.0,755.0,75500.0,2024-03-21
2024032101023112,VLUCL,19,34,25.0,517.0,12925.0,2024-03-21
2024032101023111,VLUCL,19,19,10.0,517.0,5170.0,2024-03-21
2024032101023110,VLUCL,19,11,10.0,516.8,5168.0,2024-03-21
2024032101023109,VLUCL,19,44,20.0,516.0,10320.0,2024-03-21
2024032101023108,VLUCL,19,55,10.0,515.9,5159.0,2024-03-21
2024032104008979,AKPL,19,52,198.0,181.0,35838.0,2024-03-21
2024032104008978,AKPL,19,42,300.0,180.3,54090.0,2024-03-21
2024032103014995,NLIC,25,33,40.0,606.0,24240.0,2024-03-21
2024032103014994,NLIC,25,17,60.0,605.9,36354.0,2024-03-21
2024032103014993,NUBL,49,25,40.0,658.1,26324.0,2024-03-21
2024032104008977,LEC,49,35,20.0,185.0,3700.0,2024-03-21
2024032101023107,GCIL,49,85,50.0,532.0,26600.0,2024-03-21
2024032101023106,GCIL,49,38,10.0,531.9,5319.0,2024-03-21
2024032101023105,GCIL,49,48,40.0,531.0,21240.0,2024-03-21
2024032104008976,RIDI,55,49,15.0,188.4,2826.0,2024-03-21
2024032101023104,GCIL,45,48,70.0,531.0,37170.0,2024-03-21
2024032101023103,SONA,75,48,1000.0,495.2,495200.0,2024-03-21
2024032101023102,VLUCL,45,6,10.0,514.0,5140.0,2024-03-21
2024032101023101,MEL,6,17,10.0,215.9,2159.0,2024-03-21
2024032101023100,DORDI,77,38,200.0,442.0,88400.0,2024-03-21
2024032105004533,NIFRA,46,58,15.0,207.0,3105.0,2024-03-21
2024032101023099,MBJC,43,42,754.0,311.3,234720.2,2024-03-21
2024032101023098,MBJC,48,42,150.0,312.0,46800.0,2024-03-21
2024032101023097,MBJC,17,42,150.0,312.0,46800.0,2024-03-21
2024032101023096,MBJC,22,42,270.0,312.3,84321.0,2024-03-21
2024032101023095,MBJC,46,42,200.0,312.4,62480.0,2024-03-21
2024032101023094,MBJC,26,42,100.0,312.4,31240.0,2024-03-21
2024032101023093,MBJC,49,42,80.0,313.0,25040.0,2024-03-21
2024032101023092,MBJC,58,42,30.0,313.0,9390.0,2024-03-21
2024032101023091,MBJC,45,42,100.0,313.0,31300.0,2024-03-21
2024032101023090,MBJC,50,42,100.0,313.7,31370.0,2024-03-21
2024032101023089,MBJC,45,42,66.0,313.7,20704.2,2024-03-21
2024032103014992,USLB,55,55,90.0,1730.0,155700.0,2024-03-21
2024032103014991,USLB,55,40,10.0,1730.0,17300.0,2024-03-21
2024032101023088,NABIL,42,57,300.0,451.0,135300.0,2024-03-21
2024032103014990,NLICL,52,42,50.0,563.5,28175.0,2024-03-21
2024032104008975,UPCL,58,34,10.0,212.1,2121.0,2024-03-21
2024032105004532,NTC,58,34,100.0,850.0,85000.0,2024-03-21
2024032101023087,PPL,34,58,10.0,412.1,4121.0,2024-03-21
2024032101023086,PPL,34,58,10.0,411.0,4110.0,2024-03-21
2024032101023085,PPL,34,7,80.0,411.0,32880.0,2024-03-21
2024032104008974,IGI,34,45,95.0,542.0,51490.0,2024-03-21
2024032105004531,NTC,34,46,10.0,853.9,8539.0,2024-03-21
2024032104008973,AKPL,50,34,517.0,180.0,93060.0,2024-03-21
2024032104008972,AKPL,42,34,100.0,180.1,18010.0,2024-03-21
2024032103014989,DDBL,19,34,25.0,795.1,19877.5,2024-03-21
2024032103014988,GMFBS,58,14,10.0,1025.1,10251.0,2024-03-21
2024032101023084,RHGCL,14,49,220.0,288.0,63360.0,2024-03-21
2024032101023083,SMH,39,29,30.0,660.1,19803.0,2024-03-21
2024032101023082,JBLB,38,66,10.0,1376.0,13760.0,2024-03-21
2024032105004530,HRL,41,43,56.0,606.1,33941.6,2024-03-21
2024032105004529,HRL,25,43,100.0,606.1,60610.0,2024-03-21
2024032105004528,HRL,26,43,50.0,606.1,30305.0,2024-03-21
2024032105004527,HRL,34,43,100.0,606.1,60610.0,2024-03-21
2024032105004526,HRL,65,43,100.0,606.1,60610.0,2024-03-21
2024032105004525,HRL,64,43,50.0,606.1,30305.0,2024-03-21
2024032105004524,HRL,57,43,100.0,606.1,60610.0,2024-03-21
2024032105004523,HRL,25,43,10.0,606.1,6061.0,2024-03-21
2024032105004522,HRL,8,43,20.0,606.2,12124.0,2024-03-21
2024032105004521,HRL,45,43,20.0,606.2,12124.0,2024-03-21
2024032105004520,HRL,26,43,30.0,606.2,18186.0,2024-03-21
2024032105004519,HRL,58,43,70.0,606.3,42441.0,2024-03-21
2024032105004518,HRL,38,43,50.0,606.3,30315.0,2024-03-21
2024032105004517,HRL,65,43,200.0,606.3,121260.0,2024-03-21
2024032105004516,HRL,1,43,200.0,606.4,121280.0,2024-03-21
2024032105004515,HRL,59,43,10.0,606.5,6065.0,2024-03-21
2024032105004514,HRL,11,43,50.0,606.5,30325.0,2024-03-21
2024032105004513,HRL,49,43,30.0,606.5,18195.0,2024-03-21
2024032105004512,HRL,44,43,10.0,606.5,6065.0,2024-03-21
2024032105004511,HRL,42,43,20.0,606.5,12130.0,2024-03-21
2024032105004510,HRL,45,43,607.0,606.5,368145.5,2024-03-21
2024032105004509,HRL,21,43,100.0,606.5,60650.0,2024-03-21
2024032105004508,HRL,25,43,100.0,606.5,60650.0,2024-03-21
2024032105004507,HRL,72,43,180.0,606.5,109170.0,2024-03-21
2024032105004506,HRL,3,43,50.0,606.6,30330.0,2024-03-21
2024032105004505,HRL,58,43,100.0,606.6,60660.0,2024-03-21
2024032105004504,HRL,56,43,140.0,606.7,84938.0,2024-03-21
2024032105004503,HRL,35,43,45.0,607.0,27315.0,2024-03-21
2024032105004502,HRL,55,43,200.0,607.0,121400.0,2024-03-21
2024032105004501,HRL,34,43,20.0,607.0,12140.0,2024-03-21
2024032105004500,HRL,49,43,82.0,607.0,49774.0,2024-03-21
2024032105004499,HRL,22,43,100.0,607.0,60700.0,2024-03-21
2024032101023081,SNLI,48,43,300.0,609.9,182970.0,2024-03-21
2024032101023080,MKCL,41,58,10.0,936.0,9360.0,2024-03-21
2024032101023079,CKHL,58,20,83.0,609.6,50596.8,2024-03-21
2024032101023078,CKHL,58,13,10.0,607.9,6079.0,2024-03-21
2024032101023077,CKHL,58,21,100.0,607.9,60790.0,2024-03-21
2024032101023076,CKHL,58,49,60.0,607.8,36468.0,2024-03-21
2024032101023075,CKHL,58,6,100.0,607.7,60770.0,2024-03-21
2024032101023074,CKHL,58,6,40.0,607.7,24308.0,2024-03-21
2024032101023073,CKHL,58,25,100.0,607.0,60700.0,2024-03-21
2024032101023072,CKHL,58,66,475.0,605.0,287375.0,2024-03-21
2024032101023071,CKHL,58,6,32.0,604.0,19328.0,2024-03-21
2024032103014987,SFCL,50,45,140.0,326.2,45668.0,2024-03-21
2024032103014986,SFCL,34,45,50.0,326.2,16310.0,2024-03-21
2024032101023070,LVF2,58,45,100.0,8.16,816.0,2024-03-21
2024032105004498,NIFRA,45,58,40.0,207.0,8280.0,2024-03-21
2024032104008971,IGI,16,32,300.0,541.0,162300.0,2024-03-21
2024032103014985,SWBBL,36,34,10.0,765.0,7650.0,2024-03-21
2024032104008970,UPPER,44,57,278.0,179.0,49762.0,2024-03-21
2024032104008969,UPPER,1,57,150.0,179.0,26850.0,2024-03-21
2024032104008968,UPPER,58,57,50.0,179.0,8950.0,2024-03-21
2024032104008967,UPPER,43,57,100.0,179.0,17900.0,2024-03-21
2024032104008966,UPPER,32,57,200.0,179.0,35800.0,2024-03-21
2024032104008965,UPPER,42,57,100.0,179.0,17900.0,2024-03-21
2024032104008964,UPPER,49,57,30.0,179.0,5370.0,2024-03-21
2024032104008963,UPPER,58,57,301.0,179.0,53879.0,2024-03-21
2024032104008962,UPPER,58,57,200.0,179.0,35800.0,2024-03-21
2024032103014984,HLI,58,57,10.0,410.0,4100.0,2024-03-21
2024032104008961,UPPER,58,57,50.0,179.0,8950.0,2024-03-21
2024032104008960,UPPER,21,57,11.0,179.0,1969.0,2024-03-21
2024032104008959,UPPER,33,57,300.0,179.1,53730.0,2024-03-21
2024032104008958,UPPER,57,57,135.0,179.1,24178.5,2024-03-21
2024032104008957,UPPER,34,57,88.0,179.4,15787.2,2024-03-21
2024032104008956,UPPER,59,57,120.0,179.4,21528.0,2024-03-21
2024032104008955,UPPER,32,57,10.0,179.5,1795.0,2024-03-21
2024032104008954,UPPER,35,57,200.0,179.5,35900.0,2024-03-21
2024032104008953,UPPER,19,57,10.0,179.5,1795.0,2024-03-21
2024032104008952,UPPER,49,57,167.0,179.5,29976.5,2024-03-21
2024032103014983,KSBBL,17,57,20.0,362.0,7240.0,2024-03-21
2024032103014982,KSBBL,39,57,20.0,362.0,7240.0,2024-03-21
2024032103014981,KSBBL,19,57,60.0,363.0,21780.0,2024-03-21
2024032103014980,PFL,57,81,83.0,414.0,34362.0,2024-03-21
2024032103014979,SKBBL,11,38,150.0,852.0,127800.0,2024-03-21
2024032103014978,GUFL,38,21,25.0,857.0,21425.0,2024-03-21
2024032101023069,SHIVM,25,38,30.0,542.0,16260.0,2024-03-21
2024032101023068,SHIVM,69,34,20.0,542.9,10858.0,2024-03-21
2024032101023067,USHL,18,32,10.0,477.0,4770.0,2024-03-21
2024032103014977,ICFC,26,8,60.0,520.0,31200.0,2024-03-21
2024032104008951,HDHPC,85,8,278.0,138.8,38586.4,2024-03-21
2024032104008950,HDHPC,33,8,100.0,138.9,13890.0,2024-03-21
2024032104008949,HDHPC,47,8,1000.0,138.9,138900.0,2024-03-21
2024032104008948,HDHPC,69,8,50.0,139.0,6950.0,2024-03-21
2024032104008947,HDHPC,25,8,400.0,139.0,55600.0,2024-03-21
2024032104008946,HDHPC,48,8,20.0,139.0,2780.0,2024-03-21
2024032104008945,HDHPC,42,8,152.0,139.0,21128.0,2024-03-21
2024032105004497,HRL,41,22,196.0,607.0,118972.0,2024-03-21
2024032104008944,UPPER,18,38,10.0,179.6,1796.0,2024-03-21
2024032103014976,GUFL,19,35,326.0,856.0,279056.0,2024-03-21
2024032104008943,OHL,29,62,100.0,760.0,76000.0,2024-03-21
2024032104008942,OHL,55,62,10.0,760.0,7600.0,2024-03-21
2024032104008941,OHL,58,62,56.0,760.0,42560.0,2024-03-21
2024032104008940,OHL,51,62,20.0,760.0,15200.0,2024-03-21
2024032104008939,OHL,21,62,10.0,760.1,7601.0,2024-03-21
2024032104008938,HEI,51,41,221.0,592.0,130832.0,2024-03-21
2024032101023066,SHIVM,41,34,200.0,542.9,108580.0,2024-03-21
2024032101023065,SHIVM,41,36,300.0,542.9,162870.0,2024-03-21
2024032103014975,SIFC,25,21,50.0,373.0,18650.0,2024-03-21
2024032103014974,SIFC,14,21,100.0,373.0,37300.0,2024-03-21
2024032103014973,SIFC,34,21,10.0,373.0,3730.0,2024-03-21
2024032101023064,MMKJL,59,64,200.0,419.5,83900.0,2024-03-21
2024032101023063,MMKJL,44,64,100.0,419.6,41960.0,2024-03-21
2024032101023062,HHL,64,41,100.0,334.0,33400.0,2024-03-21
2024032104008937,GHL,4,56,150.0,155.0,23250.0,2024-03-21
2024032104008936,GHL,42,56,50.0,155.0,7750.0,2024-03-21
2024032104008935,GHL,57,56,50.0,155.0,7750.0,2024-03-21
2024032104008934,GHL,56,56,1000.0,155.0,155000.0,2024-03-21
2024032104008933,GHL,33,56,1000.0,155.0,155000.0,2024-03-21
2024032104008932,GHL,45,56,50.0,155.0,7750.0,2024-03-21
2024032104008931,GHL,8,56,200.0,155.0,31000.0,2024-03-21
2024032104008930,RBCL,46,33,10.0,13875.0,138750.0,2024-03-21
2024032101023061,MBL,19,58,50.0,182.1,9105.0,2024-03-21
2024032104008929,RADHI,43,59,450.0,242.7,109215.0,2024-03-21
2024032103014972,CORBL,41,52,10.0,435.0,4350.0,2024-03-21
2024032101023060,SONA,75,13,20.0,495.2,9904.0,2024-03-21
2024032101023059,SONA,56,13,63.0,495.2,31197.6,2024-03-21
2024032101023058,SONA,44,13,500.0,495.6,247800.0,2024-03-21
2024032101023057,SONA,60,13,27.0,495.7,13383.9,2024-03-21
2024032101023056,JBLB,65,33,16.0,1383.0,22128.0,2024-03-21
2024032101023055,JBLB,65,58,12.0,1382.0,16584.0,2024-03-21
2024032101023054,JBLB,65,16,14.0,1382.0,19348.0,2024-03-21
2024032101023053,JBLB,65,36,22.0,1380.0,30360.0,2024-03-21
2024032101023052,MCHL,29,59,477.0,326.0,155502.0,2024-03-21
2024032101023051,SONA,65,38,263.0,495.9,130421.7,2024-03-21
2024032101023050,SONA,65,13,400.0,495.9,198360.0,2024-03-21
2024032101023049,GCIL,45,6,320.0,531.0,169920.0,2024-03-21
2024032104008928,MEN,58,59,85.0,552.1,46928.5,2024-03-21
2024032104008927,MEN,19,59,15.0,552.1,8281.5,2024-03-21
2024032104008926,AHPC,7,6,250.0,178.8,44700.0,2024-03-21
2024032104008925,NHPC,14,50,13.0,155.4,2020.2,2024-03-21
2024032103014971,JBBL,78,50,1865.0,298.2,556143.0,2024-03-21
2024032103014970,JBBL,5,50,50.0,298.2,14910.0,2024-03-21
2024032103014969,JBBL,57,50,522.0,298.3,155712.6,2024-03-21
2024032104008924,LEC,58,46,32.0,184.5,5904.0,2024-03-21
2024032104008923,LEC,58,46,50.0,184.5,9225.0,2024-03-21
2024032104008922,LEC,40,46,20.0,184.6,3692.0,2024-03-21
2024032103014968,HLI,85,17,16.0,410.9,6574.4,2024-03-21
2024032101023048,ILI,37,37,30.0,540.0,16200.0,2024-03-21
2024032101023047,ILI,37,6,170.0,539.0,91630.0,2024-03-21
2024032101023046,SAMAJ,42,58,10.0,1940.0,19400.0,2024-03-21
2024032104008921,UPPER,42,38,20.0,179.6,3592.0,2024-03-21
2024032105004496,HIDCL,10,42,202.0,173.1,34966.2,2024-03-21
2024032105004495,HIDCL,17,42,208.0,173.2,36025.6,2024-03-21
2024032105004494,HIDCL,3,42,500.0,173.2,86600.0,2024-03-21
2024032105004493,HIDCL,57,42,190.0,173.2,32908.0,2024-03-21
2024032101023045,HDL,42,50,15.0,1538.1,23071.5,2024-03-21
2024032103014967,MLBL,57,34,100.0,330.1,33010.0,2024-03-21
2024032101023044,MKLB,34,49,40.0,835.0,33400.0,2024-03-21
2024032104008920,RIDI,55,34,60.0,188.4,11304.0,2024-03-21
2024032105004492,NBF3,38,34,100.0,7.37,737.0,2024-03-21
2024032101023043,CYCL,66,77,10.0,1349.9,13499.0,2024-03-21
2024032105004491,NTC,58,1,41.0,850.0,34850.0,2024-03-21
2024032105004490,NTC,49,1,10.0,850.0,8500.0,2024-03-21
2024032105004489,NTC,32,1,85.0,850.0,72250.0,2024-03-21
2024032105004488,NTC,58,1,164.0,850.0,139400.0,2024-03-21
2024032104008919,SPDL,1,59,10.0,245.0,2450.0,2024-03-21
2024032104008918,HDHPC,26,21,135.0,139.9,18886.5,2024-03-21
2024032104008917,HDHPC,26,34,365.0,139.5,50917.5,2024-03-21
2024032104008916,UPPER,58,38,10.0,179.6,1796.0,2024-03-21
2024032105004487,HIDCL,58,25,50.0,173.3,8665.0,2024-03-21
2024032103014966,SAPDBL,39,45,90.0,302.1,27189.0,2024-03-21
2024032103014965,SAPDBL,19,45,100.0,302.2,30220.0,2024-03-21
2024032101023042,HDL,45,50,50.0,1538.1,76905.0,2024-03-21
2024032105004486,STC,48,45,10.0,5247.0,52470.0,2024-03-21
2024032101023041,SBL,85,16,531.0,224.0,118944.0,2024-03-21
2024032101023040,SBL,50,16,169.0,224.0,37856.0,2024-03-21
2024032101023039,SBL,8,16,300.0,224.1,67230.0,2024-03-21
2024032101023038,TSHL,40,57,60.0,490.0,29400.0,2024-03-21
2024032103014964,SFCL,57,38,100.0,326.5,32650.0,2024-03-21
2024032104008915,SPIL,44,38,10.0,745.1,7451.0,2024-03-21
2024032103014963,GUFL,38,21,100.0,857.0,85700.0,2024-03-21
2024032101023037,NYADI,57,38,87.0,291.3,25343.1,2024-03-21
2024032101023036,SONA,60,36,30.0,495.6,14868.0,2024-03-21
2024032101023035,SONA,60,58,10.0,495.5,4955.0,2024-03-21
2024032101023034,SONA,60,58,10.0,495.5,4955.0,2024-03-21
2024032101023033,SONA,60,82,23.0,495.5,11396.5,2024-03-21
2024032101023032,HDL,10,32,60.0,1537.1,92226.0,2024-03-21
2024032103014962,HLI,58,32,400.0,410.0,164000.0,2024-03-21
2024032101023031,MEL,45,58,10.0,215.1,2151.0,2024-03-21
2024032103014961,ALBSL,58,45,10.0,757.0,7570.0,2024-03-21
2024032101023030,NABIL,1,8,20.0,450.0,9000.0,2024-03-21
2024032101023029,NABIL,6,8,10.0,450.0,4500.0,2024-03-21
2024032105004485,HRL,41,22,50.0,607.0,30350.0,2024-03-21
2024032104008914,NGPL,34,35,56.0,299.9,16794.4,2024-03-21
2024032103014960,KSBBL,35,8,24.0,365.1,8762.4,2024-03-21
2024032103014959,KSBBL,35,28,176.0,364.9,64222.4,2024-03-21
2024032104008913,NICL,57,35,10.0,842.7,8427.0,2024-03-21
2024032103014958,LBBL,56,35,240.0,387.0,92880.0,2024-03-21
2024032103014957,LBBL,57,35,958.0,387.0,370746.0,2024-03-21
2024032103014956,LBBL,45,35,10.0,387.1,3871.0,2024-03-21
2024032101023028,TSHL,40,62,100.0,490.0,49000.0,2024-03-21
2024032105004484,STC,51,21,10.0,5248.0,52480.0,2024-03-21
2024032101023027,SONA,21,82,200.0,495.5,99100.0,2024-03-21
2024032101023026,MKHC,5,29,10.0,286.0,2860.0,2024-03-21
2024032101023025,TAMOR,64,29,300.0,380.0,114000.0,2024-03-21
2024032101023024,SPC,55,29,21.0,540.0,11340.0,2024-03-21
2024032101023023,SPC,42,29,100.0,540.0,54000.0,2024-03-21
2024032101023022,SPC,45,29,200.0,540.0,108000.0,2024-03-21
2024032101023021,SPC,34,29,300.0,540.1,162030.0,2024-03-21
2024032101023020,SPC,41,29,100.0,541.1,54110.0,2024-03-21
2024032101023019,SPC,50,29,100.0,542.0,54200.0,2024-03-21
2024032101023018,SPC,13,29,500.0,542.0,271000.0,2024-03-21
2024032101023017,SPC,3,29,50.0,542.0,27100.0,2024-03-21
2024032101023016,SPC,19,29,100.0,545.0,54500.0,2024-03-21
2024032101023015,SPC,21,29,238.0,545.0,129710.0,2024-03-21
2024032101023014,SPC,41,29,91.0,545.0,49595.0,2024-03-21
2024032103014955,NFS,88,58,202.0,400.0,80800.0,2024-03-21
2024032103014954,NFS,88,41,1050.0,400.0,420000.0,2024-03-21
2024032103014953,NFS,88,17,170.0,399.9,67983.0,2024-03-21
2024032103014952,NFS,88,34,50.0,399.8,19990.0,2024-03-21
2024032103014951,NFS,88,38,208.0,399.8,83158.4,2024-03-21
2024032103014950,NFS,88,58,100.0,399.8,39980.0,2024-03-21
2024032103014949,NFS,88,45,20.0,399.0,7980.0,2024-03-21
2024032103014948,NFS,88,11,150.0,399.0,59850.0,2024-03-21
2024032103014947,NFS,88,45,50.0,399.0,19950.0,2024-03-21
2024032101023013,HDL,10,33,46.0,1537.1,70706.6,2024-03-21
2024032101023012,HDL,36,33,100.0,1538.0,153800.0,2024-03-21
2024032101023011,HDL,22,33,10.0,1538.0,15380.0,2024-03-21
2024032101023010,HDL,34,33,10.0,1538.0,15380.0,2024-03-21
2024032103014946,SAPDBL,40,44,41.0,303.0,12423.0,2024-03-21
2024032105004483,HIDCL,22,25,180.0,173.3,31194.0,2024-03-21
2024032105004482,HIDCL,59,25,650.0,173.3,112645.0,2024-03-21
2024032105004481,HIDCL,56,25,200.0,173.3,34660.0,2024-03-21
2024032101023009,SHIVM,25,25,50.0,542.0,27100.0,2024-03-21
2024032105004480,NIFRA,49,58,86.0,207.0,17802.0,2024-03-21
2024032103014945,MNBBL,49,38,150.0,361.0,54150.0,2024-03-21
2024032103014944,FOWAD,35,49,11.0,1130.1,12431.1,2024-03-21
2024032101023008,PPL,13,7,20.0,411.0,8220.0,2024-03-21
2024032101023007,PPL,13,45,10.0,411.0,4110.0,2024-03-21
2024032101023006,PPL,13,21,20.0,411.0,8220.0,2024-03-21
2024032101023005,RHGCL,13,49,300.0,288.0,86400.0,2024-03-21
2024032103014943,SHINE,88,52,1000.0,375.3,375300.0,2024-03-21
2024032103014942,SHINE,88,52,321.0,375.4,120503.4,2024-03-21
2024032104008912,UPPER,7,38,108.0,179.6,19396.8,2024-03-21
2024032101023004,SHIVM,25,7,10.0,542.0,5420.0,2024-03-21
2024032101023003,SONA,56,7,200.0,495.2,99040.0,2024-03-21
2024032101023002,SONA,94,7,300.0,495.3,148590.0,2024-03-21
2024032101023001,BGWT,65,58,1350.0,623.5,841725.0,2024-03-21
2024032101023000,BGWT,65,58,10.0,623.0,6230.0,2024-03-21
2024032101022999,BGWT,65,16,100.0,623.0,62300.0,2024-03-21
2024032101022998,BGWT,65,42,10.0,623.0,6230.0,2024-03-21
2024032101022997,BGWT,65,19,10.0,623.0,6230.0,2024-03-21
2024032101022996,BGWT,65,37,100.0,623.0,62300.0,2024-03-21
2024032101022995,BGWT,65,47,100.0,622.9,62290.0,2024-03-21
2024032101022994,BGWT,65,14,10.0,622.0,6220.0,2024-03-21
2024032101022993,BGWT,65,55,10.0,622.0,6220.0,2024-03-21
2024032101022992,BGWT,65,64,300.0,620.0,186000.0,2024-03-21
2024032101022991,NICA,49,59,40.0,414.1,16564.0,2024-03-21
2024032101022990,NICA,43,59,100.0,414.1,41410.0,2024-03-21
2024032101022989,NICA,52,59,45.0,414.1,18634.5,2024-03-21
2024032101022988,NICA,5,59,100.0,414.1,41410.0,2024-03-21
2024032101022987,NICA,21,59,45.0,414.1,18634.5,2024-03-21
2024032101022986,NICA,45,59,20.0,414.1,8282.0,2024-03-21
2024032101022985,NICA,6,59,30.0,414.1,12423.0,2024-03-21
2024032101022984,NICA,45,59,20.0,414.2,8284.0,2024-03-21
2024032101022983,NICA,17,59,100.0,414.3,41430.0,2024-03-21
2024032101022982,CLI,65,59,142.0,458.2,65064.4,2024-03-21
2024032101022981,MKLB,48,6,30.0,831.0,24930.0,2024-03-21
2024032101022980,HDL,35,50,100.0,1538.1,153810.0,2024-03-21
2024032101022979,NBL,46,52,50.0,223.5,11175.0,2024-03-21
2024032101022978,NBL,46,48,50.0,223.4,11170.0,2024-03-21
2024032101022977,SONA,94,37,500.0,495.3,247650.0,2024-03-21
2024032103014941,USLB,55,35,30.0,1730.0,51900.0,2024-03-21
2024032103014940,USLB,55,35,10.0,1729.8,17298.0,2024-03-21
2024032103014939,USLB,55,62,60.0,1729.7,103782.0,2024-03-21
2024032101022976,HBL,37,59,10.0,193.0,1930.0,2024-03-21
2024032101022975,SANIMA,4,55,450.0,240.6,108270.0,2024-03-21
2024032101022974,SANIMA,54,55,50.0,240.7,12035.0,2024-03-21
2024032104008911,NHPC,42,44,170.0,155.5,26435.0,2024-03-21
2024032101022973,PHCL,42,58,75.0,325.0,24375.0,2024-03-21
2024032103014938,ICFC,26,42,10.0,520.0,5200.0,2024-03-21
2024032101022972,AVYAN,42,57,50.0,681.0,34050.0,2024-03-21
2024032103014937,NFS,57,3,100.0,398.0,39800.0,2024-03-21
2024032103014936,NFS,50,3,400.0,398.1,159240.0,2024-03-21
2024032101022971,GVL,42,58,10.0,427.5,4275.0,2024-03-21
2024032105004479,HRL,41,42,10.0,607.0,6070.0,2024-03-21
2024032101022970,SONA,94,14,200.0,495.3,99060.0,2024-03-21
2024032101022969,SONA,64,14,100.0,495.3,49530.0,2024-03-21
2024032101022968,SONA,54,82,340.0,495.5,168470.0,2024-03-21
2024032101022967,SONA,54,17,60.0,495.4,29724.0,2024-03-21
2024032103014935,JSLBB,45,34,200.0,1060.0,212000.0,2024-03-21
2024032103014934,JSLBB,39,34,53.0,1061.1,56238.3,2024-03-21
2024032104008910,KKHC,34,58,50.0,242.0,12100.0,2024-03-21
2024032104008909,KKHC,34,33,45.0,242.0,10890.0,2024-03-21
2024032103014933,PROFL,34,34,50.0,327.0,16350.0,2024-03-21
2024032104008908,NIL,65,17,105.0,819.1,86005.5,2024-03-21
2024032101022966,BHDC,17,32,200.0,464.0,92800.0,2024-03-21
2024032101022965,SONA,58,17,50.0,495.4,24770.0,2024-03-21
2024032101022964,SONA,45,17,90.0,495.4,44586.0,2024-03-21
2024032105004478,NIFRA,34,58,73.0,207.0,15111.0,2024-03-21
2024032105004477,NIFRA,34,16,47.0,207.0,9729.0,2024-03-21
2024032101022963,CITY,39,58,10.0,603.0,6030.0,2024-03-21
2024032101022962,CITY,39,34,30.0,603.0,18090.0,2024-03-21
2024032104008907,KKHC,43,33,55.0,242.0,13310.0,2024-03-21
2024032103014932,ILBS,62,45,379.0,885.0,335415.0,2024-03-21
2024032103014931,ILBS,58,45,51.0,885.0,45135.0,2024-03-21
2024032103014930,ILBS,37,45,10.0,885.0,8850.0,2024-03-21
2024032103014929,ILBS,32,45,10.0,886.1,8861.0,2024-03-21
2024032103014928,ILBS,72,45,50.0,888.0,44400.0,2024-03-21
2024032103014927,ALBSL,38,45,10.0,755.0,7550.0,2024-03-21
2024032103014926,SHINE,88,45,179.0,375.4,67196.6,2024-03-21
2024032103014925,SHINE,88,45,500.0,375.4,187700.0,2024-03-21
2024032103014924,SHINE,25,45,22.0,375.5,8261.0,2024-03-21
2024032103014923,SHINE,88,45,299.0,375.5,112274.5,2024-03-21
2024032101022961,SRLI,45,34,52.0,450.0,23400.0,2024-03-21
2024032104008906,JOSHI,45,11,10.0,333.5,3335.0,2024-03-21
2024032104008905,AHPC,7,36,100.0,178.8,17880.0,2024-03-21
2024032103014922,CFCL,36,59,350.0,359.9,125965.0,2024-03-21
2024032104008904,UMHL,64,38,80.0,251.0,20080.0,2024-03-21
2024032101022960,CLI,65,38,500.0,458.2,229100.0,2024-03-21
2024032101022959,KBL,36,72,576.0,140.1,80697.6,2024-03-21
2024032101022958,KBL,42,72,20.0,140.1,2802.0,2024-03-21
2024032101022957,KBL,6,72,100.0,140.1,14010.0,2024-03-21
2024032101022956,KBL,49,72,50.0,140.1,7005.0,2024-03-21
2024032101022955,KBL,52,72,180.0,140.1,25218.0,2024-03-21
2024032101022954,KBL,38,72,150.0,140.1,21015.0,2024-03-21
2024032101022953,KBL,37,72,821.0,140.1,115022.1,2024-03-21
2024032101022952,MBJC,45,4,10.0,313.7,3137.0,2024-03-21
2024032101022951,SMHL,22,68,10.0,437.0,4370.0,2024-03-21
2024032103014921,HLBSL,18,45,10.0,702.0,7020.0,2024-03-21
2024032103014920,HLBSL,18,58,13.0,701.0,9113.0,2024-03-21
2024032103014919,HLBSL,18,45,17.0,700.0,11900.0,2024-03-21
2024032104008903,UPCL,35,36,10.0,213.0,2130.0,2024-03-21
2024032105004476,HRL,41,45,10.0,607.0,6070.0,2024-03-21
2024032105004475,HRL,41,54,140.0,607.0,84980.0,2024-03-21
2024032105004474,HRL,41,34,94.0,607.0,57058.0,2024-03-21
2024032104008902,GHL,8,41,800.0,155.0,124000.0,2024-03-21
2024032103014918,GUFL,49,21,50.0,858.1,42905.0,2024-03-21
2024032101022950,LSL,5,32,75.0,161.5,12112.5,2024-03-21
2024032101022949,SONA,5,82,100.0,495.5,49550.0,2024-03-21
2024032101022948,SMJC,49,56,10.0,357.0,3570.0,2024-03-21
2024032103014917,MFIL,53,62,10.0,524.0,5240.0,2024-03-21
2024032104008901,HPPL,19,6,10.0,271.0,2710.0,2024-03-21
2024032104008900,AKJCL,38,40,21.0,217.0,4557.0,2024-03-21
2024032104008899,AKJCL,42,40,50.0,217.0,10850.0,2024-03-21
2024032104008898,AKJCL,50,40,500.0,217.0,108500.0,2024-03-21
2024032104008897,AKJCL,21,40,20.0,217.0,4340.0,2024-03-21
2024032104008896,AKJCL,49,40,150.0,217.0,32550.0,2024-03-21
2024032104008895,AKJCL,55,40,100.0,217.0,21700.0,2024-03-21
2024032104008894,AKJCL,51,40,1059.0,217.1,229908.9,2024-03-21
2024032104008893,AKJCL,35,40,100.0,217.5,21750.0,2024-03-21
2024032104008892,JOSHI,25,11,30.0,333.5,10005.0,2024-03-21
2024032104008891,UPPER,49,88,333.0,179.5,59773.5,2024-03-21
2024032105004473,HRL,56,6,10.0,606.7,6067.0,2024-03-21
2024032101022947,CKHL,35,6,18.0,604.0,10872.0,2024-03-21
2024032103014916,SHINE,88,50,113.0,375.5,42431.5,2024-03-21
2024032101022946,SHIVM,77,36,150.0,542.9,81435.0,2024-03-21
2024032103014915,USLB,46,62,10.0,1729.7,17297.0,2024-03-21
2024032101022945,SBI,58,59,118.0,292.2,34479.6,2024-03-21
2024032104008890,HURJA,50,47,100.0,290.0,29000.0,2024-03-21
2024032104008889,HEI,51,47,200.0,592.0,118400.0,2024-03-21
2024032103014914,USLB,55,55,100.0,1715.0,171500.0,2024-03-21
2024032105004472,STC,42,5,10.0,5250.0,52500.0,2024-03-21
2024032101022944,IHL,65,44,130.0,349.5,45435.0,2024-03-21
2024032103014913,USLB,55,44,10.0,1715.0,17150.0,2024-03-21
2024032103014912,CBBL,54,55,34.0,867.0,29478.0,2024-03-21
2024032103014911,CBBL,54,54,31.0,866.5,26861.5,2024-03-21
2024032105004471,STC,34,5,15.0,5250.0,78750.0,2024-03-21
2024032103014910,SWMF,45,4,200.0,740.0,148000.0,2024-03-21
2024032103014909,SWMF,45,21,100.0,740.0,74000.0,2024-03-21
2024032103014908,SWMF,45,57,1040.0,740.0,769600.0,2024-03-21
2024032103014907,SWMF,45,48,100.0,739.9,73990.0,2024-03-21
2024032103014906,SWMF,45,22,30.0,739.9,22197.0,2024-03-21
2024032103014905,SWMF,45,6,10.0,739.9,7399.0,2024-03-21
2024032103014904,SWMF,45,6,10.0,739.9,7399.0,2024-03-21
2024032103014903,SWMF,45,44,10.0,739.0,7390.0,2024-03-21
2024032103014902,MERO,36,32,40.0,616.0,24640.0,2024-03-21
2024032104008888,JOSHI,17,51,193.0,333.0,64269.0,2024-03-21
2024032104008887,JOSHI,10,51,100.0,333.0,33300.0,2024-03-21
2024032104008886,JOSHI,42,51,300.0,333.0,99900.0,2024-03-21
2024032104008885,JOSHI,47,51,35.0,333.1,11658.5,2024-03-21
2024032104008884,JOSHI,14,51,100.0,333.2,33320.0,2024-03-21
2024032104008883,JOSHI,13,51,772.0,333.2,257230.4,2024-03-21
2024032104008882,SICL,47,28,20.0,705.0,14100.0,2024-03-21
2024032104008881,SICL,47,28,100.0,705.0,70500.0,2024-03-21
2024032104008880,SICL,57,28,30.0,705.0,21150.0,2024-03-21
2024032104008879,SICL,47,28,200.0,705.4,141080.0,2024-03-21
2024032104008878,SICL,52,28,20.0,705.9,14118.0,2024-03-21
2024032104008877,SICL,71,28,130.0,705.9,91767.0,2024-03-21
2024032101022943,RNLI,74,57,20.0,439.0,8780.0,2024-03-21
2024032101022942,RNLI,34,57,50.0,439.0,21950.0,2024-03-21
2024032101022941,RNLI,39,57,50.0,439.0,21950.0,2024-03-21
2024032101022940,RNLI,58,57,385.0,439.0,169015.0,2024-03-21
2024032101022939,RNLI,19,57,40.0,439.1,17564.0,2024-03-21
2024032103014901,SLBBL,34,57,137.0,664.0,90968.0,2024-03-21
2024032103014900,GUFL,63,38,192.0,855.0,164160.0,2024-03-21
2024032103014899,GUFL,29,38,408.0,855.0,348840.0,2024-03-21
2024032103014898,GUFL,6,38,500.0,856.0,428000.0,2024-03-21
2024032105004470,NRN,55,72,10.0,537.2,5372.0,2024-03-21
2024032105004469,NRN,42,72,500.0,538.0,269000.0,2024-03-21
2024032101022938,SHIVM,44,4,499.0,541.1,270008.9,2024-03-21
2024032101022937,SHIVM,58,4,100.0,541.2,54120.0,2024-03-21
2024032101022936,SHIVM,40,4,273.0,541.2,147747.6,2024-03-21
2024032101022935,SHIVM,69,4,10.0,542.0,5420.0,2024-03-21
2024032101022934,SHIVM,69,4,568.0,542.0,307856.0,2024-03-21
2024032104008876,UMRH,65,11,100.0,350.0,35000.0,2024-03-21
2024032104008875,UMRH,52,11,100.0,350.0,35000.0,2024-03-21
2024032104008874,UMRH,63,11,100.0,350.0,35000.0,2024-03-21
2024032104008873,UMRH,57,11,50.0,350.0,17500.0,2024-03-21
2024032104008872,UMRH,37,11,100.0,350.0,35000.0,2024-03-21
2024032104008871,UMRH,80,11,100.0,350.0,35000.0,2024-03-21
2024032104008870,UMRH,58,11,127.0,350.0,44450.0,2024-03-21
2024032101022933,PRVU,1,8,321.0,142.5,45742.5,2024-03-21
2024032101022932,PRVU,58,8,224.0,142.5,31920.0,2024-03-21
2024032101022931,PRVU,49,8,500.0,142.6,71300.0,2024-03-21
2024032103014897,PMLI,58,11,50.0,529.0,26450.0,2024-03-21
2024032103014896,PMLI,58,49,20.0,528.6,10572.0,2024-03-21
2024032101022930,KBL,37,22,65.0,140.1,9106.5,2024-03-21
2024032101022929,KBL,54,22,313.0,140.4,43945.2,2024-03-21
2024032103014895,MERO,7,35,25.0,615.0,15375.0,2024-03-21
2024032101022928,HATHY,26,35,4.0,850.0,3400.0,2024-03-21
2024032103014894,SHINE,88,21,30.0,375.5,11265.0,2024-03-21
2024032104008869,AHPC,7,21,60.0,178.8,10728.0,2024-03-21
2024032104008868,SHPC,21,45,155.0,342.0,53010.0,2024-03-21
2024032104008867,SHPC,21,49,197.0,342.0,67374.0,2024-03-21
2024032104008866,UPPER,48,88,167.0,179.5,29976.5,2024-03-21
2024032103014893,ALICL,33,29,100.0,572.7,57270.0,2024-03-21
2024032104008865,SGIC,41,19,127.0,530.0,67310.0,2024-03-21
2024032104008864,SGIC,67,19,138.0,530.0,73140.0,2024-03-21
2024032104008863,SGIC,56,19,50.0,530.1,26505.0,2024-03-21
2024032104008862,SGIC,45,19,470.0,530.1,249147.0,2024-03-21
2024032104008861,SGIC,49,19,100.0,530.2,53020.0,2024-03-21
2024032104008860,SGIC,41,19,200.0,530.3,106060.0,2024-03-21
2024032104008859,SGIC,20,19,80.0,530.3,42424.0,2024-03-21
2024032104008858,SGIC,39,19,50.0,530.5,26525.0,2024-03-21
2024032104008857,SGIC,35,19,20.0,531.0,10620.0,2024-03-21
2024032104008856,SGIC,42,19,200.0,531.0,106200.0,2024-03-21
2024032104008855,SGIC,45,19,100.0,531.0,53100.0,2024-03-21
2024032104008854,SGIC,17,19,100.0,531.1,53110.0,2024-03-21
2024032103014892,GBLBS,25,58,10.0,642.0,6420.0,2024-03-21
2024032101022927,ULBSL,17,49,10.0,1260.0,12600.0,2024-03-21
2024032104008853,NHPC,47,49,100.0,155.4,15540.0,2024-03-21
2024032101022926,NYADI,57,52,250.0,291.3,72825.0,2024-03-21
2024032104008852,AKPL,50,52,3000.0,180.0,540000.0,2024-03-21
2024032101022925,SNLI,48,42,10.0,610.0,6100.0,2024-03-21
2024032101022924,NIMB,58,48,70.0,163.0,11410.0,2024-03-21
2024032101022923,NIMB,49,48,30.0,163.0,4890.0,2024-03-21
2024032101022922,NIMB,72,48,571.0,163.0,93073.0,2024-03-21
2024032101022921,IHL,65,28,70.0,350.0,24500.0,2024-03-21
2024032101022920,ILI,58,6,50.0,539.0,26950.0,2024-03-21
2024032101022919,ILI,49,6,100.0,539.1,53910.0,2024-03-21
2024032101022918,ILI,11,6,80.0,539.9,43192.0,2024-03-21
2024032105004468,NRIC,6,58,10.0,739.0,7390.0,2024-03-21
2024032104008851,HURJA,50,41,1000.0,290.0,290000.0,2024-03-21
2024032104008850,HURJA,50,42,500.0,290.0,145000.0,2024-03-21
2024032103014891,SABSL,51,58,15.0,719.0,10785.0,2024-03-21
2024032103014890,USLB,55,62,30.0,1729.7,51891.0,2024-03-21
2024032103014889,USLB,55,52,70.0,1729.0,121030.0,2024-03-21
2024032101022917,NRM,45,42,80.0,384.0,30720.0,2024-03-21
2024032101022916,PHCL,42,58,10.0,325.0,3250.0,2024-03-21
2024032101022915,GCIL,45,14,10.0,531.0,5310.0,2024-03-21
2024032103014888,ICFC,26,54,103.0,520.0,53560.0,2024-03-21
2024032101022914,KBL,54,16,47.0,140.2,6589.4,2024-03-21
2024032103014887,GUFL,8,54,229.0,860.0,196940.0,2024-03-21
2024032101022913,SMHL,54,68,100.0,437.0,43700.0,2024-03-21
2024032103014886,GUFL,8,39,200.0,860.0,172000.0,2024-03-21
2024032104008849,JOSHI,1,11,100.0,333.5,33350.0,2024-03-21
2024032104008848,JOSHI,13,34,30.0,333.2,9996.0,2024-03-21
2024032101022912,KBL,34,16,73.0,140.2,10234.6,2024-03-21
2024032105004467,NIFRA,34,16,46.0,207.0,9522.0,2024-03-21
2024032103014885,GFCL,49,34,136.0,476.0,64736.0,2024-03-21
2024032103014884,GFCL,68,34,44.0,476.0,20944.0,2024-03-21
2024032101022911,SONA,34,82,300.0,495.5,148650.0,2024-03-21
2024032101022910,MHCL,34,94,20.0,440.0,8800.0,2024-03-21
2024032101022909,MHCL,49,94,27.0,440.0,11880.0,2024-03-21
2024032103014883,ICFC,26,45,20.0,520.0,10400.0,2024-03-21
2024032101022908,SONA,45,36,10.0,495.4,4954.0,2024-03-21
2024032101022907,SONA,58,36,60.0,495.4,29724.0,2024-03-21
2024032101022906,MHCL,49,28,23.0,440.0,10120.0,2024-03-21
2024032101022905,MHCL,51,28,200.0,440.0,88000.0,2024-03-21
2024032101022904,MHCL,62,28,100.0,440.0,44000.0,2024-03-21
2024032101022903,MHCL,41,28,100.0,440.0,44000.0,2024-03-21
2024032101022902,MHCL,45,28,10.0,440.0,4400.0,2024-03-21
2024032101022901,MHCL,42,28,67.0,440.0,29480.0,2024-03-21
2024032105004466,HRL,58,34,50.0,607.0,30350.0,2024-03-21
2024032105004465,HRL,58,46,20.0,607.0,12140.0,2024-03-21
2024032105004464,HRL,58,49,30.0,607.0,18210.0,2024-03-21
2024032105004463,HRL,58,45,10.0,607.0,6070.0,2024-03-21
2024032105004462,HRL,58,34,10.0,607.0,6070.0,2024-03-21
2024032101022900,MHL,58,57,50.0,390.0,19500.0,2024-03-21
2024032104008847,UPCL,58,57,17.0,212.1,3605.7,2024-03-21
2024032104008846,HDHPC,57,34,25.0,139.5,3487.5,2024-03-21
2024032103014882,GUFL,8,38,96.0,860.0,82560.0,2024-03-21
2024032101022899,SHIVM,69,36,50.0,542.9,27145.0,2024-03-21
2024032103014881,GUFL,8,42,100.0,860.0,86000.0,2024-03-21
2024032103014880,GUFL,8,33,120.0,860.0,103200.0,2024-03-21
2024032103014879,GUFL,8,34,80.0,860.0,68800.0,2024-03-21
2024032103014878,GUFL,8,49,55.0,859.1,47250.5,2024-03-21
2024032103014877,GUFL,8,34,100.0,859.0,85900.0,2024-03-21
2024032103014876,GUFL,8,48,20.0,858.0,17160.0,2024-03-21
2024032101022898,MHCL,22,42,22.0,441.0,9702.0,2024-03-21
2024032103014875,SJLIC,34,22,200.0,520.0,104000.0,2024-03-21
2024032103014874,SJLIC,91,22,300.0,521.0,156300.0,2024-03-21
2024032103014873,HLI,22,29,40.0,411.0,16440.0,2024-03-21
2024032101022897,BEDC,21,21,10.0,346.0,3460.0,2024-03-21
2024032101022896,MAKAR,5,34,40.0,376.0,15040.0,2024-03-21
2024032101022895,MAKAR,5,58,60.0,376.0,22560.0,2024-03-21
2024032101022894,KBSH,21,22,10.0,1039.0,10390.0,2024-03-21
2024032105004461,HIDCL,56,25,202.0,173.5,35047.0,2024-03-21
2024032104008845,UPPER,48,33,333.0,179.5,59773.5,2024-03-21
2024032104008844,UPPER,34,33,167.0,179.5,29976.5,2024-03-21
2024032104008843,AKJCL,25,22,250.0,218.0,54500.0,2024-03-21
2024032103014872,KRBL,58,25,200.0,408.2,81640.0,2024-03-21
2024032104008842,API,32,25,200.0,181.0,36200.0,2024-03-21
2024032103014871,SABSL,49,17,10.0,720.0,7200.0,2024-03-21
2024032101022893,RAWA,29,7,50.0,465.3,23265.0,2024-03-21
2024032103014870,GUFL,43,48,50.0,858.0,42900.0,2024-03-21
2024032105004460,CIT,7,42,14.0,2114.0,29596.0,2024-03-21
2024032105004459,CIT,7,17,24.0,2114.0,50736.0,2024-03-21
2024032101022892,MCHL,29,6,10.0,326.0,3260.0,2024-03-21
2024032104008841,CHCL,50,36,10.0,466.0,4660.0,2024-03-21
2024032104008840,GLH,8,46,400.0,225.0,90000.0,2024-03-21
2024032104008839,GLH,50,46,200.0,225.0,45000.0,2024-03-21
2024032104008838,GLH,48,46,500.0,225.0,112500.0,2024-03-21
2024032104008837,GLH,62,46,10.0,225.0,2250.0,2024-03-21
2024032104008836,GLH,42,46,100.0,225.0,22500.0,2024-03-21
2024032104008835,GLH,39,46,10.0,225.1,2251.0,2024-03-21
2024032104008834,GLH,38,46,200.0,225.1,45020.0,2024-03-21
2024032104008833,NHPC,46,44,65.0,155.5,10107.5,2024-03-21
2024032104008832,GHL,38,91,495.0,155.0,76725.0,2024-03-21
2024032104008831,GHL,49,91,380.0,155.0,58900.0,2024-03-21
2024032104008830,GHL,45,91,50.0,155.1,7755.0,2024-03-21
2024032104008829,GHL,59,91,50.0,155.1,7755.0,2024-03-21
2024032104008828,GHL,4,91,25.0,155.8,3895.0,2024-03-21
2024032103014869,SJLIC,91,47,600.0,521.0,312600.0,2024-03-21
2024032103014868,SJLIC,91,58,100.0,521.0,52100.0,2024-03-21
2024032101022891,PHCL,58,55,500.0,324.8,162400.0,2024-03-21
2024032104008827,UPPER,42,44,100.0,179.7,17970.0,2024-03-21
2024032104008826,NICL,38,42,44.0,843.0,37092.0,2024-03-21
2024032103014867,SAPDBL,8,44,30.0,303.0,9090.0,2024-03-21
2024032103014866,SAPDBL,14,44,45.0,303.0,13635.0,2024-03-21
2024032103014865,SAPDBL,28,44,50.0,303.1,15155.0,2024-03-21
2024032105004458,NTC,58,14,200.0,850.0,170000.0,2024-03-21
2024032104008825,CGH,39,36,145.0,821.0,119045.0,2024-03-21
2024032101022890,SONA,4,82,400.0,495.5,198200.0,2024-03-21
2024032101022889,SONA,13,82,1000.0,495.5,495500.0,2024-03-21
2024032101022888,SONA,41,82,67.0,495.5,33198.5,2024-03-21
2024032101022887,SONA,41,82,100.0,495.6,49560.0,2024-03-21
2024032104008824,UMRH,1,8,10.0,352.0,3520.0,2024-03-21
2024032101022886,EBL,65,34,16.0,513.1,8209.6,2024-03-21
2024032101022885,DLBS,34,34,55.0,1226.2,67441.0,2024-03-21
2024032104008823,KKHC,36,34,145.0,241.1,34959.5,2024-03-21
2024032103014864,PROFL,34,34,50.0,327.0,16350.0,2024-03-21
2024032104008822,UPCL,45,36,10.0,213.0,2130.0,2024-03-21
2024032103014863,SDLBSL,45,48,10.0,726.0,7260.0,2024-03-21
2024032104008821,UPPER,45,44,35.0,179.7,6289.5,2024-03-21
2024032104008820,UPPER,45,32,65.0,179.7,11680.5,2024-03-21
2024032101022884,SONA,45,13,50.0,495.9,24795.0,2024-03-21
2024032101022883,RNLI,45,34,245.0,440.0,107800.0,2024-03-21
2024032103014862,KMCDB,5,45,10.0,812.0,8120.0,2024-03-21
2024032103014861,MDB,36,62,74.0,421.0,31154.0,2024-03-21
2024032103014860,GUFL,29,57,92.0,855.0,78660.0,2024-03-21
2024032103014859,GUFL,14,57,100.0,855.0,85500.0,2024-03-21
2024032103014858,GUFL,32,57,100.0,855.0,85500.0,2024-03-21
2024032103014857,GUFL,26,57,15.0,855.0,12825.0,2024-03-21
2024032103014856,GUFL,22,57,50.0,855.0,42750.0,2024-03-21
2024032103014855,GUFL,38,57,10.0,855.0,8550.0,2024-03-21
2024032103014854,GUFL,48,57,20.0,855.1,17102.0,2024-03-21
2024032103014853,GUFL,26,57,2000.0,855.1,1710200.0,2024-03-21
2024032103014852,GUFL,34,57,100.0,855.1,85510.0,2024-03-21
2024032103014851,GUFL,49,57,50.0,855.5,42775.0,2024-03-21
2024032103014850,GUFL,8,57,10.0,856.0,8560.0,2024-03-21
2024032103014849,GUFL,3,57,100.0,856.0,85600.0,2024-03-21
2024032103014848,GUFL,58,57,30.0,856.0,25680.0,2024-03-21
2024032103014847,GUFL,49,57,20.0,856.0,17120.0,2024-03-21
2024032103014846,GUFL,34,57,165.0,856.0,141240.0,2024-03-21
2024032103014845,GUFL,58,57,38.0,858.0,32604.0,2024-03-21
2024032105004457,STC,57,5,20.0,5250.0,105000.0,2024-03-21
2024032101022882,CBLD88,58,58,25.0,1014.5,25362.5,2024-03-21
2024032103014844,BFC,45,38,50.0,352.0,17600.0,2024-03-21
2024032103014843,BFC,17,38,50.0,352.1,17605.0,2024-03-21
2024032103014842,ALBSL,38,49,200.0,755.0,151000.0,2024-03-21
2024032103014841,ALBSL,38,49,40.0,755.0,30200.0,2024-03-21
2024032101022881,BGWT,65,4,470.0,620.0,291400.0,2024-03-21
2024032101022880,SHIVM,69,46,50.0,542.0,27100.0,2024-03-21
2024032101022879,SHIVM,69,41,62.0,542.0,33604.0,2024-03-21
2024032101022878,SHIVM,69,56,320.0,542.0,173440.0,2024-03-21
2024032104008819,SHL,81,32,170.0,442.2,75174.0,2024-03-21
2024032104008818,API,32,6,255.0,181.0,46155.0,2024-03-21
2024032104008817,API,32,34,40.0,181.0,7240.0,2024-03-21
2024032104008816,API,32,8,300.0,181.0,54300.0,2024-03-21
2024032104008815,API,32,58,100.0,181.0,18100.0,2024-03-21
2024032104008814,API,32,66,50.0,180.9,9045.0,2024-03-21
2024032103014840,FMDBL,18,45,85.0,628.0,53380.0,2024-03-21
2024032103014839,FMDBL,18,49,219.0,628.0,137532.0,2024-03-21
2024032101022877,AHL,18,32,20.0,437.0,8740.0,2024-03-21
2024032103014838,FMDBL,35,35,90.0,627.3,56457.0,2024-03-21
2024032101022876,SMHL,35,68,56.0,437.0,24472.0,2024-03-21
2024032101022875,SMHL,21,68,12.0,437.0,5244.0,2024-03-21
2024032101022874,SMHL,38,68,125.0,437.0,54625.0,2024-03-21
2024032103014837,SJLIC,34,41,34.0,520.0,17680.0,2024-03-21
2024032104008813,GLH,5,49,30.0,226.0,6780.0,2024-03-21
2024032104008812,UNHPL,5,26,295.0,237.0,69915.0,2024-03-21
2024032104008811,UNHPL,5,7,245.0,237.0,58065.0,2024-03-21
2024032104008810,UNHPL,5,19,460.0,236.0,108560.0,2024-03-21
2024032103014836,MLBL,21,41,10.0,331.0,3310.0,2024-03-21
2024032103014835,ACLBSL,58,29,10.0,740.1,7401.0,2024-03-21
2024032101022873,ANLB,33,81,10.0,2129.0,21290.0,2024-03-21
2024032103014834,RLFL,33,43,100.0,370.9,37090.0,2024-03-21
2024032101022872,MANDU,19,29,10.0,690.0,6900.0,2024-03-21
2024032101022871,MANDU,19,67,10.0,688.0,6880.0,2024-03-21
2024032101022870,MANDU,19,42,10.0,687.0,6870.0,2024-03-21
2024032103014833,NABBC,19,44,25.0,435.0,10875.0,2024-03-21
2024032103014832,NABBC,19,34,275.0,432.9,119047.5,2024-03-21
2024032103014831,NABBC,19,59,50.0,432.0,21600.0,2024-03-21
2024032104008809,GHL,40,34,280.0,156.0,43680.0,2024-03-21
2024032104008808,GHL,40,38,220.0,156.0,34320.0,2024-03-21
2024032105004456,HIDCL,45,25,50.0,173.5,8675.0,2024-03-21
2024032105004455,HIDCL,8,25,150.0,173.5,26025.0,2024-03-21
2024032105004454,HIDCL,17,25,50.0,173.6,8680.0,2024-03-21
2024032101022869,NABIL,49,49,15.0,450.0,6750.0,2024-03-21
2024032101022868,JBLB,65,8,16.0,1378.0,22048.0,2024-03-21
2024032101022867,JBLB,65,38,284.0,1378.0,391352.0,2024-03-21
2024032101022866,HATHY,48,42,10.0,860.0,8600.0,2024-03-21
2024032105004453,SMATA,60,77,45.0,722.0,32490.0,2024-03-21
2024032105004452,SMATA,34,77,10.0,724.3,7243.0,2024-03-21
2024032105004451,SMATA,50,77,100.0,725.0,72500.0,2024-03-21
2024032105004450,SMATA,41,77,20.0,725.0,14500.0,2024-03-21
2024032105004449,SMATA,50,77,50.0,725.1,36255.0,2024-03-21
2024032103014830,KRBL,58,77,1287.0,408.2,525353.4,2024-03-21
2024032103014829,KRBL,58,77,10.0,408.2,4082.0,2024-03-21
2024032103014828,KRBL,56,77,24.0,408.3,9799.2,2024-03-21
2024032103014827,KRBL,58,77,510.0,408.4,208284.0,2024-03-21
2024032103014826,KRBL,48,77,126.0,408.5,51471.0,2024-03-21
2024032103014825,KRBL,21,77,50.0,408.6,20430.0,2024-03-21
2024032103014824,SFCL,47,38,10.0,326.5,3265.0,2024-03-21
2024032103014823,USLB,55,52,100.0,1729.0,172900.0,2024-03-21
2024032103014822,SDLBSL,58,42,17.0,722.1,12275.7,2024-03-21
2024032101022865,PHCL,44,58,10.0,325.0,3250.0,2024-03-21
2024032104008807,CHCL,58,36,50.0,466.0,23300.0,2024-03-21
2024032104008806,CHCL,58,19,50.0,465.9,23295.0,2024-03-21
2024032105004448,NTC,58,14,15.0,850.0,12750.0,2024-03-21
2024032101022864,SHIVM,40,17,188.0,541.2,101745.6,2024-03-21
2024032101022863,SHIVM,74,17,12.0,541.2,6494.4,2024-03-21
2024032101022862,NWCL,74,58,90.0,750.0,67500.0,2024-03-21
2024032101022861,NWCL,74,55,10.0,749.9,7499.0,2024-03-21
2024032101022860,SONA,41,39,200.0,495.6,99120.0,2024-03-21
2024032103014821,GUFL,57,39,100.0,858.0,85800.0,2024-03-21
2024032103014820,JBBL,57,43,477.0,298.3,142289.1,2024-03-21
2024032101022859,SNLI,48,34,10.0,609.9,6099.0,2024-03-21
2024032104008805,JOSHI,34,11,20.0,333.5,6670.0,2024-03-21
2024032104008804,AKPL,50,34,50.0,180.0,9000.0,2024-03-21
2024032104008803,PMHPL,43,34,50.0,243.0,12150.0,2024-03-21
2024032104008802,CGH,45,36,20.0,821.0,16420.0,2024-03-21
2024032101022858,MEHL,45,50,300.0,289.0,86700.0,2024-03-21
2024032101022857,PHCL,36,58,500.0,325.0,162500.0,2024-03-21
2024032105004447,NRIC,28,58,50.0,739.0,36950.0,2024-03-21
2024032101022856,BNT,44,28,30.0,13401.0,402030.0,2024-03-21
2024032101022855,BNT,44,28,10.0,13450.0,134500.0,2024-03-21
2024032104008801,API,51,66,50.0,180.9,9045.0,2024-03-21
2024032103014819,RSDC,51,49,49.0,604.0,29596.0,2024-03-21
2024032103014818,SWBBL,44,57,100.0,761.1,76110.0,2024-03-21
2024032103014817,SWBBL,32,57,10.0,765.0,7650.0,2024-03-21
2024032105004446,HRL,57,49,19.0,607.0,11533.0,2024-03-21
2024032105004445,HRL,57,58,111.0,607.0,67377.0,2024-03-21
2024032104008800,NHDL,58,50,10.0,422.5,4225.0,2024-03-21
2024032104008799,NIL,65,38,11.0,819.1,9010.1,2024-03-21
2024032103014816,PROFL,38,34,50.0,327.0,16350.0,2024-03-21
2024032101022854,PCBL,17,38,340.0,195.0,66300.0,2024-03-21
2024032101022853,PCBL,34,38,10.0,195.1,1951.0,2024-03-21
2024032104008798,AKPL,50,4,164.0,180.0,29520.0,2024-03-21
2024032104008797,AKPL,46,4,62.0,180.0,11160.0,2024-03-21
2024032104008796,AKPL,62,4,43.0,180.0,7740.0,2024-03-21
2024032103014815,SJLIC,34,4,308.0,520.0,160160.0,2024-03-21
2024032103014814,SJLIC,72,4,236.0,520.0,122720.0,2024-03-21
2024032103014813,SINDU,32,85,350.0,357.0,124950.0,2024-03-21
2024032101022852,NABIL,22,57,100.0,451.0,45100.0,2024-03-21
2024032101022851,NABIL,22,19,120.0,450.2,54024.0,2024-03-21
2024032104008795,UPPER,62,32,100.0,179.7,17970.0,2024-03-21
2024032101022850,DLBS,34,41,14.0,1226.2,17166.8,2024-03-21
2024032104008794,RADHI,41,38,57.0,243.0,13851.0,2024-03-21
2024032104008793,RADHI,41,36,45.0,243.0,10935.0,2024-03-21
2024032104008792,RADHI,41,54,98.0,242.9,23804.2,2024-03-21
2024032101022849,SONA,58,13,50.0,495.9,24795.0,2024-03-21
2024032103014812,GUFL,42,20,100.0,858.0,85800.0,2024-03-21
2024032101022848,MBL,14,56,3650.0,182.0,664300.0,2024-03-21
2024032104008791,AKJCL,51,40,941.0,217.1,204291.1,2024-03-21
2024032104008790,AKJCL,51,40,1059.0,217.1,229908.9,2024-03-21
2024032103014811,GRDBL,46,25,70.0,376.3,26341.0,2024-03-21
2024032103014810,GRDBL,41,25,10.0,376.4,3764.0,2024-03-21
2024032103014809,GRDBL,29,25,20.0,376.9,7538.0,2024-03-21
2024032104008789,NIL,25,17,95.0,820.0,77900.0,2024-03-21
2024032103014808,NFS,50,13,100.0,398.1,39810.0,2024-03-21
2024032103014807,RSDC,6,49,20.0,604.0,12080.0,2024-03-21
2024032103014806,RSDC,47,49,83.0,604.0,50132.0,2024-03-21
2024032103014805,CFCL,13,4,290.0,359.0,104110.0,2024-03-21
2024032101022847,PPL,62,52,250.0,410.0,102500.0,2024-03-21
2024032104008788,AHPC,7,25,90.0,178.8,16092.0,2024-03-21
2024032101022846,TSHL,40,6,200.0,490.0,98000.0,2024-03-21
2024032104008787,AHPC,6,25,10.0,178.8,1788.0,2024-03-21
2024032104008786,BARUN,51,50,60.0,242.0,14520.0,2024-03-21
2024032104008785,BARUN,41,50,19.0,242.1,4599.9,2024-03-21
2024032104008784,BARUN,22,50,70.0,242.1,16947.0,2024-03-21
2024032104008783,BARUN,45,50,50.0,242.9,12145.0,2024-03-21
2024032104008782,JOSHI,46,11,100.0,333.5,33350.0,2024-03-21
2024032101022845,KBL,46,16,50.0,140.2,7010.0,2024-03-21
2024032101022844,MSHL,8,85,69.0,615.0,42435.0,2024-03-21
2024032101022843,MSHL,8,85,120.0,615.0,73800.0,2024-03-21
2024032101022842,MSHL,14,85,11.0,616.0,6776.0,2024-03-21
2024032101022841,MAKAR,47,58,50.0,376.0,18800.0,2024-03-21
2024032101022840,ULHC,25,55,487.0,315.0,153405.0,2024-03-21
2024032101022839,ULHC,47,55,640.0,315.0,201600.0,2024-03-21
2024032101022838,ULHC,48,55,30.0,316.0,9480.0,2024-03-21
2024032103014804,USLB,55,52,30.0,1729.0,51870.0,2024-03-21
2024032103014803,USLB,55,62,100.0,1728.9,172890.0,2024-03-21
2024032103014802,USLB,55,21,36.0,1728.0,62208.0,2024-03-21
2024032103014801,USLB,55,52,200.0,1728.0,345600.0,2024-03-21
2024032103014800,USLB,55,49,10.0,1728.0,17280.0,2024-03-21
2024032103014799,USLB,55,62,100.0,1727.8,172780.0,2024-03-21
2024032103014798,USLB,55,34,10.0,1727.0,17270.0,2024-03-21
2024032103014797,USLB,55,51,90.0,1725.0,155250.0,2024-03-21
2024032103014796,USLB,55,37,10.0,1725.0,17250.0,2024-03-21
2024032103014795,USLB,55,57,20.0,1723.8,34476.0,2024-03-21
2024032103014794,USLB,55,34,10.0,1723.0,17230.0,2024-03-21
2024032103014793,USLB,55,56,27.0,1720.0,46440.0,2024-03-21
2024032103014792,USLB,55,45,10.0,1720.0,17200.0,2024-03-21
2024032103014791,USLB,55,42,18.0,1720.0,30960.0,2024-03-21
2024032101022837,MCHL,29,70,10.0,326.0,3260.0,2024-03-21
2024032104008781,MHNL,42,11,10.0,241.0,2410.0,2024-03-21
2024032105004444,HIDCL,42,55,80.0,173.8,13904.0,2024-03-21
2024032104008780,PPCL,32,14,444.0,247.6,109934.4,2024-03-21
2024032104008779,PPCL,52,14,30.0,247.7,7431.0,2024-03-21
2024032104008778,PPCL,43,14,76.0,248.0,18848.0,2024-03-21
2024032101022836,CLI,65,58,100.0,458.2,45820.0,2024-03-21
2024032101022835,HATHY,58,42,91.0,860.0,78260.0,2024-03-21
2024032101022834,DOLTI,56,17,10.0,371.0,3710.0,2024-03-21
2024032101022833,SHIVM,17,56,80.0,542.0,43360.0,2024-03-21
2024032101022832,SHIVM,17,13,20.0,541.5,10830.0,2024-03-21
2024032104008777,SPDL,17,59,25.0,245.0,6125.0,2024-03-21
2024032103014790,KSBBL,39,17,80.0,362.0,28960.0,2024-03-21
2024032103014789,KSBBL,39,17,100.0,362.0,36200.0,2024-03-21
2024032103014788,KSBBL,39,17,200.0,362.0,72400.0,2024-03-21
2024032103014787,KSBBL,77,17,600.0,362.0,217200.0,2024-03-21
2024032103014786,KSBBL,74,17,100.0,362.1,36210.0,2024-03-21
2024032103014785,KSBBL,66,17,70.0,362.2,25354.0,2024-03-21
2024032104008776,RIDI,55,43,20.0,188.4,3768.0,2024-03-21
2024032101022831,CLI,65,26,157.0,458.2,71937.4,2024-03-21
2024032103014784,EDBL,16,26,600.0,360.0,216000.0,2024-03-21
2024032103014783,WNLB,57,34,10.0,1080.0,10800.0,2024-03-21
2024032103014782,WNLB,59,34,90.0,1080.0,97200.0,2024-03-21
2024032104008775,SICL,34,13,10.0,708.8,7088.0,2024-03-21
2024032103014781,SAPDBL,14,45,455.0,303.0,137865.0,2024-03-21
2024032103014780,SAPDBL,34,45,15.0,303.0,4545.0,2024-03-21
2024032103014779,SAPDBL,34,45,100.0,303.0,30300.0,2024-03-21
2024032103014778,SAPDBL,34,45,200.0,303.0,60600.0,2024-03-21
2024032103014777,SAPDBL,32,45,350.0,303.0,106050.0,2024-03-21
2024032103014776,KMCDB,5,45,50.0,812.0,40600.0,2024-03-21
2024032105004443,HIDCL,57,55,18.0,173.8,3128.4,2024-03-21
2024032103014775,ALBSL,58,49,10.0,755.0,7550.0,2024-03-21
2024032104008774,SPIL,58,38,10.0,745.0,7450.0,2024-03-21
2024032103014774,JSLBB,13,11,36.0,1062.0,38232.0,2024-03-21
2024032103014773,NLIC,22,33,10.0,606.0,6060.0,2024-03-21
2024032101022830,SHIVM,22,13,20.0,541.5,10830.0,2024-03-21
2024032103014772,HLI,85,41,823.0,410.0,337430.0,2024-03-21
2024032104008773,NGPL,41,58,100.0,300.0,30000.0,2024-03-21
2024032105004442,STC,54,5,20.0,5250.0,105000.0,2024-03-21
2024032105004441,STC,22,5,10.0,5250.0,52500.0,2024-03-21
2024032101022829,GVL,47,56,65.0,425.5,27657.5,2024-03-21
2024032101022828,GVL,57,56,20.0,425.5,8510.0,2024-03-21
2024032101022827,GVL,45,56,35.0,425.6,14896.0,2024-03-21
2024032103014771,ICFC,26,29,244.0,520.0,126880.0,2024-03-21
2024032103014770,ICFC,49,29,100.0,520.0,52000.0,2024-03-21
2024032103014769,ICFC,45,29,100.0,520.0,52000.0,2024-03-21
2024032103014768,ICFC,47,29,50.0,520.0,26000.0,2024-03-21
2024032103014767,ICFC,41,29,83.0,520.0,43160.0,2024-03-21
2024032103014766,GRDBL,53,18,15.0,378.0,5670.0,2024-03-21
2024032103014765,GRDBL,53,53,10.0,377.9,3779.0,2024-03-21
2024032103014764,KSBBL,66,63,930.0,362.2,336846.0,2024-03-21
2024032103014763,KSBBL,71,63,70.0,362.3,25361.0,2024-03-21
2024032105004440,ENL,1,63,43.0,762.2,32774.6,2024-03-21
2024032105004439,ENL,58,63,100.0,763.0,76300.0,2024-03-21
2024032105004438,ENL,58,63,100.0,764.0,76400.0,2024-03-21
2024032105004437,ENL,77,63,10.0,764.0,7640.0,2024-03-21
2024032105004436,ENL,38,63,100.0,764.1,76410.0,2024-03-21
2024032101022826,NRM,44,19,50.0,383.6,19180.0,2024-03-21
2024032103014762,KMCDB,5,19,13.0,812.0,10556.0,2024-03-21
2024032103014761,SKBBL,25,34,350.0,855.0,299250.0,2024-03-21
2024032103014760,FMDBL,57,49,20.0,627.2,12544.0,2024-03-21
2024032105004435,HRL,52,58,10.0,607.0,6070.0,2024-03-21
2024032105004434,HRL,52,20,100.0,606.9,60690.0,2024-03-21
2024032105004433,HRL,52,14,90.0,606.9,54621.0,2024-03-21
2024032104008772,SHPC,52,49,200.0,342.0,68400.0,2024-03-21
2024032101022825,DORDI,55,59,50.0,441.3,22065.0,2024-03-21
2024032101022824,DORDI,44,59,250.0,441.3,110325.0,2024-03-21
2024032104008771,NGPL,50,6,200.0,299.7,59940.0,2024-03-21
2024032103014759,SADBL,50,42,299.0,305.0,91195.0,2024-03-21
2024032103014758,SADBL,50,46,81.0,303.9,24615.9,2024-03-21
2024032103014757,SADBL,50,58,20.0,303.7,6074.0,2024-03-21
2024032103014756,SADBL,50,46,100.0,303.6,30360.0,2024-03-21
2024032104008770,UAIL,50,55,117.0,545.0,63765.0,2024-03-21
2024032104008769,UAIL,36,55,83.0,546.0,45318.0,2024-03-21
2024032103014755,USLB,55,55,50.0,1715.0,85750.0,2024-03-21
2024032103014754,USLB,55,19,50.0,1715.0,85750.0,2024-03-21
2024032104008768,JOSHI,13,42,198.0,333.2,65973.6,2024-03-21
2024032104008767,JOSHI,16,42,300.0,333.3,99990.0,2024-03-21
2024032104008766,JOSHI,41,42,102.0,333.5,34017.0,2024-03-21
2024032104008765,JOSHI,74,85,20.0,334.0,6680.0,2024-03-21
2024032103014753,FMDBL,54,49,160.0,628.0,100480.0,2024-03-21
2024032103014752,FMDBL,54,13,40.0,627.5,25100.0,2024-03-21
2024032101022823,CITY,39,34,10.0,603.0,6030.0,2024-03-21
2024032104008764,AKJCL,51,66,200.0,217.1,43420.0,2024-03-21
2024032101022822,SONA,26,13,300.0,496.0,148800.0,2024-03-21
2024032104008763,DHPL,43,16,50.0,198.0,9900.0,2024-03-21
2024032101022821,KBL,58,16,30.0,140.2,4206.0,2024-03-21
2024032101022820,DORDI,34,38,100.0,442.0,44200.0,2024-03-21
2024032104008762,GHL,4,45,600.0,155.8,93480.0,2024-03-21
2024032101022819,MLBS,51,52,40.0,954.0,38160.0,2024-03-21
2024032101022818,MLBS,51,49,10.0,954.0,9540.0,2024-03-21
2024032103014751,SJLIC,72,22,50.0,520.0,26000.0,2024-03-21
2024032103014750,SJLIC,72,53,214.0,520.0,111280.0,2024-03-21
2024032101022817,MEHL,51,58,10.0,288.0,2880.0,2024-03-21
2024032101022816,SNLI,48,38,85.0,609.9,51841.5,2024-03-21
2024032101022815,SONA,41,4,133.0,495.5,65901.5,2024-03-21
2024032101022814,SONA,34,4,267.0,495.5,132298.5,2024-03-21
2024032101022813,SONA,55,4,100.0,495.7,49570.0,2024-03-21
2024032101022812,RFPL,20,38,70.0,381.0,26670.0,2024-03-21
2024032104008761,SICL,71,32,120.0,705.9,84708.0,2024-03-21
2024032104008760,SICL,77,32,230.0,705.9,162357.0,2024-03-21
2024032103014749,NICLBSL,10,37,10.0,618.7,6187.0,2024-03-21
2024032103014748,ALBSL,57,35,52.0,753.1,39161.2,2024-03-21
2024032104008759,LEC,38,35,200.0,185.0,37000.0,2024-03-21
2024032104008758,LEC,74,35,1500.0,185.0,277500.0,2024-03-21
2024032104008757,LEC,40,35,20.0,185.0,3700.0,2024-03-21
2024032104008756,LEC,35,35,50.0,185.0,9250.0,2024-03-21
2024032104008755,LEC,38,35,100.0,185.1,18510.0,2024-03-21
2024032104008754,HDHPC,58,34,10.0,139.5,1395.0,2024-03-21
2024032101022811,GBIME,58,45,21.0,188.6,3960.6,2024-03-21
2024032101022810,GBIME,58,25,26.0,188.0,4888.0,2024-03-21
2024032101022809,PCBL,20,55,354.0,195.6,69242.4,2024-03-21
2024032104008753,NHPC,41,44,250.0,155.5,38875.0,2024-03-21
2024032101022808,HDL,36,49,20.0,1538.0,30760.0,2024-03-21
2024032103014747,ICFC,41,52,10.0,520.0,5200.0,2024-03-21
2024032103014746,NFS,51,52,300.0,397.5,119250.0,2024-03-21
2024032103014745,NFS,43,52,50.0,398.0,19900.0,2024-03-21
2024032103014744,NFS,4,52,100.0,398.0,39800.0,2024-03-21
2024032103014743,NFS,49,52,50.0,398.0,19900.0,2024-03-21
2024032104008752,UPPER,52,32,110.0,179.7,19767.0,2024-03-21
2024032103014742,ICFC,59,28,2000.0,521.0,1042000.0,2024-03-21
2024032101022807,GCIL,50,59,100.0,530.1,53010.0,2024-03-21
2024032103014741,SHINE,88,6,30.0,375.5,11265.0,2024-03-21
2024032101022806,NICA,6,48,28.0,415.0,11620.0,2024-03-21
2024032101022805,NICA,6,19,30.0,415.0,12450.0,2024-03-21
2024032101022804,NICA,6,38,60.0,414.4,24864.0,2024-03-21
2024032101022803,NICA,6,34,14.0,414.4,5801.6,2024-03-21
2024032101022802,NICA,6,34,68.0,414.3,28172.4,2024-03-21
2024032101022801,MHCL,42,6,25.0,440.0,11000.0,2024-03-21
2024032101022800,ULHC,55,46,50.0,316.8,15840.0,2024-03-21
2024032104008751,NIL,42,17,55.0,820.0,45100.0,2024-03-21
2024032101022799,HIDCLP,17,32,10.0,103.5,1035.0,2024-03-21
2024032101022798,HIDCLP,17,25,100.0,103.4,10340.0,2024-03-21
2024032101022797,MHCL,42,17,308.0,440.0,135520.0,2024-03-21
2024032103014740,RSDC,47,54,80.0,604.0,48320.0,2024-03-21
2024032101022796,NABIL,6,26,42.0,450.0,18900.0,2024-03-21
2024032101022795,SARBTM,64,34,50.0,739.9,36995.0,2024-03-21
2024032101022794,SONA,34,13,100.0,496.0,49600.0,2024-03-21
2024032104008750,UPPER,34,51,333.0,179.5,59773.5,2024-03-21
2024032104008749,BARUN,45,49,90.0,242.9,21861.0,2024-03-21
2024032104008748,GHL,4,36,375.0,155.8,58425.0,2024-03-21
2024032101022793,MHCL,49,36,10.0,440.0,4400.0,2024-03-21
2024032104008747,UPPER,36,51,100.0,179.5,17950.0,2024-03-21
2024032104008746,UPPER,72,51,167.0,179.5,29976.5,2024-03-21
2024032101022792,PPL,62,57,10.0,410.0,4100.0,2024-03-21
2024032104008745,NICL,44,38,110.0,844.0,92840.0,2024-03-21
2024032101022791,SMH,38,29,80.0,659.0,52720.0,2024-03-21
2024032101022790,LSL,8,32,15.0,161.5,2422.5,2024-03-21
2024032104008744,UPPER,18,32,10.0,179.7,1797.0,2024-03-21
2024032103014739,PROFL,22,34,200.0,327.0,65400.0,2024-03-21
2024032103014738,MLBL,25,35,565.0,330.1,186506.5,2024-03-21
2024032101022789,ULHC,48,35,300.0,316.0,94800.0,2024-03-21
2024032104008743,UPCL,5,36,10.0,213.0,2130.0,2024-03-21
2024032101022788,DLBS,45,21,10.0,1226.1,12261.0,2024-03-21
2024032105004432,NTC,58,42,121.0,850.0,102850.0,2024-03-21
2024032101022787,BHL,20,51,20.0,340.0,6800.0,2024-03-21
2024032101022786,BHL,20,58,10.0,340.0,3400.0,2024-03-21
2024032101022785,BHL,20,22,10.0,340.0,3400.0,2024-03-21
2024032105004431,HRL,58,14,10.0,606.9,6069.0,2024-03-21
2024032104008742,SHEL,53,29,100.0,203.0,20300.0,2024-03-21
2024032101022784,RNLI,19,41,10.0,439.1,4391.0,2024-03-21
2024032104008741,SSHL,54,40,10.0,164.7,1647.0,2024-03-21
2024032104008740,SSHL,47,40,180.0,164.7,29646.0,2024-03-21
2024032103014737,MNBBL,4,25,41.0,360.1,14764.1,2024-03-21
2024032101022783,MAKAR,34,49,10.0,375.1,3751.0,2024-03-21
2024032103014736,PMLI,1,49,180.0,528.6,95148.0,2024-03-21
2024032101022782,SMJC,49,62,10.0,357.0,3570.0,2024-03-21
2024032101022781,RNLI,49,34,60.0,440.0,26400.0,2024-03-21
2024032101022780,BHPL,58,52,105.0,484.0,50820.0,2024-03-21
2024032101022779,SNLI,48,41,10.0,610.0,6100.0,2024-03-21
2024032104008739,UPPER,48,32,300.0,179.7,53910.0,2024-03-21
2024032103014735,NADEP,59,26,326.0,675.0,220050.0,2024-03-21
2024032103014734,NADEP,59,19,124.0,675.0,83700.0,2024-03-21
2024032103014733,NADEP,59,26,50.0,674.0,33700.0,2024-03-21
2024032103014732,CBBL,46,55,46.0,867.0,39882.0,2024-03-21
2024032103014731,USLB,55,67,10.0,1713.6,17136.0,2024-03-21
2024032104008738,UPPER,72,55,33.0,179.5,5923.5,2024-03-21
2024032104008737,UPPER,34,55,470.0,179.5,84365.0,2024-03-21
2024032104008736,UPPER,57,55,50.0,179.5,8975.0,2024-03-21
2024032104008735,UPPER,51,55,197.0,179.5,35361.5,2024-03-21
2024032103014730,GUFL,71,49,45.0,859.1,38659.5,2024-03-21
2024032103014729,GUFL,71,51,200.0,858.0,171600.0,2024-03-21
2024032103014728,GUFL,71,49,45.0,858.0,38610.0,2024-03-21
2024032103014727,GUFL,71,43,10.0,858.0,8580.0,2024-03-21
2024032103014726,SAPDBL,32,71,150.0,303.0,45450.0,2024-03-21
2024032103014725,SAPDBL,75,71,5000.0,303.1,1515500.0,2024-03-21
2024032103014724,SAPDBL,34,71,430.0,303.2,130376.0,2024-03-21
2024032105004430,STC,42,17,20.0,5260.0,105200.0,2024-03-21
2024032105004429,STC,42,54,10.0,5252.0,52520.0,2024-03-21
2024032101022778,RHGCL,45,42,100.0,287.3,28730.0,2024-03-21
2024032104008734,AKPL,62,54,40.0,180.0,7200.0,2024-03-21
2024032103014723,RSDC,47,39,37.0,604.0,22348.0,2024-03-21
2024032103014722,RSDC,59,39,16.0,604.0,9664.0,2024-03-21
2024032104008733,UPPER,51,43,80.0,179.5,14360.0,2024-03-21
2024032104008732,UPPER,57,43,100.0,179.5,17950.0,2024-03-21
2024032104008731,UPPER,46,43,320.0,179.5,57440.0,2024-03-21
2024032103014721,GUFL,34,43,10.0,856.0,8560.0,2024-03-21
2024032101022777,MKLB,34,49,10.0,835.0,8350.0,2024-03-21
2024032101022776,SMJC,34,62,100.0,357.0,35700.0,2024-03-21
2024032101022775,MEL,45,45,300.0,215.1,64530.0,2024-03-21
2024032103014720,MERO,7,45,400.0,615.0,246000.0,2024-03-21
2024032101022774,SMJC,21,45,10.0,356.0,3560.0,2024-03-21
2024032101022773,PPL,62,57,10.0,410.0,4100.0,2024-03-21
2024032101022772,SONA,57,13,700.0,496.0,347200.0,2024-03-21
2024032105004428,HRL,72,49,10.0,606.5,6065.0,2024-03-21
2024032104008730,UMRH,58,57,243.0,350.0,85050.0,2024-03-21
2024032104008729,UMRH,22,57,250.0,350.0,87500.0,2024-03-21
2024032104008728,UMRH,13,57,200.0,350.0,70000.0,2024-03-21
2024032104008727,UMRH,52,57,342.0,350.0,119700.0,2024-03-21
2024032104008726,UMRH,32,57,100.0,350.0,35000.0,2024-03-21
2024032104008725,UMRH,20,57,100.0,350.2,35020.0,2024-03-21
2024032104008724,UMRH,43,57,100.0,350.2,35020.0,2024-03-21
2024032104008723,UMRH,42,57,90.0,350.3,31527.0,2024-03-21
2024032104008722,UMRH,5,57,55.0,350.4,19272.0,2024-03-21
2024032105004427,HRL,72,50,10.0,606.5,6065.0,2024-03-21
2024032104008721,UMRH,22,57,20.0,350.5,7010.0,2024-03-21
2024032104008720,MEN,11,45,80.0,554.0,44320.0,2024-03-21
2024032103014719,SAPDBL,34,38,200.0,303.2,60640.0,2024-03-21
2024032104008719,UPPER,38,32,200.0,179.7,35940.0,2024-03-21
2024032104008718,RADHI,58,32,230.0,242.6,55798.0,2024-03-21
2024032104008717,RADHI,42,32,20.0,242.7,4854.0,2024-03-21
2024032101022771,SONA,34,10,60.0,495.5,29730.0,2024-03-21
2024032101022770,SONA,77,10,1000.0,495.6,495600.0,2024-03-21
2024032101022769,SONA,8,10,200.0,495.6,99120.0,2024-03-21
2024032101022768,SONA,17,10,450.0,495.6,223020.0,2024-03-21
2024032101022767,SONA,25,10,200.0,495.7,99140.0,2024-03-21
2024032101022766,SONA,6,10,90.0,495.9,44631.0,2024-03-21
2024032103014718,MPFL,35,43,311.0,380.0,118180.0,2024-03-21
2024032103014717,MPFL,35,11,500.0,379.9,189950.0,2024-03-21
2024032103014716,MPFL,35,13,189.0,379.0,71631.0,2024-03-21
2024032101022765,GCIL,50,35,300.0,530.1,159030.0,2024-03-21
2024032101022764,GCIL,34,35,100.0,530.1,53010.0,2024-03-21
2024032101022763,GCIL,47,35,500.0,530.5,265250.0,2024-03-21
2024032101022762,TSHL,40,5,30.0,490.0,14700.0,2024-03-21
2024032101022761,TSHL,60,5,70.0,490.0,34300.0,2024-03-21
2024032101022760,BHPL,58,21,200.0,484.0,96800.0,2024-03-21
2024032101022759,NICA,6,20,853.0,414.1,353227.3,2024-03-21
2024032101022758,NICA,49,20,30.0,414.2,12426.0,2024-03-21
2024032101022757,NICA,58,20,117.0,414.2,48461.4,2024-03-21
2024032103014715,MERO,19,32,20.0,616.0,12320.0,2024-03-21
2024032103014714,SAPDBL,34,25,140.0,303.2,42448.0,2024-03-21
2024032103014713,GUFL,25,43,190.0,858.0,163020.0,2024-03-21
2024032103014712,GUFL,25,48,10.0,858.0,8580.0,2024-03-21
2024032105004426,HRL,65,77,50.0,606.3,30315.0,2024-03-21
2024032104008716,JOSHI,41,7,15.0,333.5,5002.5,2024-03-21
2024032105004425,HRL,11,77,20.0,606.3,12126.0,2024-03-21
