transaction,symbol,buyer,seller,quantity,rate,amount,date
2025011301023004,UHEWA,36,35,10.0,824.0,8240.0,2025-01-13
2025011301023003,RFPL,39,57,20.0,1360.0,27200.0,2025-01-13
2025011301023002,RFPL,39,49,30.0,1352.0,40560.0,2025-01-13
2025011301023001,MAKAR,48,59,10.0,632.1,6321.0,2025-01-13
2025011303015918,VLBS,38,44,94.0,835.0,78490.0,2025-01-13
2025011303015917,VLBS,52,44,86.0,835.0,71810.0,2025-01-13
2025011303015916,VLBS,37,44,90.0,835.0,75150.0,2025-01-13
2025011304013385,GLH,10,43,10.0,244.8,2448.0,2025-01-13
2025011303015915,GRDBL,58,92,20.0,1143.0,22860.0,2025-01-13
2025011303015914,GRDBL,29,92,30.0,1157.9,34737.0,2025-01-13
2025011301023000,MKJC,29,45,10.0,550.0,5500.0,2025-01-13
2025011304013384,RURU,17,48,60.0,729.0,43740.0,2025-01-13
2025011304013383,RURU,34,48,180.0,729.0,131220.0,2025-01-13
2025011303015913,MNBBL,49,88,90.0,368.9,33201.0,2025-01-13
2025011303015912,NABBC,20,17,905.0,1075.0,972875.0,2025-01-13
2025011303015911,NABBC,20,32,100.0,1075.0,107500.0,2025-01-13
2025011303015910,NABBC,20,33,50.0,1075.0,53750.0,2025-01-13
2025011303015909,NABBC,20,38,50.0,1075.0,53750.0,2025-01-13
2025011303015908,NABBC,20,77,100.0,1075.0,107500.0,2025-01-13
2025011303015907,NABBC,20,77,100.0,1075.0,107500.0,2025-01-13
2025011303015906,NABBC,20,77,200.0,1075.0,215000.0,2025-01-13
2025011303015905,NABBC,20,45,10.0,1074.5,10745.0,2025-01-13
2025011303015904,NABBC,20,77,100.0,1074.0,107400.0,2025-01-13
2025011303015903,NABBC,20,55,180.0,1074.0,193320.0,2025-01-13
2025011303015902,NABBC,20,77,100.0,1074.0,107400.0,2025-01-13
2025011303015901,NABBC,20,77,100.0,1074.0,107400.0,2025-01-13
2025011303015900,NABBC,20,77,100.0,1074.0,107400.0,2025-01-13
2025011303015899,NABBC,20,77,100.0,1074.0,107400.0,2025-01-13
2025011303015898,NABBC,20,34,10.0,1073.0,10730.0,2025-01-13
2025011303015897,NABBC,20,49,40.0,1072.0,42880.0,2025-01-13
2025011303015896,NABBC,20,57,30.0,1071.5,32145.0,2025-01-13
2025011303015895,NABBC,20,69,200.0,1071.2,214240.0,2025-01-13
2025011303015894,NABBC,20,77,30.0,1071.0,32130.0,2025-01-13
2025011303015893,NABBC,20,55,200.0,1071.0,214200.0,2025-01-13
2025011303015892,NABBC,20,92,120.0,1070.9,128508.0,2025-01-13
2025011303015891,NABBC,20,6,100.0,1070.8,107080.0,2025-01-13
2025011303015890,NABBC,20,22,100.0,1070.0,107000.0,2025-01-13
2025011303015889,NABBC,20,53,100.0,1070.0,107000.0,2025-01-13
2025011303015888,NABBC,20,58,20.0,1070.0,21400.0,2025-01-13
2025011303015887,NABBC,20,77,55.0,1070.0,58850.0,2025-01-13
2025011303015886,SMB,49,17,15.0,2770.0,41550.0,2025-01-13
2025011303015885,SMB,49,51,31.0,2769.0,85839.0,2025-01-13
2025011303015884,SMB,49,48,10.0,2769.0,27690.0,2025-01-13
2025011303015883,SMB,49,35,30.0,2769.0,83070.0,2025-01-13
2025011303015882,SMB,49,45,10.0,2767.0,27670.0,2025-01-13
2025011303015881,SMB,49,45,12.0,2765.0,33180.0,2025-01-13
2025011303015880,SMB,49,58,20.0,2765.0,55300.0,2025-01-13
2025011303015879,SMB,49,42,59.0,2755.0,162545.0,2025-01-13
2025011303015878,BFC,17,49,230.0,637.0,146510.0,2025-01-13
2025011303015877,CORBL,71,71,10.0,1668.0,16680.0,2025-01-13
2025011303015876,GRDBL,71,34,10.0,1159.0,11590.0,2025-01-13
2025011303015875,GBBL,50,53,10.0,389.0,3890.0,2025-01-13
2025011301022999,SMHL,65,44,44.0,1509.0,66396.0,2025-01-13
2025011301022998,SMHL,65,35,1490.0,1509.0,2248410.0,2025-01-13
2025011301022997,SMHL,65,34,300.0,1508.0,452400.0,2025-01-13
2025011301022996,SMHL,65,59,20.0,1508.0,30160.0,2025-01-13
2025011301022995,SMHL,65,22,135.0,1508.0,203580.0,2025-01-13
2025011301022994,SMHL,65,44,100.0,1508.0,150800.0,2025-01-13
2025011301022993,SMHL,65,58,10.0,1507.9,15079.0,2025-01-13
2025011301022992,SMHL,65,21,10.0,1507.0,15070.0,2025-01-13
2025011301022991,SMHL,65,49,10.0,1506.0,15060.0,2025-01-13
2025011301022990,SMHL,65,58,10.0,1449.4,14494.0,2025-01-13
2025011301022989,SMHL,65,16,10.0,1449.4,14494.0,2025-01-13
2025011301022988,SMHL,65,58,10.0,1449.4,14494.0,2025-01-13
2025011301022987,SMHL,65,65,11.0,1449.4,15943.4,2025-01-13
2025011301022986,SMHL,65,66,100.0,1449.0,144900.0,2025-01-13
2025011301022985,SMHL,65,63,10.0,1449.0,14490.0,2025-01-13
2025011301022984,SMHL,65,37,100.0,1448.4,144840.0,2025-01-13
2025011301022983,SMHL,65,58,10.0,1448.1,14481.0,2025-01-13
2025011301022982,SMHL,65,21,30.0,1448.0,43440.0,2025-01-13
2025011301022981,SMHL,65,65,250.0,1448.0,362000.0,2025-01-13
2025011301022980,SMHL,65,59,10.0,1448.0,14480.0,2025-01-13
2025011301022979,SMHL,65,33,1000.0,1447.0,1447000.0,2025-01-13
2025011301022978,SMHL,65,57,10.0,1445.0,14450.0,2025-01-13
2025011301022977,SMHL,65,33,1000.0,1444.0,1444000.0,2025-01-13
2025011301022976,SMHL,65,37,50.0,1443.3,72165.0,2025-01-13
2025011301022975,SMHL,65,39,10.0,1443.0,14430.0,2025-01-13
2025011301022974,SMHL,65,57,50.0,1443.0,72150.0,2025-01-13
2025011301022973,SMHL,65,17,10.0,1443.0,14430.0,2025-01-13
2025011301022972,SMHL,65,49,1000.0,1443.0,1443000.0,2025-01-13
2025011301022971,SMHL,65,41,10.0,1443.0,14430.0,2025-01-13
2025011301022970,SMHL,65,92,10.0,1443.0,14430.0,2025-01-13
2025011301022969,SMHL,65,38,10.0,1443.0,14430.0,2025-01-13
2025011301022968,SMHL,65,58,10.0,1440.0,14400.0,2025-01-13
2025011301022967,SMHL,65,74,10.0,1440.0,14400.0,2025-01-13
2025011301022966,SMHL,65,65,30.0,1440.0,43200.0,2025-01-13
2025011301022965,SMHL,65,42,50.0,1428.0,71400.0,2025-01-13
2025011301022964,SMHL,65,58,10.0,1428.0,14280.0,2025-01-13
2025011301022963,SMHL,65,33,1000.0,1428.0,1428000.0,2025-01-13
2025011301022962,SMHL,65,40,30.0,1420.0,42600.0,2025-01-13
2025011301022961,SMHL,65,56,10.0,1420.0,14200.0,2025-01-13
2025011301022960,SMHL,65,43,20.0,1420.0,28400.0,2025-01-13
2025011305011971,RNLI,85,58,11.0,509.0,5599.0,2025-01-13
2025011305011970,RNLI,85,85,50.0,508.8,25440.0,2025-01-13
2025011305011969,RNLI,85,58,11.0,508.5,5593.5,2025-01-13
2025011305011968,RNLI,85,53,10.0,508.5,5085.0,2025-01-13
2025011305011967,RNLI,85,50,50.0,508.4,25420.0,2025-01-13
2025011305011966,RNLI,85,85,59.0,508.4,29995.6,2025-01-13
2025011303015874,NABBC,28,77,45.0,1070.0,48150.0,2025-01-13
2025011303015873,NABBC,28,77,100.0,1070.0,107000.0,2025-01-13
2025011303015872,NABBC,28,6,100.0,1069.9,106990.0,2025-01-13
2025011303015871,NABBC,28,26,65.0,1069.9,69543.5,2025-01-13
2025011303015870,NABBC,28,92,50.0,1069.8,53490.0,2025-01-13
2025011303015869,NABBC,28,91,40.0,1069.8,42792.0,2025-01-13
2025011303015868,NABBC,69,91,10.0,1069.8,10698.0,2025-01-13
2025011305011965,HATHY,69,34,110.0,1339.9,147389.0,2025-01-13
2025011305011964,HATHY,69,34,50.0,1339.9,66995.0,2025-01-13
2025011305011963,HATHY,69,91,340.0,1339.0,455260.0,2025-01-13
2025011303015867,HLBSL,47,42,20.0,943.0,18860.0,2025-01-13
2025011301022959,ULBSL,66,34,10.0,4084.0,40840.0,2025-01-13
2025011301022958,TVCL,58,3,10.0,584.0,5840.0,2025-01-13
2025011303015866,BFC,17,3,30.0,637.0,19110.0,2025-01-13
2025011303015865,BFC,26,3,20.0,638.0,12760.0,2025-01-13
2025011304013382,SGIC,37,5,10.0,680.0,6800.0,2025-01-13
2025011301022957,MHCL,55,48,471.0,535.0,251985.0,2025-01-13
2025011301022956,MHCL,55,22,600.0,534.9,320940.0,2025-01-13
2025011301022955,MHCL,55,41,99.0,534.0,52866.0,2025-01-13
2025011301022954,MHCL,55,26,290.0,534.0,154860.0,2025-01-13
2025011301022953,MHCL,55,58,100.0,533.9,53390.0,2025-01-13
2025011301022952,MHCL,55,25,90.0,533.9,48051.0,2025-01-13
2025011301022951,MHCL,55,34,50.0,533.8,26690.0,2025-01-13
2025011303015864,GRDBL,32,34,10.0,1159.0,11590.0,2025-01-13
2025011304013381,SHPC,45,66,10.0,456.3,4563.0,2025-01-13
2025011304013380,HPPL,45,35,400.0,461.0,184400.0,2025-01-13
2025011304013379,HPPL,45,45,300.0,460.9,138270.0,2025-01-13
2025011304013378,RURU,45,32,80.0,735.0,58800.0,2025-01-13
2025011304013377,RURU,45,41,10.0,730.1,7301.0,2025-01-13
2025011304013376,RURU,45,14,110.0,730.0,80300.0,2025-01-13
2025011305011962,HIDCL,1,21,20.0,235.0,4700.0,2025-01-13
2025011305011961,HIDCL,1,45,90.0,235.0,21150.0,2025-01-13
2025011303015863,SADBL,1,91,10.0,393.0,3930.0,2025-01-13
2025011303015862,JFL,48,38,52.0,670.5,34866.0,2025-01-13
2025011303015861,RLFL,74,74,10.0,588.0,5880.0,2025-01-13
2025011303015860,SIFC,38,34,10.0,566.0,5660.0,2025-01-13
2025011301022950,MKCL,56,47,10.0,1498.0,14980.0,2025-01-13
2025011301022949,MKCL,56,4,10.0,1496.9,14969.0,2025-01-13
2025011301022948,MKCL,56,26,25.0,1496.8,37420.0,2025-01-13
2025011301022947,MKCL,56,61,10.0,1496.8,14968.0,2025-01-13
2025011301022946,MKCL,56,58,10.0,1490.0,14900.0,2025-01-13
2025011301022945,MKCL,56,34,10.0,1488.0,14880.0,2025-01-13
2025011301022944,MKCL,56,62,39.0,1486.0,57954.0,2025-01-13
2025011303015859,GRDBL,52,38,10.0,1159.0,11590.0,2025-01-13
2025011301022943,MKHC,42,11,10.0,571.0,5710.0,2025-01-13
2025011301022942,KDL,42,49,10.0,1090.0,10900.0,2025-01-13
2025011301022941,EHPL,42,60,10.0,798.9,7989.0,2025-01-13
2025011304013375,UMHL,34,26,391.0,338.1,132197.1,2025-01-13
2025011304013374,UMHL,34,51,500.0,337.8,168900.0,2025-01-13
2025011304013373,UMHL,34,32,300.0,337.7,101310.0,2025-01-13
2025011304013372,UMHL,34,22,20.0,337.0,6740.0,2025-01-13
2025011304013371,UMHL,34,72,500.0,336.9,168450.0,2025-01-13
2025011304013370,UMHL,34,16,100.0,336.7,33670.0,2025-01-13
2025011304013369,UMHL,34,13,500.0,336.0,168000.0,2025-01-13
2025011304013368,UMHL,34,3,1191.0,335.0,398985.0,2025-01-13
2025011304013367,UMHL,34,17,50.0,335.0,16750.0,2025-01-13
2025011304013366,UMHL,34,38,500.0,335.0,167500.0,2025-01-13
2025011304013365,UMHL,34,75,302.0,335.0,101170.0,2025-01-13
2025011303015858,MLBL,4,14,10.0,367.0,3670.0,2025-01-13
2025011304013364,UMHL,34,4,919.0,333.0,306027.0,2025-01-13
2025011304013363,UMHL,34,60,500.0,333.0,166500.0,2025-01-13
2025011304013362,UMHL,34,38,227.0,333.0,75591.0,2025-01-13
2025011303015857,SLBSL,34,17,11.0,1790.0,19690.0,2025-01-13
2025011301022940,MCHL,43,34,10.0,609.1,6091.0,2025-01-13
2025011304013361,MHNL,34,56,10.0,254.0,2540.0,2025-01-13
2025011301022939,RAWA,57,38,10.0,793.0,7930.0,2025-01-13
2025011303015856,ALICL,44,14,100.0,707.5,70750.0,2025-01-13
2025011303015855,ALICL,57,14,100.0,708.0,70800.0,2025-01-13
2025011303015854,ALICL,17,14,50.0,708.0,35400.0,2025-01-13
2025011303015853,ALICL,48,14,200.0,709.0,141800.0,2025-01-13
2025011303015852,ALICL,58,14,550.0,709.0,389950.0,2025-01-13
2025011301022938,EBL,13,34,200.0,581.0,116200.0,2025-01-13
2025011301022937,USHL,34,51,10.0,814.0,8140.0,2025-01-13
2025011303015851,SAPDBL,34,75,10.0,1149.0,11490.0,2025-01-13
2025011303015850,PMLI,29,17,10.0,554.0,5540.0,2025-01-13
2025011304013360,HURJA,33,39,284.0,228.6,64922.4,2025-01-13
2025011304013359,HURJA,33,25,1655.0,228.0,377340.0,2025-01-13
2025011304013358,HURJA,33,41,61.0,227.9,13901.9,2025-01-13
2025011304013357,SPDL,41,48,10.0,333.0,3330.0,2025-01-13
2025011305011960,CHDC,39,8,10.0,1629.0,16290.0,2025-01-13
2025011303015849,NLIC,39,87,10.0,804.4,8044.0,2025-01-13
2025011301022936,PRVU,35,38,50.0,219.7,10985.0,2025-01-13
2025011303015848,SKBBL,58,45,10.0,811.0,8110.0,2025-01-13
2025011305011959,NRN,58,77,100.0,1135.0,113500.0,2025-01-13
2025011301022935,RHGCL,87,62,10.0,606.0,6060.0,2025-01-13
2025011305011958,STC,84,8,25.0,5379.0,134475.0,2025-01-13
2025011305011957,STC,84,34,10.0,5378.0,53780.0,2025-01-13
2025011305011956,STC,84,34,10.0,5378.0,53780.0,2025-01-13
2025011304013356,SJCL,60,6,30.0,355.9,10677.0,2025-01-13
2025011304013355,SJCL,60,34,10.0,355.0,3550.0,2025-01-13
2025011304013354,SJCL,60,3,20.0,355.0,7100.0,2025-01-13
2025011304013353,SJCL,60,35,40.0,354.0,14160.0,2025-01-13
2025011304013352,SJCL,60,22,40.0,354.0,14160.0,2025-01-13
2025011304013351,SJCL,60,58,50.0,354.0,17700.0,2025-01-13
2025011304013350,SJCL,60,43,10.0,352.0,3520.0,2025-01-13
2025011305011955,CLI,60,19,409.0,695.0,284255.0,2025-01-13
2025011305011954,CLI,60,51,10.0,695.0,6950.0,2025-01-13
2025011305011953,CLI,60,51,10.0,695.0,6950.0,2025-01-13
2025011305011952,CLI,60,7,10.0,695.0,6950.0,2025-01-13
2025011305011951,CLI,60,29,10.0,695.0,6950.0,2025-01-13
2025011305011950,CLI,60,39,10.0,695.0,6950.0,2025-01-13
2025011305011949,CLI,60,48,25.0,695.0,17375.0,2025-01-13
2025011305011948,CLI,60,38,10.0,695.0,6950.0,2025-01-13
2025011305011947,CLI,60,19,10.0,695.0,6950.0,2025-01-13
2025011305011946,CLI,60,22,10.0,695.0,6950.0,2025-01-13
2025011305011945,CLI,60,42,10.0,695.0,6950.0,2025-01-13
2025011305011944,CLI,60,44,100.0,694.8,69480.0,2025-01-13
2025011305011943,CLI,60,35,21.0,694.0,14574.0,2025-01-13
2025011305011942,CLI,60,17,10.0,694.0,6940.0,2025-01-13
2025011305011941,CLI,60,57,10.0,692.0,6920.0,2025-01-13
2025011305011940,CLI,60,28,165.0,692.0,114180.0,2025-01-13
2025011305011939,CLI,60,21,500.0,692.0,346000.0,2025-01-13
2025011305011938,CLI,60,28,10.0,692.0,6920.0,2025-01-13
2025011305011937,CLI,60,58,10.0,692.0,6920.0,2025-01-13
2025011305011936,CLI,60,42,21.0,692.0,14532.0,2025-01-13
2025011305011935,CLI,60,26,10.0,692.0,6920.0,2025-01-13
2025011305011934,CLI,60,49,10.0,691.0,6910.0,2025-01-13
2025011305011933,CLI,60,49,10.0,691.0,6910.0,2025-01-13
2025011305011932,CLI,60,41,10.0,691.0,6910.0,2025-01-13
2025011305011931,CLI,60,19,10.0,690.9,6909.0,2025-01-13
2025011305011930,CLI,60,16,100.0,690.0,69000.0,2025-01-13
2025011305011929,CLI,60,53,184.0,690.0,126960.0,2025-01-13
2025011305011928,CLI,60,22,100.0,690.0,69000.0,2025-01-13
2025011305011927,CLI,60,58,10.0,690.0,6900.0,2025-01-13
2025011305011926,CLI,60,11,10.0,690.0,6900.0,2025-01-13
2025011305011925,CLI,60,34,200.0,690.0,138000.0,2025-01-13
2025011305011924,CLI,60,77,10.0,690.0,6900.0,2025-01-13
2025011305011923,CLI,60,49,10.0,690.0,6900.0,2025-01-13
2025011305011922,CLI,60,42,10.0,690.0,6900.0,2025-01-13
2025011305011921,CLI,60,35,430.0,690.0,296700.0,2025-01-13
2025011305011920,CLI,60,43,10.0,690.0,6900.0,2025-01-13
2025011305011919,CLI,60,49,10.0,690.0,6900.0,2025-01-13
2025011301022934,NYADI,8,5,11.0,650.0,7150.0,2025-01-13
2025011305011918,CLI,60,36,100.0,690.0,69000.0,2025-01-13
2025011305011917,CLI,60,43,10.0,690.0,6900.0,2025-01-13
2025011305011916,CLI,60,57,10.0,690.0,6900.0,2025-01-13
2025011305011915,CLI,60,29,10.0,690.0,6900.0,2025-01-13
2025011305011914,CLI,60,42,10.0,690.0,6900.0,2025-01-13
2025011305011913,CLI,60,35,10.0,690.0,6900.0,2025-01-13
2025011305011912,CLI,60,49,210.0,690.0,144900.0,2025-01-13
2025011305011911,CLI,60,19,10.0,689.9,6899.0,2025-01-13
2025011305011910,CLI,60,29,100.0,689.9,68990.0,2025-01-13
2025011305011909,CLI,60,19,10.0,689.9,6899.0,2025-01-13
2025011305011908,CLI,60,22,10.0,689.9,6899.0,2025-01-13
2025011305011907,CLI,60,25,10.0,689.8,6898.0,2025-01-13
2025011305011906,CLI,60,25,10.0,689.7,6897.0,2025-01-13
2025011305011905,CLI,60,58,100.0,689.5,68950.0,2025-01-13
2025011305011904,CLI,60,7,10.0,689.0,6890.0,2025-01-13
2025011305011903,CLI,60,58,100.0,689.0,68900.0,2025-01-13
2025011305011902,CLI,60,91,20.0,689.0,13780.0,2025-01-13
2025011305011901,CLI,60,49,585.0,688.0,402480.0,2025-01-13
2025011305011900,CLI,60,82,150.0,688.0,103200.0,2025-01-13
2025011305011899,CLI,60,60,10.0,688.0,6880.0,2025-01-13
2025011305011898,CLI,60,58,10.0,686.0,6860.0,2025-01-13
2025011303015847,GRDBL,29,60,40.0,1157.9,46316.0,2025-01-13
2025011303015846,CORBL,71,71,10.0,1668.0,16680.0,2025-01-13
2025011303015845,CORBL,71,42,10.0,1636.0,16360.0,2025-01-13
2025011303015844,SMFBS,49,70,10.0,1890.0,18900.0,2025-01-13
2025011301022933,BEDC,50,34,10.0,742.5,7425.0,2025-01-13
2025011303015843,SLBSL,21,17,10.0,1790.0,17900.0,2025-01-13
2025011301022932,SMH,35,49,10.0,1075.3,10753.0,2025-01-13
2025011303015842,LICN,49,33,90.0,1110.0,99900.0,2025-01-13
2025011301022931,RHGCL,32,50,50.0,602.0,30100.0,2025-01-13
2025011301022930,RHGCL,8,50,45.0,602.1,27094.5,2025-01-13
2025011301022929,SBL,50,52,40.0,295.5,11820.0,2025-01-13
2025011304013349,AKPL,50,11,10.0,234.0,2340.0,2025-01-13
2025011304013348,JOSHI,49,26,255.0,420.0,107100.0,2025-01-13
2025011304013347,JOSHI,49,62,30.0,418.9,12567.0,2025-01-13
2025011304013346,JOSHI,49,38,68.0,418.9,28485.2,2025-01-13
2025011304013345,JOSHI,49,99,200.0,418.0,83600.0,2025-01-13
2025011304013344,JOSHI,49,77,10.0,418.0,4180.0,2025-01-13
2025011301022928,TVCL,58,65,10.0,584.0,5840.0,2025-01-13
2025011301022927,RHGCL,28,62,200.0,606.0,121200.0,2025-01-13
2025011305011897,ILI,6,11,12.0,466.6,5599.2,2025-01-13
2025011304013343,KPCL,33,36,200.0,528.0,105600.0,2025-01-13
2025011301022926,MKHC,13,11,39.0,571.0,22269.0,2025-01-13
2025011301022925,MKHC,13,61,11.0,571.0,6281.0,2025-01-13
2025011304013342,CHL,69,34,205.0,415.9,85259.5,2025-01-13
2025011304013341,CHL,69,42,50.0,415.0,20750.0,2025-01-13
2025011304013340,CHL,69,22,80.0,414.0,33120.0,2025-01-13
2025011304013339,CHL,69,49,110.0,413.0,45430.0,2025-01-13
2025011304013338,CHL,69,32,55.0,411.9,22654.5,2025-01-13
2025011301022924,MMKJL,13,4,10.0,698.9,6989.0,2025-01-13
2025011301022923,SRLI,17,69,10.0,417.0,4170.0,2025-01-13
2025011301022922,SRLI,34,69,90.0,417.0,37530.0,2025-01-13
2025011303015841,PFL,47,16,10.0,529.0,5290.0,2025-01-13
2025011304013337,JOSHI,22,25,200.0,417.9,83580.0,2025-01-13
2025011304013336,JOSHI,22,32,110.0,417.0,45870.0,2025-01-13
2025011304013335,JOSHI,22,48,300.0,416.0,124800.0,2025-01-13
2025011304013334,JOSHI,22,66,500.0,416.0,208000.0,2025-01-13
2025011304013333,JOSHI,22,43,200.0,415.0,83000.0,2025-01-13
2025011304013332,JOSHI,22,59,190.0,415.0,78850.0,2025-01-13
2025011304013331,AHPC,56,64,200.0,248.8,49760.0,2025-01-13
2025011303015840,GLBSL,36,64,10.0,2330.0,23300.0,2025-01-13
2025011303015839,GLBSL,58,64,50.0,2331.0,116550.0,2025-01-13
2025011303015838,JFL,19,65,10.0,671.0,6710.0,2025-01-13
2025011301022921,SPC,68,32,10.0,516.0,5160.0,2025-01-13
2025011301022920,NABIL,1,16,287.0,489.5,140486.5,2025-01-13
2025011301022919,NABIL,6,16,50.0,489.5,24475.0,2025-01-13
2025011301022918,NABIL,26,16,100.0,489.5,48950.0,2025-01-13
2025011301022917,NABIL,41,16,150.0,489.5,73425.0,2025-01-13
2025011301022916,NABIL,42,16,100.0,489.6,48960.0,2025-01-13
2025011301022915,NABIL,22,16,20.0,489.6,9792.0,2025-01-13
2025011301022914,NABIL,17,16,100.0,490.0,49000.0,2025-01-13
2025011301022913,NABIL,4,16,20.0,490.0,9800.0,2025-01-13
2025011301022912,NABIL,42,16,50.0,490.0,24500.0,2025-01-13
2025011301022911,NABIL,22,16,10.0,490.0,4900.0,2025-01-13
2025011301022910,NABIL,42,16,15.0,490.0,7350.0,2025-01-13
2025011301022909,NABIL,19,16,50.0,490.0,24500.0,2025-01-13
2025011301022908,NABIL,32,16,50.0,490.0,24500.0,2025-01-13
2025011301022907,NABIL,22,16,200.0,490.1,98020.0,2025-01-13
2025011301022906,NABIL,74,16,20.0,490.1,9802.0,2025-01-13
2025011301022905,NABIL,10,16,50.0,490.5,24525.0,2025-01-13
2025011301022904,NABIL,4,16,100.0,491.0,49100.0,2025-01-13
2025011301022903,NABIL,21,16,138.0,491.0,67758.0,2025-01-13
2025011301022902,NABIL,57,16,230.0,492.0,113160.0,2025-01-13
2025011301022901,NABIL,42,16,20.0,492.0,9840.0,2025-01-13
2025011301022900,NABIL,42,16,12.0,492.5,5910.0,2025-01-13
2025011303015837,JFL,16,65,10.0,671.0,6710.0,2025-01-13
2025011303015836,MDB,32,75,10.0,640.0,6400.0,2025-01-13
2025011303015835,GRDBL,32,60,10.0,1157.9,11579.0,2025-01-13
2025011305011896,MEL,55,48,165.0,340.0,56100.0,2025-01-13
2025011305011895,MEL,55,17,100.0,340.0,34000.0,2025-01-13
2025011305011894,MEL,55,34,400.0,340.0,136000.0,2025-01-13
2025011305011893,MEL,55,8,10.0,340.0,3400.0,2025-01-13
2025011305011892,MEL,55,48,300.0,340.0,102000.0,2025-01-13
2025011305011891,MEL,55,35,20.0,340.0,6800.0,2025-01-13
2025011305011890,MEL,55,38,10.0,340.0,3400.0,2025-01-13
2025011305011889,MEL,55,65,400.0,339.9,135960.0,2025-01-13
2025011305011888,MEL,55,21,10.0,339.7,3397.0,2025-01-13
2025011305011887,MEL,55,90,55.0,339.6,18678.0,2025-01-13
2025011305011886,MEL,55,65,2000.0,339.5,679000.0,2025-01-13
2025011305011885,MEL,55,63,2320.0,339.4,787408.0,2025-01-13
2025011305011884,MEL,55,36,200.0,339.0,67800.0,2025-01-13
2025011305011883,MEL,55,52,100.0,339.0,33900.0,2025-01-13
2025011305011882,MEL,55,57,50.0,339.0,16950.0,2025-01-13
2025011305011881,MEL,55,65,860.0,338.9,291454.0,2025-01-13
2025011303015834,MSLB,32,38,10.0,1423.5,14235.0,2025-01-13
2025011305011880,SHIVM,32,22,91.0,523.0,47593.0,2025-01-13
2025011301022899,GVL,6,45,32.0,538.0,17216.0,2025-01-13
2025011301022898,GVL,6,45,18.0,538.1,9685.8,2025-01-13
2025011301022897,RHGCL,56,62,10.0,606.0,6060.0,2025-01-13
2025011301022896,TVCL,40,94,10.0,585.0,5850.0,2025-01-13
2025011305011879,NIFRA,51,38,500.0,245.4,122700.0,2025-01-13
2025011301022895,MKCL,36,62,30.0,1486.0,44580.0,2025-01-13
2025011301022894,SPL,34,91,50.0,951.0,47550.0,2025-01-13
2025011301022893,BGWT,74,36,80.0,1070.0,85600.0,2025-01-13
2025011301022892,BGWT,74,32,19.0,1069.0,20311.0,2025-01-13
2025011301022891,BGWT,74,58,110.0,1068.0,117480.0,2025-01-13
2025011301022890,BGWT,74,58,28.0,1068.0,29904.0,2025-01-13
2025011301022889,BGWT,74,39,95.0,1068.0,101460.0,2025-01-13
2025011301022888,BGWT,74,45,28.0,1068.0,29904.0,2025-01-13
2025011301022887,BGWT,74,51,100.0,1067.8,106780.0,2025-01-13
2025011301022886,BGWT,74,45,50.0,1067.5,53375.0,2025-01-13
2025011301022885,BGWT,74,42,200.0,1065.0,213000.0,2025-01-13
2025011301022884,BGWT,74,45,50.0,1065.0,53250.0,2025-01-13
2025011301022883,BGWT,74,17,10.0,1065.0,10650.0,2025-01-13
2025011301022882,BGWT,74,25,10.0,1065.0,10650.0,2025-01-13
2025011301022881,BGWT,74,58,10.0,1064.0,10640.0,2025-01-13
2025011301022880,BGWT,74,58,10.0,1064.0,10640.0,2025-01-13
2025011301022879,BGWT,74,22,10.0,1064.0,10640.0,2025-01-13
2025011301022878,BGWT,74,26,50.0,1064.0,53200.0,2025-01-13
2025011301022877,BGWT,74,51,102.0,1064.0,108528.0,2025-01-13
2025011301022876,BGWT,74,48,30.0,1063.5,31905.0,2025-01-13
2025011304013330,UPPER,42,62,250.0,200.0,50000.0,2025-01-13
2025011303015833,GRDBL,6,60,20.0,1157.9,23158.0,2025-01-13
2025011301022875,MMKJL,51,14,185.0,695.2,128612.0,2025-01-13
2025011301022874,MMKJL,13,14,15.0,695.4,10431.0,2025-01-13
2025011301022873,MEHL,57,61,50.0,505.0,25250.0,2025-01-13
2025011303015832,MFIL,57,58,10.0,649.0,6490.0,2025-01-13
2025011304013329,DHPL,6,8,521.0,309.0,160989.0,2025-01-13
2025011304013328,DHPL,6,43,379.0,309.0,117111.0,2025-01-13
2025011304013327,RADHI,6,49,340.0,346.0,117640.0,2025-01-13
2025011304013326,RADHI,6,16,1450.0,345.9,501555.0,2025-01-13
2025011304013325,RADHI,6,28,100.0,345.0,34500.0,2025-01-13
2025011304013324,RADHI,6,1,24.0,345.0,8280.0,2025-01-13
2025011304013323,RADHI,6,60,541.0,344.0,186104.0,2025-01-13
2025011304013322,RADHI,6,6,50.0,343.9,17195.0,2025-01-13
2025011304013321,RADHI,6,37,30.0,343.0,10290.0,2025-01-13
2025011304013320,RADHI,6,50,465.0,343.0,159495.0,2025-01-13
2025011303015831,GFCL,43,34,285.0,779.0,222015.0,2025-01-13
2025011303015830,GFCL,45,34,100.0,779.0,77900.0,2025-01-13
2025011303015829,GFCL,57,34,100.0,779.0,77900.0,2025-01-13
2025011303015828,GFCL,49,34,10.0,779.0,7790.0,2025-01-13
2025011303015827,GFCL,4,34,300.0,779.0,233700.0,2025-01-13
2025011303015826,GFCL,19,34,90.0,779.1,70119.0,2025-01-13
2025011303015825,GFCL,38,34,15.0,779.2,11688.0,2025-01-13
2025011303015824,GFCL,59,34,100.0,779.2,77920.0,2025-01-13
2025011304013319,UPPER,52,62,50.0,199.9,9995.0,2025-01-13
2025011303015823,SLBSL,62,17,10.0,1790.0,17900.0,2025-01-13
2025011301022872,SARBTM,42,62,10.0,730.0,7300.0,2025-01-13
2025011304013318,HURJA,33,17,50.0,227.7,11385.0,2025-01-13
2025011305011878,NIFRA,34,34,90.0,246.8,22212.0,2025-01-13
2025011305011877,NIFRA,34,32,10.0,246.0,2460.0,2025-01-13
2025011303015822,NABBC,17,91,50.0,1069.8,53490.0,2025-01-13
2025011303015821,NABBC,17,49,50.0,1069.0,53450.0,2025-01-13
2025011303015820,NFS,17,35,22.0,917.0,20174.0,2025-01-13
2025011303015819,LLBS,41,34,80.0,1159.9,92792.0,2025-01-13
2025011303015818,LLBS,41,49,18.0,1150.0,20700.0,2025-01-13
2025011303015817,LLBS,41,34,100.0,1149.9,114990.0,2025-01-13
2025011303015816,LLBS,41,57,13.0,1149.0,14937.0,2025-01-13
2025011301022871,DLBS,35,41,10.0,1626.0,16260.0,2025-01-13
2025011305011876,CHDC,59,8,50.0,1629.0,81450.0,2025-01-13
2025011304013317,CGH,59,34,10.0,883.0,8830.0,2025-01-13
2025011303015815,MPFL,32,44,100.0,671.0,67100.0,2025-01-13
2025011304013316,SALICO,44,56,10.0,719.0,7190.0,2025-01-13
2025011301022870,MAKAR,44,60,20.0,635.0,12700.0,2025-01-13
2025011304013315,JOSHI,1,43,530.0,414.0,219420.0,2025-01-13
2025011304013314,JOSHI,13,43,185.0,414.0,76590.0,2025-01-13
2025011304013313,JOSHI,58,43,10.0,414.0,4140.0,2025-01-13
2025011304013312,JOSHI,35,43,255.0,414.1,105595.5,2025-01-13
2025011305011875,HRL,60,45,2132.0,790.0,1684280.0,2025-01-13
2025011305011874,HRL,60,42,990.0,790.0,782100.0,2025-01-13
2025011305011873,HRL,60,14,176.0,790.0,139040.0,2025-01-13
2025011305011872,HRL,60,51,100.0,790.0,79000.0,2025-01-13
2025011305011871,HRL,60,49,20.0,790.0,15800.0,2025-01-13
2025011305011870,HRL,60,58,10.0,790.0,7900.0,2025-01-13
2025011305011869,HRL,60,38,10.0,790.0,7900.0,2025-01-13
2025011305011868,HRL,60,34,100.0,790.0,79000.0,2025-01-13
2025011305011867,HRL,60,7,10.0,788.0,7880.0,2025-01-13
2025011305011866,HRL,60,50,52.0,788.0,40976.0,2025-01-13
2025011303015814,PFL,68,90,50.0,520.0,26000.0,2025-01-13
2025011303015813,PFL,54,90,100.0,520.0,52000.0,2025-01-13
2025011303015812,PFL,55,90,50.0,521.0,26050.0,2025-01-13
2025011301022869,SPHL,72,39,10.0,805.0,8050.0,2025-01-13
2025011305011865,SMJC,48,38,10.0,543.9,5439.0,2025-01-13
2025011305011864,SMJC,48,42,10.0,543.0,5430.0,2025-01-13
2025011301022868,MHL,25,45,10.0,818.0,8180.0,2025-01-13
2025011303015811,PROFL,5,71,200.0,591.0,118200.0,2025-01-13
2025011304013311,DHPL,21,43,300.0,309.0,92700.0,2025-01-13
2025011301022867,KBSH,49,8,10.0,2490.0,24900.0,2025-01-13
2025011303015810,NLIC,49,87,20.0,804.4,16088.0,2025-01-13
2025011301022866,RFPL,58,49,20.0,1351.2,27024.0,2025-01-13
2025011301022865,RFPL,62,49,940.0,1352.0,1270880.0,2025-01-13
2025011301022864,SIKLES,65,34,10.0,873.0,8730.0,2025-01-13
2025011304013310,CHCL,3,43,40.0,501.4,20056.0,2025-01-13
2025011304013309,CHCL,38,43,50.0,501.5,25075.0,2025-01-13
2025011304013308,CHCL,58,43,45.0,501.5,22567.5,2025-01-13
2025011304013307,CHCL,63,43,100.0,501.5,50150.0,2025-01-13
2025011304013306,CHCL,32,43,23.0,501.6,11536.8,2025-01-13
2025011304013305,CHCL,49,43,242.0,502.1,121508.2,2025-01-13
2025011301022863,MHCL,42,26,450.0,530.1,238545.0,2025-01-13
2025011301022862,MHCL,48,26,50.0,531.7,26585.0,2025-01-13
2025011303015809,NFS,47,35,12.0,917.0,11004.0,2025-01-13
2025011301022861,MKHC,47,61,489.0,571.0,279219.0,2025-01-13
2025011301022860,MKHC,47,47,10.0,564.3,5643.0,2025-01-13
2025011301022859,MKHC,47,61,287.0,564.0,161868.0,2025-01-13
2025011301022858,MKHC,47,13,1000.0,563.0,563000.0,2025-01-13
2025011301022857,MKHC,47,55,200.0,560.0,112000.0,2025-01-13
2025011301022856,MKHC,47,56,480.0,560.0,268800.0,2025-01-13
2025011301022855,MKHC,47,57,250.0,550.0,137500.0,2025-01-13
2025011301022854,MKHC,47,42,200.0,548.0,109600.0,2025-01-13
2025011301022853,MKHC,47,54,200.0,546.7,109340.0,2025-01-13
2025011301022852,MKHC,47,89,228.0,546.0,124488.0,2025-01-13
2025011301022851,MKHC,47,65,30.0,545.7,16371.0,2025-01-13
2025011301022850,MKHC,47,65,10.0,545.7,5457.0,2025-01-13
2025011301022849,MKHC,47,91,300.0,545.5,163650.0,2025-01-13
2025011301022848,MKHC,47,45,100.0,545.0,54500.0,2025-01-13
2025011301022847,MKHC,47,41,10.0,544.6,5446.0,2025-01-13
2025011301022846,MKHC,47,6,100.0,544.6,54460.0,2025-01-13
2025011301022845,MKHC,47,22,300.0,544.6,163380.0,2025-01-13
2025011301022844,MKHC,47,35,500.0,544.0,272000.0,2025-01-13
2025011301022843,MKHC,47,39,20.0,544.0,10880.0,2025-01-13
2025011301022842,MKHC,47,80,1000.0,544.0,544000.0,2025-01-13
2025011301022841,MKHC,47,58,286.0,543.0,155298.0,2025-01-13
2025011301022840,NYADI,64,34,50.0,663.0,33150.0,2025-01-13
2025011301022839,SIKLES,68,34,20.0,873.0,17460.0,2025-01-13
2025011301022838,MKHL,53,51,300.0,637.0,191100.0,2025-01-13
2025011304013304,AKPL,32,11,200.0,234.0,46800.0,2025-01-13
2025011304013303,RURU,34,45,20.0,729.0,14580.0,2025-01-13
2025011301022837,SANIMA,45,49,147.0,291.4,42835.8,2025-01-13
2025011304013302,PPCL,38,14,500.0,285.0,142500.0,2025-01-13
2025011301022836,USHEC,38,42,10.0,657.0,6570.0,2025-01-13
2025011301022835,AHL,42,71,10.0,750.6,7506.0,2025-01-13
2025011301022834,BGWT,74,46,16.0,1060.1,16961.6,2025-01-13
2025011301022833,BEDC,74,34,117.0,742.5,86872.5,2025-01-13
2025011301022832,BEDC,74,10,20.0,742.4,14848.0,2025-01-13
2025011301022831,BEDC,74,55,110.0,742.0,81620.0,2025-01-13
2025011301022830,BEDC,74,74,422.0,742.0,313124.0,2025-01-13
2025011301022829,BEDC,74,44,500.0,742.0,371000.0,2025-01-13
2025011301022828,BEDC,74,91,10.0,742.0,7420.0,2025-01-13
2025011301022827,BEDC,74,45,500.0,742.0,371000.0,2025-01-13
2025011301022826,BEDC,74,61,600.0,741.5,444900.0,2025-01-13
2025011301022825,BEDC,74,88,215.0,740.0,159100.0,2025-01-13
2025011301022824,BEDC,74,56,30.0,740.0,22200.0,2025-01-13
2025011301022823,BEDC,74,49,10.0,740.0,7400.0,2025-01-13
2025011301022822,BEDC,74,45,10.0,740.0,7400.0,2025-01-13
2025011301022821,BEDC,74,86,490.0,740.0,362600.0,2025-01-13
2025011301022820,BEDC,74,45,200.0,739.9,147980.0,2025-01-13
2025011301022819,BEDC,74,39,700.0,739.0,517300.0,2025-01-13
2025011301022818,BEDC,74,58,40.0,738.4,29536.0,2025-01-13
2025011301022817,BEDC,74,40,10.0,737.0,7370.0,2025-01-13
2025011301022816,BEDC,74,4,10.0,737.0,7370.0,2025-01-13
2025011301022815,BEDC,74,71,500.0,736.9,368450.0,2025-01-13
2025011301022814,BEDC,74,69,100.0,736.0,73600.0,2025-01-13
2025011301022813,BEDC,74,91,500.0,735.0,367500.0,2025-01-13
2025011301022812,BEDC,74,44,400.0,735.0,294000.0,2025-01-13
2025011301022811,BEDC,74,58,10.0,735.0,7350.0,2025-01-13
2025011301022810,BEDC,74,4,30.0,734.2,22026.0,2025-01-13
2025011301022809,BEDC,74,34,100.0,734.0,73400.0,2025-01-13
2025011301022808,BEDC,74,74,500.0,734.0,367000.0,2025-01-13
2025011301022807,BEDC,74,17,10.0,734.0,7340.0,2025-01-13
2025011301022806,BEDC,74,26,300.0,734.0,220200.0,2025-01-13
2025011301022805,BEDC,74,82,2000.0,732.0,1464000.0,2025-01-13
2025011301022804,BEDC,74,32,400.0,730.0,292000.0,2025-01-13
2025011301022803,BEDC,74,44,10.0,730.0,7300.0,2025-01-13
2025011301022802,BEDC,74,41,10.0,730.0,7300.0,2025-01-13
2025011301022801,BEDC,74,3,10.0,730.0,7300.0,2025-01-13
2025011301022800,BEDC,74,7,10.0,730.0,7300.0,2025-01-13
2025011301022799,BEDC,74,49,10.0,730.0,7300.0,2025-01-13
2025011301022798,BEDC,74,81,406.0,728.9,295933.4,2025-01-13
2025011301022797,BEDC,74,59,200.0,727.9,145580.0,2025-01-13
2025011301022796,BEDC,74,68,100.0,727.0,72700.0,2025-01-13
2025011301022795,BEDC,74,48,350.0,726.0,254100.0,2025-01-13
2025011301022794,BEDC,74,57,50.0,726.0,36300.0,2025-01-13
2025011301022793,MAKAR,14,42,10.0,636.0,6360.0,2025-01-13
2025011301022792,MAKAR,14,41,10.0,635.9,6359.0,2025-01-13
2025011304013301,UMHL,57,14,108.0,332.0,35856.0,2025-01-13
2025011304013300,AKPL,28,57,150.0,232.5,34875.0,2025-01-13
2025011304013299,AKPL,38,57,500.0,232.5,116250.0,2025-01-13
2025011303015808,RSDC,32,6,170.0,670.1,113917.0,2025-01-13
2025011303015807,RSDC,1,6,10.0,670.2,6702.0,2025-01-13
2025011301022791,TAMOR,34,62,160.0,538.1,86096.0,2025-01-13
2025011301022790,TAMOR,39,62,740.0,538.1,398194.0,2025-01-13
2025011301022789,SMHL,62,49,10.0,1419.9,14199.0,2025-01-13
2025011303015806,NMFBS,44,33,10.0,1323.0,13230.0,2025-01-13
2025011301022788,SPHL,65,34,10.0,800.0,8000.0,2025-01-13
2025011301022787,HBL,39,72,10.0,233.6,2336.0,2025-01-13
2025011301022786,LSL,58,59,471.0,212.1,99899.1,2025-01-13
2025011301022785,CZBIL,1,45,10.0,210.9,2109.0,2025-01-13
2025011304013298,AHPC,1,47,100.0,249.0,24900.0,2025-01-13
2025011301022784,JBLB,58,52,13.0,1358.0,17654.0,2025-01-13
2025011304013297,AKJCL,7,35,143.0,196.5,28099.5,2025-01-13
2025011304013296,JOSHI,35,88,745.0,414.1,308504.5,2025-01-13
2025011304013295,JOSHI,95,88,255.0,414.2,105621.0,2025-01-13
2025011304013294,KKHC,72,32,10.0,397.8,3978.0,2025-01-13
2025011304013293,KKHC,72,81,500.0,393.7,196850.0,2025-01-13
2025011304013292,KKHC,72,48,700.0,393.7,275590.0,2025-01-13
2025011304013291,KKHC,72,44,340.0,393.7,133858.0,2025-01-13
2025011304013290,KKHC,72,56,20.0,392.7,7854.0,2025-01-13
2025011304013289,KKHC,72,3,100.0,392.5,39250.0,2025-01-13
2025011304013288,KKHC,72,33,200.0,392.5,78500.0,2025-01-13
2025011304013287,KKHC,72,6,50.0,392.5,19625.0,2025-01-13
2025011304013286,KKHC,72,58,267.0,392.5,104797.5,2025-01-13
2025011304013285,KKHC,72,57,19.0,392.5,7457.5,2025-01-13
2025011304013284,KKHC,72,38,50.0,392.0,19600.0,2025-01-13
2025011304013283,KKHC,72,33,528.0,392.0,206976.0,2025-01-13
2025011304013282,KKHC,72,49,50.0,391.0,19550.0,2025-01-13
2025011304013281,KKHC,72,39,100.0,390.6,39060.0,2025-01-13
2025011304013280,KKHC,72,53,200.0,390.6,78120.0,2025-01-13
2025011304013279,KKHC,72,47,80.0,390.0,31200.0,2025-01-13
2025011304013278,KKHC,72,41,50.0,390.0,19500.0,2025-01-13
2025011304013277,KKHC,72,58,20.0,390.0,7800.0,2025-01-13
2025011304013276,KKHC,72,41,290.0,390.0,113100.0,2025-01-13
2025011304013275,KKHC,72,18,90.0,390.0,35100.0,2025-01-13
2025011304013274,KKHC,72,19,300.0,386.0,115800.0,2025-01-13
2025011304013273,KKHC,72,19,300.0,386.0,115800.0,2025-01-13
2025011304013272,KKHC,72,38,75.0,386.0,28950.0,2025-01-13
2025011304013271,KKHC,72,19,100.0,385.0,38500.0,2025-01-13
2025011304013270,KKHC,72,19,70.0,385.0,26950.0,2025-01-13
2025011304013269,KKHC,72,57,100.0,384.0,38400.0,2025-01-13
2025011304013268,KKHC,72,42,100.0,382.0,38200.0,2025-01-13
2025011304013267,KKHC,72,36,34.0,382.0,12988.0,2025-01-13
2025011301022783,USHEC,58,25,10.0,655.0,6550.0,2025-01-13
2025011305011863,SONA,35,22,18.0,454.0,8172.0,2025-01-13
2025011305011862,SMJC,52,26,159.0,540.0,85860.0,2025-01-13
2025011305011861,SMJC,47,26,100.0,540.0,54000.0,2025-01-13
2025011305011860,SMJC,26,26,50.0,540.0,27000.0,2025-01-13
2025011305011859,SMJC,41,26,1000.0,540.0,540000.0,2025-01-13
2025011305011858,SMJC,45,26,200.0,540.0,108000.0,2025-01-13
2025011305011857,SMJC,7,26,50.0,540.1,27005.0,2025-01-13
2025011305011856,SMJC,43,26,200.0,540.1,108020.0,2025-01-13
2025011305011855,SMJC,5,26,200.0,540.2,108040.0,2025-01-13
2025011305011854,SMJC,58,26,41.0,540.2,22148.2,2025-01-13
2025011301022782,IHL,26,29,20.0,663.0,13260.0,2025-01-13
2025011301022781,MEHL,57,47,25.0,505.0,12625.0,2025-01-13
2025011301022780,MEHL,94,47,25.0,507.0,12675.0,2025-01-13
2025011301022779,MKHC,47,58,114.0,543.0,61902.0,2025-01-13
2025011301022778,MKHC,47,82,386.0,543.0,209598.0,2025-01-13
2025011301022777,ULBSL,36,29,10.0,4084.0,40840.0,2025-01-13
2025011305011853,HIDCL,53,45,10.0,235.0,2350.0,2025-01-13
2025011305011852,HIDCL,53,95,100.0,234.0,23400.0,2025-01-13
2025011301022776,DOLTI,8,16,250.0,713.3,178325.0,2025-01-13
2025011304013266,OHL,55,34,10.0,895.0,8950.0,2025-01-13
2025011304013265,OHL,55,58,10.0,888.8,8888.0,2025-01-13
2025011304013264,SHEL,44,32,25.0,251.0,6275.0,2025-01-13
2025011303015805,BFC,32,25,10.0,641.0,6410.0,2025-01-13
2025011303015804,VLBS,37,45,10.0,835.0,8350.0,2025-01-13
2025011303015803,VLBS,34,45,10.0,835.0,8350.0,2025-01-13
2025011303015802,NFS,44,45,42.0,916.0,38472.0,2025-01-13
2025011303015801,NFS,42,45,49.0,916.0,44884.0,2025-01-13
2025011303015800,NFS,40,45,10.0,916.0,9160.0,2025-01-13
2025011303015799,NFS,35,45,10.0,916.0,9160.0,2025-01-13
2025011303015798,NFS,44,45,10.0,916.0,9160.0,2025-01-13
2025011303015797,NFS,1,45,50.0,916.0,45800.0,2025-01-13
2025011303015796,NFS,47,45,20.0,916.0,18320.0,2025-01-13
2025011303015795,NFS,8,45,37.0,916.0,33892.0,2025-01-13
2025011303015794,NFS,41,45,10.0,916.0,9160.0,2025-01-13
2025011303015793,NFS,62,45,10.0,916.0,9160.0,2025-01-13
2025011303015792,NFS,25,45,10.0,916.0,9160.0,2025-01-13
2025011303015791,NFS,58,45,10.0,916.0,9160.0,2025-01-13
2025011303015790,NFS,48,45,50.0,916.1,45805.0,2025-01-13
2025011303015789,NFS,84,45,100.0,916.2,91620.0,2025-01-13
2025011303015788,NFS,44,45,10.0,916.3,9163.0,2025-01-13
2025011303015787,NFS,41,45,50.0,916.3,45815.0,2025-01-13
2025011303015786,NFS,4,45,122.0,916.9,111861.8,2025-01-13
2025011303015785,NLICL,4,35,38.0,602.8,22906.4,2025-01-13
2025011303015784,NLICL,4,45,200.0,602.8,120560.0,2025-01-13
2025011303015783,NLICL,4,49,500.0,602.5,301250.0,2025-01-13
2025011303015782,NLICL,4,26,12.0,602.0,7224.0,2025-01-13
2025011303015781,NLICL,4,38,394.0,602.0,237188.0,2025-01-13
2025011303015780,NLICL,4,25,20.0,600.0,12000.0,2025-01-13
2025011303015779,NLICL,4,22,113.0,600.0,67800.0,2025-01-13
2025011303015778,NLICL,4,58,30.0,596.7,17901.0,2025-01-13
2025011303015777,NLICL,4,52,40.0,596.0,23840.0,2025-01-13
2025011303015776,NLICL,4,42,10.0,596.0,5960.0,2025-01-13
2025011303015775,NLICL,4,29,300.0,595.0,178500.0,2025-01-13
2025011303015774,NLICL,4,57,416.0,594.9,247478.4,2025-01-13
2025011303015773,NLICL,4,44,200.0,593.8,118760.0,2025-01-13
2025011303015772,NLICL,4,49,15.0,592.0,8880.0,2025-01-13
2025011303015771,NLICL,4,45,100.0,591.0,59100.0,2025-01-13
2025011303015770,NLICL,4,38,400.0,591.0,236400.0,2025-01-13
2025011303015769,NLICL,4,41,14.0,591.0,8274.0,2025-01-13
2025011303015768,NLICL,4,44,168.0,591.0,99288.0,2025-01-13
2025011303015767,NLICL,4,17,15.0,590.0,8850.0,2025-01-13
2025011303015766,NLICL,4,44,100.0,590.0,59000.0,2025-01-13
2025011303015765,NLICL,4,38,100.0,589.9,58990.0,2025-01-13
2025011303015764,NLICL,4,22,200.0,589.0,117800.0,2025-01-13
2025011303015763,NLICL,4,42,100.0,588.2,58820.0,2025-01-13
2025011303015762,NLICL,4,46,100.0,587.5,58750.0,2025-01-13
2025011303015761,NLICL,4,100,272.0,587.4,159772.8,2025-01-13
2025011303015760,NLICL,4,94,200.0,587.0,117400.0,2025-01-13
2025011303015759,NLICL,4,45,500.0,587.0,293500.0,2025-01-13
2025011303015758,NLICL,4,45,10.0,587.0,5870.0,2025-01-13
2025011303015757,NLICL,4,44,100.0,587.0,58700.0,2025-01-13
2025011303015756,NLICL,4,74,15.0,586.7,8800.5,2025-01-13
2025011303015755,NLICL,4,57,460.0,586.0,269560.0,2025-01-13
2025011303015754,NLICL,4,34,100.0,585.9,58590.0,2025-01-13
2025011303015753,NLICL,4,44,90.0,585.0,52650.0,2025-01-13
2025011303015752,NLICL,4,44,200.0,584.5,116900.0,2025-01-13
2025011303015751,NLICL,4,1,50.0,584.0,29200.0,2025-01-13
2025011303015750,NLICL,4,44,100.0,583.8,58380.0,2025-01-13
2025011303015749,NLICL,4,53,32.0,583.0,18656.0,2025-01-13
2025011303015748,NLICL,4,14,156.0,583.0,90948.0,2025-01-13
2025011303015747,NLICL,4,44,200.0,582.0,116400.0,2025-01-13
2025011303015746,NLICL,4,51,50.0,582.0,29100.0,2025-01-13
2025011303015745,NLICL,4,44,200.0,581.0,116200.0,2025-01-13
2025011303015744,NLICL,4,44,140.0,580.0,81200.0,2025-01-13
2025011303015743,NLICL,4,7,100.0,580.0,58000.0,2025-01-13
2025011303015742,NLICL,4,44,290.0,579.8,168142.0,2025-01-13
2025011303015741,NLICL,4,54,50.0,579.7,28985.0,2025-01-13
2025011304013263,NICL,4,45,340.0,975.0,331500.0,2025-01-13
2025011304013262,NICL,4,29,500.0,974.0,487000.0,2025-01-13
2025011304013261,NICL,4,45,80.0,974.0,77920.0,2025-01-13
2025011304013260,NICL,4,44,100.0,974.0,97400.0,2025-01-13
2025011304013259,NICL,4,14,100.0,973.0,97300.0,2025-01-13
2025011304013258,NICL,4,44,100.0,971.0,97100.0,2025-01-13
2025011304013257,NICL,4,44,100.0,970.0,97000.0,2025-01-13
2025011304013256,NICL,4,14,1480.0,964.0,1426720.0,2025-01-13
2025011304013255,NICL,4,13,200.0,964.0,192800.0,2025-01-13
2025011304013254,NICL,4,44,90.0,964.0,86760.0,2025-01-13
2025011304013253,NICL,4,14,500.0,962.0,481000.0,2025-01-13
2025011304013252,NICL,4,36,250.0,961.0,240250.0,2025-01-13
2025011304013251,NICL,4,35,20.0,960.0,19200.0,2025-01-13
2025011304013250,NICL,4,37,331.0,959.0,317429.0,2025-01-13
2025011304013249,NICL,4,25,399.0,958.0,382242.0,2025-01-13
2025011304013248,NICL,4,35,20.0,957.0,19140.0,2025-01-13
2025011304013247,NICL,4,37,190.0,957.0,181830.0,2025-01-13
2025011304013246,RURU,42,14,20.0,730.0,14600.0,2025-01-13
2025011304013245,UMRH,77,7,10.0,637.9,6379.0,2025-01-13
2025011304013244,SHEL,44,57,500.0,251.0,125500.0,2025-01-13
2025011304013243,SHEL,58,57,100.0,251.1,25110.0,2025-01-13
2025011304013242,UPPER,57,62,400.0,200.0,80000.0,2025-01-13
2025011304013241,API,57,60,202.0,265.0,53530.0,2025-01-13
2025011304013240,CHL,74,62,74.0,409.1,30273.4,2025-01-13
2025011304013239,CHL,69,62,500.0,409.2,204600.0,2025-01-13
2025011304013238,CHL,55,62,1000.0,410.0,410000.0,2025-01-13
2025011304013237,CHL,49,62,1911.0,410.0,783510.0,2025-01-13
2025011304013236,CHL,8,62,15.0,411.1,6166.5,2025-01-13
2025011301022775,USHL,37,6,473.0,805.2,380859.6,2025-01-13
2025011301022774,USHL,61,6,27.0,805.5,21748.5,2025-01-13
2025011304013235,CHCL,49,33,300.0,502.1,150630.0,2025-01-13
2025011304013234,NLG,55,33,300.0,1036.0,310800.0,2025-01-13
2025011304013233,HURJA,13,41,50.0,227.0,11350.0,2025-01-13
2025011304013232,HURJA,59,41,50.0,227.1,11355.0,2025-01-13
2025011301022773,GBIME,58,22,22.0,222.0,4884.0,2025-01-13
2025011301022772,GBIME,58,4,28.0,222.0,6216.0,2025-01-13
2025011301022771,TVCL,58,94,150.0,585.0,87750.0,2025-01-13
2025011303015740,BFC,29,25,10.0,641.0,6410.0,2025-01-13
2025011301022770,SPHL,72,11,500.0,804.0,402000.0,2025-01-13
2025011304013231,NHPC,21,32,100.0,213.9,21390.0,2025-01-13
2025011301022769,BGWT,39,46,14.0,1060.1,14841.4,2025-01-13
2025011303015739,LBBL,13,32,300.0,456.0,136800.0,2025-01-13
2025011305011851,CHDC,69,8,130.0,1629.0,211770.0,2025-01-13
2025011303015738,GLBSL,37,56,10.0,2350.0,23500.0,2025-01-13
2025011304013230,AHPC,19,47,20.0,249.0,4980.0,2025-01-13
2025011303015737,MDB,32,75,10.0,640.0,6400.0,2025-01-13
2025011301022768,RFPL,62,45,10.0,1352.0,13520.0,2025-01-13
2025011303015736,SFCL,8,4,50.0,664.0,33200.0,2025-01-13
2025011304013229,CHCL,49,42,458.0,502.1,229961.8,2025-01-13
2025011304013228,CHCL,44,42,22.0,504.0,11088.0,2025-01-13
2025011305011850,ILI,57,64,100.0,467.0,46700.0,2025-01-13
2025011305011849,VLUCL,86,21,10.0,676.0,6760.0,2025-01-13
2025011301022767,EHPL,56,60,1143.0,798.9,913142.7,2025-01-13
2025011301022766,EHPL,56,42,400.0,798.6,319440.0,2025-01-13
2025011301022765,EHPL,56,34,10.0,798.0,7980.0,2025-01-13
2025011301022764,EHPL,56,42,40.0,795.6,31824.0,2025-01-13
2025011301022763,EHPL,56,38,300.0,795.5,238650.0,2025-01-13
2025011301022762,EHPL,56,26,210.0,795.0,166950.0,2025-01-13
2025011301022761,EHPL,56,55,140.0,795.0,111300.0,2025-01-13
2025011301022760,EHPL,56,51,50.0,795.0,39750.0,2025-01-13
2025011301022759,EHPL,56,80,180.0,795.0,143100.0,2025-01-13
2025011301022758,EHPL,56,70,30.0,794.0,23820.0,2025-01-13
2025011301022757,EHPL,56,70,100.0,792.9,79290.0,2025-01-13
2025011301022756,EHPL,56,46,50.0,790.5,39525.0,2025-01-13
2025011301022755,EHPL,56,74,71.0,790.5,56125.5,2025-01-13
2025011301022754,EHPL,56,62,65.0,790.0,51350.0,2025-01-13
2025011301022753,EHPL,56,41,10.0,790.0,7900.0,2025-01-13
2025011301022752,EHPL,56,49,41.0,789.9,32385.9,2025-01-13
2025011301022751,EHPL,56,63,11.0,786.4,8650.4,2025-01-13
2025011301022750,EHPL,56,3,10.0,786.0,7860.0,2025-01-13
2025011301022749,EHPL,56,45,50.0,785.4,39270.0,2025-01-13
2025011301022748,EHPL,56,99,200.0,785.0,157000.0,2025-01-13
2025011301022747,EHPL,56,59,10.0,785.0,7850.0,2025-01-13
2025011301022746,EHPL,56,28,10.0,785.0,7850.0,2025-01-13
2025011301022745,EHPL,56,25,199.0,783.0,155817.0,2025-01-13
2025011301022744,EHPL,56,44,100.0,780.0,78000.0,2025-01-13
2025011301022743,EHPL,56,45,10.0,780.0,7800.0,2025-01-13
2025011301022742,EHPL,56,58,110.0,780.0,85800.0,2025-01-13
2025011301022741,EHPL,56,42,690.0,780.0,538200.0,2025-01-13
2025011301022740,EHPL,56,49,10.0,779.9,7799.0,2025-01-13
2025011301022739,EHPL,56,35,90.0,778.0,70020.0,2025-01-13
2025011301022738,EHPL,56,34,350.0,774.0,270900.0,2025-01-13
2025011301022737,EHPL,56,4,10.0,774.0,7740.0,2025-01-13
2025011301022736,EHPL,56,44,50.0,772.9,38645.0,2025-01-13
2025011301022735,EHPL,56,57,250.0,771.0,192750.0,2025-01-13
2025011303015735,NMFBS,44,13,27.0,1389.0,37503.0,2025-01-13
2025011303015734,NMFBS,44,22,35.0,1382.0,48370.0,2025-01-13
2025011303015733,NMFBS,44,25,20.0,1377.0,27540.0,2025-01-13
2025011303015732,NMFBS,44,36,168.0,1377.0,231336.0,2025-01-13
2025011305011848,SONA,35,44,400.0,454.0,181600.0,2025-01-13
2025011303015731,SIFC,7,34,20.0,566.0,11320.0,2025-01-13
2025011303015730,SIFC,57,34,100.0,566.0,56600.0,2025-01-13
2025011303015729,SIFC,37,34,149.0,566.0,84334.0,2025-01-13
2025011305011847,NRM,42,58,40.0,445.1,17804.0,2025-01-13
2025011303015728,JFL,58,65,20.0,671.0,13420.0,2025-01-13
2025011304013227,JOSHI,95,29,245.0,414.2,101479.0,2025-01-13
2025011304013226,JOSHI,54,29,610.0,414.3,252723.0,2025-01-13
2025011304013225,JOSHI,41,29,145.0,414.5,60102.5,2025-01-13
2025011305011846,NTC,28,50,33.0,888.0,29304.0,2025-01-13
2025011305011845,NTC,38,50,100.0,888.0,88800.0,2025-01-13
2025011305011844,NTC,32,50,50.0,888.0,44400.0,2025-01-13
2025011305011843,NTC,13,50,80.0,888.1,71048.0,2025-01-13
2025011305011842,NTC,1,50,10.0,888.2,8882.0,2025-01-13
2025011305011841,NTC,45,50,127.0,888.2,112801.4,2025-01-13
2025011305011840,NTC,22,50,10.0,889.0,8890.0,2025-01-13
2025011305011839,NTC,41,50,20.0,889.0,17780.0,2025-01-13
2025011305011838,NTC,42,50,10.0,889.0,8890.0,2025-01-13
2025011305011837,NTC,40,50,50.0,889.0,44450.0,2025-01-13
2025011305011836,NTC,49,50,10.0,889.0,8890.0,2025-01-13
2025011303015727,JFL,4,65,20.0,671.0,13420.0,2025-01-13
2025011303015726,JFL,3,65,329.0,671.0,220759.0,2025-01-13
2025011304013224,NHDL,88,43,100.0,851.0,85100.0,2025-01-13
2025011301022734,KBL,43,1,115.0,209.0,24035.0,2025-01-13
2025011304013223,TRH,49,52,10.0,1145.0,11450.0,2025-01-13
2025011303015725,MDB,32,60,853.0,639.0,545067.0,2025-01-13
2025011303015724,MDB,58,60,47.0,639.0,30033.0,2025-01-13
2025011303015723,MDB,42,60,100.0,639.1,63910.0,2025-01-13
2025011301022733,BHL,26,34,268.0,358.0,95944.0,2025-01-13
2025011301022732,BHL,26,38,10.0,358.0,3580.0,2025-01-13
2025011303015722,SJLIC,35,37,100.0,444.0,44400.0,2025-01-13
2025011303015721,SJLIC,8,37,80.0,444.1,35528.0,2025-01-13
2025011303015720,SJLIC,48,37,190.0,444.1,84379.0,2025-01-13
2025011305011835,NRN,60,94,400.0,1125.0,450000.0,2025-01-13
2025011305011834,NRN,38,94,50.0,1125.1,56255.0,2025-01-13
2025011303015719,NICLBSL,32,60,11.0,665.0,7315.0,2025-01-13
2025011303015718,NICLBSL,32,16,10.0,665.0,6650.0,2025-01-13
2025011303015717,NICLBSL,32,65,10.0,665.0,6650.0,2025-01-13
2025011303015716,NICLBSL,32,26,10.0,665.0,6650.0,2025-01-13
2025011303015715,NICLBSL,32,16,10.0,663.0,6630.0,2025-01-13
2025011303015714,NICLBSL,32,19,100.0,663.0,66300.0,2025-01-13
2025011303015713,NICLBSL,32,29,51.0,661.8,33751.8,2025-01-13
2025011303015712,NICLBSL,32,44,30.0,661.6,19848.0,2025-01-13
2025011303015711,NICLBSL,32,32,68.0,661.5,44982.0,2025-01-13
2025011305011833,ILI,38,64,50.0,467.0,23350.0,2025-01-13
2025011301022731,CZBIL,38,45,10.0,210.9,2109.0,2025-01-13
2025011303015710,ALICL,58,74,100.0,709.0,70900.0,2025-01-13
2025011301022730,SCB,19,42,198.0,670.3,132719.4,2025-01-13
2025011304013222,HURJA,42,17,200.0,227.7,45540.0,2025-01-13
2025011303015709,JFL,3,57,40.0,671.0,26840.0,2025-01-13
2025011303015708,KSBBL,33,38,10.0,433.0,4330.0,2025-01-13
2025011301022729,UHEWA,39,34,10.0,827.0,8270.0,2025-01-13
2025011304013221,RHPL,34,58,200.0,439.0,87800.0,2025-01-13
2025011305011832,CHDC,59,34,10.0,1625.0,16250.0,2025-01-13
2025011303015707,NLIC,58,87,25.0,804.4,20110.0,2025-01-13
2025011301022728,SIKLES,58,34,18.0,873.0,15714.0,2025-01-13
2025011301022727,SIKLES,58,58,12.0,872.9,10474.8,2025-01-13
2025011301022726,SIKLES,58,65,100.0,872.0,87200.0,2025-01-13
2025011301022725,SIKLES,58,49,10.0,870.0,8700.0,2025-01-13
2025011301022724,SIKLES,58,48,260.0,869.1,225966.0,2025-01-13
2025011301022723,SIKLES,58,52,10.0,869.0,8690.0,2025-01-13
2025011301022722,SIKLES,58,17,10.0,868.0,8680.0,2025-01-13
2025011301022721,SIKLES,58,50,10.0,868.0,8680.0,2025-01-13
2025011301022720,SIKLES,58,51,70.0,867.0,60690.0,2025-01-13
2025011301022719,MEHL,94,48,10.0,507.0,5070.0,2025-01-13
2025011301022718,SIKLES,48,51,10.0,867.0,8670.0,2025-01-13
2025011303015706,BFC,50,25,10.0,641.0,6410.0,2025-01-13
2025011303015705,GBLBS,32,13,10.0,775.0,7750.0,2025-01-13
2025011301022717,IHL,92,81,980.0,656.3,643174.0,2025-01-13
2025011301022716,IHL,11,81,20.0,660.0,13200.0,2025-01-13
2025011301022715,MEHL,94,45,300.0,507.0,152100.0,2025-01-13
2025011301022714,MEHL,94,32,65.0,507.0,32955.0,2025-01-13
2025011301022713,MEHL,94,41,10.0,507.0,5070.0,2025-01-13
2025011301022712,MEHL,94,53,200.0,507.0,101400.0,2025-01-13
2025011301022711,MEHL,94,57,900.0,506.0,455400.0,2025-01-13
2025011301022710,MEHL,94,34,100.0,505.9,50590.0,2025-01-13
2025011301022709,MEHL,94,37,1390.0,505.0,701950.0,2025-01-13
2025011301022708,USHEC,57,22,100.0,651.1,65110.0,2025-01-13
2025011301022707,USHEC,49,22,100.0,655.0,65500.0,2025-01-13
2025011301022706,DOLTI,38,7,258.0,713.0,183954.0,2025-01-13
2025011301022705,SHLB,22,38,17.0,2600.1,44201.7,2025-01-13
2025011301022704,SHLB,57,38,53.0,2600.1,137805.3,2025-01-13
2025011301022703,SHLB,57,38,20.0,2600.2,52004.0,2025-01-13
2025011304013220,DHPL,38,43,30.0,309.0,9270.0,2025-01-13
2025011304013219,UMHL,45,38,233.0,333.0,77589.0,2025-01-13
2025011301022702,ULHC,14,19,110.0,535.0,58850.0,2025-01-13
2025011303015704,SMPDA,14,38,10.0,938.1,9381.0,2025-01-13
2025011303015703,PROFL,86,34,100.0,593.0,59300.0,2025-01-13
2025011301022701,MKHL,6,77,16.0,634.0,10144.0,2025-01-13
2025011301022700,MKHL,43,77,20.0,634.0,12680.0,2025-01-13
2025011301022699,MKHL,7,77,40.0,634.0,25360.0,2025-01-13
2025011301022698,MKHL,41,77,210.0,634.0,133140.0,2025-01-13
2025011304013218,UAIL,42,94,50.0,636.0,31800.0,2025-01-13
2025011301022697,TPC,29,82,1000.0,534.0,534000.0,2025-01-13
2025011301022696,TPC,55,82,100.0,534.0,53400.0,2025-01-13
2025011304013217,AKJCL,1,35,150.0,196.5,29475.0,2025-01-13
2025011303015702,NFS,1,35,50.0,917.0,45850.0,2025-01-13
2025011303015701,NFS,36,35,20.0,917.0,18340.0,2025-01-13
2025011303015700,NFS,39,35,100.0,917.0,91700.0,2025-01-13
2025011303015699,NFS,17,35,50.0,917.0,45850.0,2025-01-13
2025011303015698,NFS,21,35,25.0,917.0,22925.0,2025-01-13
2025011304013216,AHPC,41,47,150.0,249.0,37350.0,2025-01-13
2025011301022695,TPC,41,35,10.0,535.0,5350.0,2025-01-13
2025011303015697,NABBC,57,41,50.0,1067.1,53355.0,2025-01-13
2025011301022694,DOLTI,35,7,42.0,713.0,29946.0,2025-01-13
2025011301022693,DOLTI,28,7,50.0,713.1,35655.0,2025-01-13
2025011304013215,UMRH,63,50,103.0,632.1,65106.3,2025-01-13
2025011304013214,UMRH,59,50,1000.0,633.0,633000.0,2025-01-13
2025011304013213,UMRH,74,50,100.0,633.0,63300.0,2025-01-13
2025011304013212,UMRH,10,50,30.0,633.0,18990.0,2025-01-13
2025011304013211,UMRH,57,50,100.0,633.0,63300.0,2025-01-13
2025011304013210,UMRH,6,50,300.0,633.0,189900.0,2025-01-13
2025011304013209,UMRH,47,50,300.0,633.0,189900.0,2025-01-13
2025011304013208,UMRH,8,50,120.0,634.0,76080.0,2025-01-13
2025011304013207,UMRH,63,50,100.0,634.0,63400.0,2025-01-13
2025011304013206,UMRH,17,50,300.0,634.0,190200.0,2025-01-13
2025011304013205,UMRH,8,50,107.0,634.0,67838.0,2025-01-13
2025011304013204,UMRH,77,50,200.0,634.1,126820.0,2025-01-13
2025011304013203,UMRH,57,50,240.0,636.0,152640.0,2025-01-13
2025011301022692,TPC,65,35,20.0,535.0,10700.0,2025-01-13
2025011301022691,HBL,21,47,14.0,232.9,3260.6,2025-01-13
2025011301022690,HBL,99,47,10.0,232.9,2329.0,2025-01-13
2025011301022689,HBL,47,47,76.0,233.0,17708.0,2025-01-13
2025011304013202,SPDL,3,48,10.0,333.0,3330.0,2025-01-13
2025011301022688,BHDC,42,94,100.0,665.0,66500.0,2025-01-13
2025011305011831,HATHY,38,91,10.0,1339.0,13390.0,2025-01-13
2025011305011830,HATHY,38,80,10.0,1330.0,13300.0,2025-01-13
2025011305011829,HATHY,38,42,40.0,1326.0,53040.0,2025-01-13
2025011303015696,MLBBL,4,14,10.0,1595.0,15950.0,2025-01-13
2025011303015695,MLBBL,4,33,20.0,1594.0,31880.0,2025-01-13
2025011303015694,MLBBL,4,58,20.0,1590.0,31800.0,2025-01-13
2025011301022687,RFPL,62,57,100.0,1360.0,136000.0,2025-01-13
2025011304013201,KKHC,62,36,90.0,382.0,34380.0,2025-01-13
2025011304013200,UNHPL,57,38,10.0,288.9,2889.0,2025-01-13
2025011303015693,MDB,55,75,100.0,640.0,64000.0,2025-01-13
2025011303015692,JFL,87,32,30.0,672.0,20160.0,2025-01-13
2025011301022686,NYADI,56,19,259.0,675.0,174825.0,2025-01-13
2025011301022685,NYADI,56,34,25.0,570.0,14250.0,2025-01-13
2025011301022684,NYADI,56,32,250.0,570.0,142500.0,2025-01-13
2025011301022683,NYADI,56,6,1200.0,570.0,684000.0,2025-01-13
2025011301022682,NYADI,56,1,170.0,570.0,96900.0,2025-01-13
2025011301022681,NYADI,56,42,10.0,570.0,5700.0,2025-01-13
2025011301022680,NYADI,56,41,20.0,570.0,11400.0,2025-01-13
2025011301022679,NYADI,56,49,42.0,570.0,23940.0,2025-01-13
2025011301022678,NYADI,56,22,50.0,570.0,28500.0,2025-01-13
2025011301022677,NYADI,56,35,30.0,570.0,17100.0,2025-01-13
2025011301022676,NYADI,56,25,100.0,570.0,57000.0,2025-01-13
2025011301022675,NYADI,56,43,750.0,570.0,427500.0,2025-01-13
2025011301022674,NYADI,56,6,10.0,570.0,5700.0,2025-01-13
2025011301022673,NYADI,56,43,750.0,570.0,427500.0,2025-01-13
2025011301022672,NYADI,56,35,30.0,570.0,17100.0,2025-01-13
2025011301022671,NYADI,56,52,40.0,570.0,22800.0,2025-01-13
2025011301022670,NYADI,56,45,10.0,569.9,5699.0,2025-01-13
2025011301022669,NYADI,56,58,10.0,560.0,5600.0,2025-01-13
2025011301022668,NYADI,56,44,10.0,558.9,5589.0,2025-01-13
2025011301022667,NYADI,56,70,234.0,558.9,130782.6,2025-01-13
2025011301022666,SBL,28,7,71.0,295.0,20945.0,2025-01-13
2025011305011828,NRIC,36,39,50.0,760.0,38000.0,2025-01-13
2025011305011827,NRIC,36,8,40.0,760.0,30400.0,2025-01-13
2025011305011826,NRIC,36,34,13.0,760.0,9880.0,2025-01-13
2025011305011825,NRIC,36,45,71.0,760.0,53960.0,2025-01-13
2025011305011824,NRIC,36,65,67.0,755.0,50585.0,2025-01-13
2025011305011823,NRIC,36,90,50.0,755.0,37750.0,2025-01-13
2025011304013199,JOSHI,41,58,20.0,414.5,8290.0,2025-01-13
2025011303015691,NFS,21,29,25.0,917.0,22925.0,2025-01-13
2025011303015690,NFS,21,29,20.0,917.0,18340.0,2025-01-13
2025011303015689,NFS,41,29,15.0,917.0,13755.0,2025-01-13
2025011303015688,NFS,21,29,200.0,917.0,183400.0,2025-01-13
2025011303015687,NFS,32,29,20.0,917.0,18340.0,2025-01-13
2025011303015686,NFS,46,29,10.0,917.0,9170.0,2025-01-13
2025011303015685,NFS,34,29,10.0,917.0,9170.0,2025-01-13
2025011303015684,NFS,38,29,30.0,917.0,27510.0,2025-01-13
2025011303015683,NFS,57,29,100.0,917.0,91700.0,2025-01-13
2025011303015682,NFS,17,29,25.0,917.0,22925.0,2025-01-13
2025011303015681,NFS,43,29,10.0,917.0,9170.0,2025-01-13
2025011303015680,NFS,1,29,10.0,917.0,9170.0,2025-01-13
2025011303015679,NFS,35,29,50.0,917.0,45850.0,2025-01-13
2025011303015678,NFS,42,29,175.0,917.0,160475.0,2025-01-13
2025011305011822,SAHAS,45,48,374.0,491.0,183634.0,2025-01-13
2025011305011821,SAHAS,44,48,200.0,491.2,98240.0,2025-01-13
2025011305011820,SAHAS,14,48,406.0,491.2,199427.2,2025-01-13
2025011305011819,SAHAS,22,48,1000.0,491.5,491500.0,2025-01-13
2025011305011818,SAHAS,45,48,20.0,491.6,9832.0,2025-01-13
2025011301022665,AHL,42,59,365.0,750.0,273750.0,2025-01-13
2025011301022664,AHL,11,59,50.0,750.0,37500.0,2025-01-13
2025011301022663,AHL,70,59,20.0,750.2,15004.0,2025-01-13
2025011301022662,AHL,85,59,25.0,750.4,18760.0,2025-01-13
2025011301022661,AHL,85,59,240.0,750.5,180120.0,2025-01-13
2025011303015677,CORBL,29,42,50.0,1636.0,81800.0,2025-01-13
2025011301022660,CZBIL,11,36,65.0,210.0,13650.0,2025-01-13
2025011301022659,CZBIL,7,36,35.0,210.0,7350.0,2025-01-13
2025011301022658,CZBIL,4,36,100.0,210.1,21010.0,2025-01-13
2025011303015676,FOWAD,11,34,10.0,1249.0,12490.0,2025-01-13
2025011301022657,MKHC,47,82,114.0,543.0,61902.0,2025-01-13
2025011301022656,MKHC,47,11,90.0,543.0,48870.0,2025-01-13
2025011301022655,MKHC,47,25,10.0,540.0,5400.0,2025-01-13
2025011301022654,MKHC,47,94,27.0,539.0,14553.0,2025-01-13
2025011301022653,MKHC,47,25,49.0,538.0,26362.0,2025-01-13
2025011301022652,MKHC,47,33,400.0,535.0,214000.0,2025-01-13
2025011301022651,MKHC,47,57,100.0,534.9,53490.0,2025-01-13
2025011301022650,MKHC,47,16,10.0,534.0,5340.0,2025-01-13
2025011301022649,MKHC,47,16,200.0,534.0,106800.0,2025-01-13
2025011305011817,RNLI,100,85,441.0,508.4,224204.4,2025-01-13
2025011305011816,RNLI,100,85,50.0,508.3,25415.0,2025-01-13
2025011305011815,RNLI,100,50,50.0,508.3,25415.0,2025-01-13
2025011305011814,RNLI,100,52,25.0,508.3,12707.5,2025-01-13
2025011305011813,RNLI,100,45,100.0,508.0,50800.0,2025-01-13
2025011305011812,RNLI,100,45,11.0,508.0,5588.0,2025-01-13
2025011305011811,RNLI,100,91,100.0,508.0,50800.0,2025-01-13
2025011305011810,RNLI,100,58,11.0,508.0,5588.0,2025-01-13
2025011305011809,RNLI,100,35,58.0,507.4,29429.2,2025-01-13
2025011305011808,RNLI,100,11,11.0,507.0,5577.0,2025-01-13
2025011305011807,RNLI,100,57,11.0,507.0,5577.0,2025-01-13
2025011305011806,RNLI,100,34,20.0,506.9,10138.0,2025-01-13
2025011305011805,RNLI,100,57,11.0,506.9,5575.9,2025-01-13
2025011305011804,RNLI,100,52,50.0,506.9,25345.0,2025-01-13
2025011305011803,RNLI,100,91,50.0,506.0,25300.0,2025-01-13
2025011305011802,RNLI,100,21,11.0,505.0,5555.0,2025-01-13
2025011305011801,RNLI,100,49,201.0,505.0,101505.0,2025-01-13
2025011305011800,RNLI,100,36,11.0,505.0,5555.0,2025-01-13
2025011305011799,RNLI,100,61,30.0,505.0,15150.0,2025-01-13
2025011305011798,RNLI,100,7,11.0,505.0,5555.0,2025-01-13
2025011305011797,RNLI,100,58,11.0,505.0,5555.0,2025-01-13
2025011305011796,RNLI,100,58,60.0,505.0,30300.0,2025-01-13
2025011305011795,RNLI,100,58,11.0,505.0,5555.0,2025-01-13
2025011305011794,RNLI,100,34,100.0,504.0,50400.0,2025-01-13
2025011305011793,RNLI,100,34,11.0,503.1,5534.1,2025-01-13
2025011305011792,RNLI,100,58,11.0,503.1,5534.1,2025-01-13
2025011305011791,RNLI,100,38,11.0,503.0,5533.0,2025-01-13
2025011305011790,RNLI,100,21,11.0,503.0,5533.0,2025-01-13
2025011305011789,RNLI,100,58,11.0,503.0,5533.0,2025-01-13
2025011304013198,AKJCL,54,35,500.0,196.5,98250.0,2025-01-13
2025011301022648,PPL,45,22,128.0,554.0,70912.0,2025-01-13
2025011304013197,NLG,55,45,3000.0,1036.0,3108000.0,2025-01-13
2025011303015675,DDBL,21,45,12.0,785.0,9420.0,2025-01-13
2025011305011788,CHDC,77,8,10.0,1629.0,16290.0,2025-01-13
2025011303015674,CBBL,58,57,200.0,849.0,169800.0,2025-01-13
2025011304013196,UMRH,57,99,10.0,636.0,6360.0,2025-01-13
2025011305011787,NRN,60,17,210.0,1125.0,236250.0,2025-01-13
2025011303015673,NFS,1,49,10.0,917.2,9172.0,2025-01-13
2025011304013195,IGI,56,88,50.0,574.5,28725.0,2025-01-13
2025011303015672,JSLBB,85,70,46.0,1636.9,75297.4,2025-01-13
2025011303015671,JSLBB,94,70,50.0,1637.0,81850.0,2025-01-13
2025011303015670,JSLBB,16,70,24.0,1637.0,39288.0,2025-01-13
2025011304013194,MHNL,3,32,60.0,253.0,15180.0,2025-01-13
2025011304013193,MHNL,3,17,100.0,253.0,25300.0,2025-01-13
2025011304013192,MHNL,3,43,31.0,253.0,7843.0,2025-01-13
2025011301022647,ULHC,34,19,890.0,535.0,476150.0,2025-01-13
2025011303015669,SWMF,55,14,30.0,750.9,22527.0,2025-01-13
2025011304013191,NLG,55,41,100.0,1036.0,103600.0,2025-01-13
2025011301022646,NMB,32,39,200.0,238.8,47760.0,2025-01-13
2025011303015668,MDB,32,6,10.0,647.9,6479.0,2025-01-13
2025011304013190,SHPC,32,66,50.0,456.3,22815.0,2025-01-13
2025011301022645,NABIL,45,11,200.0,492.8,98560.0,2025-01-13
2025011301022644,RFPL,62,57,50.0,1360.0,68000.0,2025-01-13
2025011301022643,RFPL,35,57,10.0,1370.0,13700.0,2025-01-13
2025011301022642,RFPL,62,57,20.0,1370.0,27400.0,2025-01-13
2025011303015667,JFL,6,32,30.0,672.0,20160.0,2025-01-13
2025011304013189,DHPL,6,43,500.0,309.0,154500.0,2025-01-13
2025011301022641,RFPL,62,17,30.0,1376.0,41280.0,2025-01-13
2025011304013188,IGI,56,47,190.0,576.0,109440.0,2025-01-13
2025011304013187,IGI,56,52,10.0,575.0,5750.0,2025-01-13
2025011304013186,IGI,56,38,100.0,574.8,57480.0,2025-01-13
2025011304013185,IGI,56,44,200.0,574.7,114940.0,2025-01-13
2025011305011786,NRN,58,77,44.0,1135.0,49940.0,2025-01-13
2025011305011785,NRN,58,58,10.0,1134.0,11340.0,2025-01-13
2025011305011784,NRN,58,34,200.0,1134.0,226800.0,2025-01-13
2025011305011783,NRN,58,22,1000.0,1130.0,1130000.0,2025-01-13
2025011305011782,NRN,58,13,1000.0,1130.0,1130000.0,2025-01-13
2025011305011781,NRN,58,34,10.0,1130.0,11300.0,2025-01-13
2025011305011780,NRN,58,77,1000.0,1130.0,1130000.0,2025-01-13
2025011305011779,NRN,58,21,85.0,1130.0,96050.0,2025-01-13
2025011305011778,NRN,58,77,2000.0,1130.0,2260000.0,2025-01-13
2025011305011777,NRN,58,49,305.0,1130.0,344650.0,2025-01-13
2025011305011776,NRN,58,39,80.0,1129.0,90320.0,2025-01-13
2025011305011775,NRN,58,5,10.0,1129.0,11290.0,2025-01-13
2025011305011774,NRN,58,34,126.0,1129.0,142254.0,2025-01-13
2025011305011773,NRN,58,34,90.0,1128.9,101601.0,2025-01-13
2025011305011772,NRN,58,58,10.0,1128.0,11280.0,2025-01-13
2025011305011771,NRN,58,5,30.0,1128.0,33840.0,2025-01-13
2025011303015666,CORBL,71,42,20.0,1636.0,32720.0,2025-01-13
2025011301022640,CKHL,48,38,179.0,790.0,141410.0,2025-01-13
2025011301022639,CKHL,48,57,500.0,787.0,393500.0,2025-01-13
2025011301022638,CKHL,48,39,481.0,787.0,378547.0,2025-01-13
2025011301022637,CKHL,48,21,590.0,786.9,464271.0,2025-01-13
2025011301022636,CKHL,48,75,150.0,786.5,117975.0,2025-01-13
2025011301022635,CKHL,48,41,100.0,784.0,78400.0,2025-01-13
2025011303015665,EDBL,43,60,570.0,585.0,333450.0,2025-01-13
2025011303015664,EDBL,58,60,500.0,585.0,292500.0,2025-01-13
2025011303015663,EDBL,58,60,500.0,585.0,292500.0,2025-01-13
2025011303015662,EDBL,35,60,100.0,585.0,58500.0,2025-01-13
2025011303015661,EDBL,43,60,200.0,585.1,117020.0,2025-01-13
2025011303015660,EDBL,32,60,1130.0,585.1,661163.0,2025-01-13
2025011303015659,NFS,36,49,100.0,917.2,91720.0,2025-01-13
2025011303015658,SFCL,8,3,20.0,664.0,13280.0,2025-01-13
2025011301022634,BNHC,35,94,90.0,475.0,42750.0,2025-01-13
2025011301022633,BNHC,41,94,200.0,475.0,95000.0,2025-01-13
2025011301022632,BNHC,32,94,10.0,475.0,4750.0,2025-01-13
2025011303015657,SWBBL,54,55,10.0,870.0,8700.0,2025-01-13
2025011303015656,WNLB,56,53,30.0,2812.0,84360.0,2025-01-13
2025011303015655,WNLB,55,53,10.0,2817.5,28175.0,2025-01-13
2025011303015654,WNLB,70,53,20.0,2819.0,56380.0,2025-01-13
2025011303015653,WNLB,13,53,30.0,2819.2,84576.0,2025-01-13
2025011303015652,WNLB,6,53,10.0,2819.5,28195.0,2025-01-13
2025011301022631,PCBL,22,46,10.0,247.0,2470.0,2025-01-13
2025011301022630,PCBL,22,14,20.0,246.0,4920.0,2025-01-13
2025011303015651,SMPDA,74,38,10.0,938.1,9381.0,2025-01-13
2025011305011770,SONA,35,42,10.0,454.0,4540.0,2025-01-13
2025011304013184,HDHPC,42,57,50.0,197.5,9875.0,2025-01-13
2025011301022629,NIMB,22,17,10.0,210.9,2109.0,2025-01-13
2025011303015650,NFS,17,58,19.0,917.9,17440.1,2025-01-13
2025011303015649,GBLBS,7,11,10.0,781.0,7810.0,2025-01-13
2025011304013183,LEC,56,34,10.0,205.0,2050.0,2025-01-13
2025011303015648,MERO,58,58,10.0,662.0,6620.0,2025-01-13
2025011301022628,USHEC,48,38,10.0,655.0,6550.0,2025-01-13
2025011301022627,USHEC,48,7,10.0,655.0,6550.0,2025-01-13
2025011301022626,USHEC,48,34,190.0,655.0,124450.0,2025-01-13
2025011301022625,LSL,58,59,300.0,212.1,63630.0,2025-01-13
2025011301022624,BHDC,49,44,100.0,667.0,66700.0,2025-01-13
2025011301022623,NYADI,19,70,100.0,558.9,55890.0,2025-01-13
2025011303015647,LBBL,46,54,290.0,455.0,131950.0,2025-01-13
2025011303015646,LBBL,38,54,200.0,456.0,91200.0,2025-01-13
2025011303015645,LBBL,21,54,10.0,456.5,4565.0,2025-01-13
2025011304013182,UPCL,43,16,200.0,273.6,54720.0,2025-01-13
2025011301022622,BHL,6,32,200.0,357.1,71420.0,2025-01-13
2025011305011769,ILI,61,64,10.0,467.0,4670.0,2025-01-13
2025011304013181,GHL,4,53,119.0,204.0,24276.0,2025-01-13
2025011301022621,MCHL,17,21,200.0,617.0,123400.0,2025-01-13
2025011303015644,KSBBL,44,55,213.0,436.0,92868.0,2025-01-13
2025011303015643,KSBBL,44,6,200.0,433.0,86600.0,2025-01-13
2025011303015642,KSBBL,44,60,1000.0,432.6,432600.0,2025-01-13
2025011303015641,KSBBL,44,44,187.0,432.0,80784.0,2025-01-13
2025011304013180,NIL,41,17,109.0,912.0,99408.0,2025-01-13
2025011304013179,SHL,94,34,100.0,480.3,48030.0,2025-01-13
2025011301022620,KDL,53,58,40.0,1078.0,43120.0,2025-01-13
2025011301022619,KDL,10,58,10.0,1079.0,10790.0,2025-01-13
2025011304013178,HDHPC,21,57,20.0,197.5,3950.0,2025-01-13
2025011301022618,NABIL,10,11,50.0,492.8,24640.0,2025-01-13
2025011301022617,TVCL,42,49,50.0,584.0,29200.0,2025-01-13
2025011301022616,TVCL,59,49,52.0,584.1,30373.2,2025-01-13
2025011301022615,TVCL,25,49,300.0,584.2,175260.0,2025-01-13
2025011304013177,MHNL,19,43,10.0,253.0,2530.0,2025-01-13
2025011303015640,MDB,55,55,10.0,640.0,6400.0,2025-01-13
2025011303015639,MDB,41,55,100.0,640.0,64000.0,2025-01-13
2025011303015638,MDB,29,55,100.0,640.0,64000.0,2025-01-13
2025011303015637,MDB,44,55,100.0,640.0,64000.0,2025-01-13
2025011303015636,MDB,47,55,70.0,640.0,44800.0,2025-01-13
2025011303015635,MDB,58,55,100.0,640.0,64000.0,2025-01-13
2025011301022614,BHPL,67,25,50.0,960.3,48015.0,2025-01-13
2025011303015634,MDB,13,55,429.0,640.0,274560.0,2025-01-13
2025011303015633,MDB,32,55,90.0,646.9,58221.0,2025-01-13
2025011305011768,HRL,45,60,751.0,784.1,588859.1,2025-01-13
2025011305011767,HRL,55,60,94.0,784.1,73705.4,2025-01-13
2025011305011766,HRL,34,60,30.0,784.2,23526.0,2025-01-13
2025011305011765,HRL,47,60,25.0,784.3,19607.5,2025-01-13
2025011305011764,HRL,19,60,100.0,785.0,78500.0,2025-01-13
2025011301022613,EHPL,35,74,10.0,761.0,7610.0,2025-01-13
2025011301022612,EHPL,13,74,20.0,761.6,15232.0,2025-01-13
2025011301022611,EHPL,56,74,100.0,763.0,76300.0,2025-01-13
2025011301022610,EHPL,101,74,100.0,763.1,76310.0,2025-01-13
2025011301022609,EHPL,71,74,100.0,763.5,76350.0,2025-01-13
2025011301022608,EHPL,35,74,10.0,765.0,7650.0,2025-01-13
2025011301022607,EHPL,42,74,10.0,770.0,7700.0,2025-01-13
2025011301022606,EHPL,42,74,10.0,771.9,7719.0,2025-01-13
2025011303015632,SAPDBL,74,75,10.0,1149.0,11490.0,2025-01-13
2025011303015631,SMB,38,42,10.0,2755.0,27550.0,2025-01-13
2025011303015630,SMB,38,57,10.0,2754.9,27549.0,2025-01-13
2025011304013176,SHPC,45,66,200.0,456.3,91260.0,2025-01-13
2025011304013175,UNHPL,37,57,100.0,288.2,28820.0,2025-01-13
2025011304013174,UMHL,57,60,500.0,332.0,166000.0,2025-01-13
2025011303015629,CORBL,42,42,20.0,1636.0,32720.0,2025-01-13
2025011303015628,SKBBL,42,57,70.0,810.5,56735.0,2025-01-13
2025011303015627,EDBL,32,35,210.0,585.1,122871.0,2025-01-13
2025011303015626,EDBL,32,35,450.0,587.0,264150.0,2025-01-13
2025011301022605,LSL,58,41,231.0,212.1,48995.1,2025-01-13
2025011303015625,SFCL,8,38,30.0,664.0,19920.0,2025-01-13
2025011303015624,SFCL,8,49,50.0,664.0,33200.0,2025-01-13
2025011305011763,SMJC,58,7,200.0,540.2,108040.0,2025-01-13
2025011305011762,SMATA,34,32,10.0,819.0,8190.0,2025-01-13
2025011303015623,SKBBL,5,57,20.0,810.5,16210.0,2025-01-13
2025011301022604,RHGCL,5,82,50.0,605.0,30250.0,2025-01-13
2025011301022603,LSL,58,48,1490.0,212.1,316029.0,2025-01-13
2025011301022602,TVCL,50,94,100.0,585.0,58500.0,2025-01-13
2025011301022601,HBL,47,35,10.0,233.0,2330.0,2025-01-13
2025011301022600,HBL,47,98,14.0,233.0,3262.0,2025-01-13
2025011303015622,SHINE,57,49,728.0,407.0,296296.0,2025-01-13
2025011303015621,SHINE,14,49,100.0,407.0,40700.0,2025-01-13
2025011303015620,SHINE,48,49,20.0,407.0,8140.0,2025-01-13
2025011303015619,SHINE,35,49,300.0,407.0,122100.0,2025-01-13
2025011303015618,SHINE,6,49,300.0,407.0,122100.0,2025-01-13
2025011303015617,SHINE,10,49,692.0,407.0,281644.0,2025-01-13
2025011305011761,PHCL,66,94,820.0,557.0,456740.0,2025-01-13
2025011305011760,PHCL,66,4,260.0,556.9,144794.0,2025-01-13
2025011305011759,PHCL,66,49,10.0,556.0,5560.0,2025-01-13
2025011305011758,PHCL,66,41,10.0,556.0,5560.0,2025-01-13
2025011305011757,PHCL,66,26,200.0,555.0,111000.0,2025-01-13
2025011305011756,PHCL,66,16,200.0,552.0,110400.0,2025-01-13
2025011304013173,GHL,49,53,1200.0,204.0,244800.0,2025-01-13
2025011301022599,SPC,68,32,10.0,516.0,5160.0,2025-01-13
2025011304013172,AKPL,38,94,500.0,232.5,116250.0,2025-01-13
2025011304013171,AKJCL,49,52,944.0,196.4,185401.6,2025-01-13
2025011304013170,SPDL,61,48,294.0,333.0,97902.0,2025-01-13
2025011304013169,SPDL,61,57,206.0,333.0,68598.0,2025-01-13
2025011301022598,RFPL,62,59,10.0,1376.0,13760.0,2025-01-13
2025011301022597,RFPL,62,17,50.0,1376.0,68800.0,2025-01-13
2025011301022596,RFPL,62,14,10.0,1375.0,13750.0,2025-01-13
2025011303015616,GFCL,1,4,100.0,779.2,77920.0,2025-01-13
2025011303015615,MPFL,32,4,125.0,670.0,83750.0,2025-01-13
2025011303015614,MPFL,45,4,150.0,673.0,100950.0,2025-01-13
2025011303015613,SLBBL,25,26,250.0,909.0,227250.0,2025-01-13
2025011301022595,NIMB,6,48,180.0,211.0,37980.0,2025-01-13
2025011301022594,NIMB,6,57,20.0,211.0,4220.0,2025-01-13
2025011304013168,HURJA,13,17,200.0,227.0,45400.0,2025-01-13
2025011304013167,HURJA,1,17,700.0,227.0,158900.0,2025-01-13
2025011304013166,HURJA,58,17,100.0,227.0,22700.0,2025-01-13
2025011304013165,RHPL,17,87,215.0,440.0,94600.0,2025-01-13
2025011304013164,RHPL,17,58,500.0,440.0,220000.0,2025-01-13
2025011304013163,RHPL,17,59,200.0,440.0,88000.0,2025-01-13
2025011304013162,RHPL,17,77,80.0,440.0,35200.0,2025-01-13
2025011304013161,RHPL,17,55,50.0,440.0,22000.0,2025-01-13
2025011304013160,RHPL,17,19,200.0,439.9,87980.0,2025-01-13
2025011304013159,RHPL,17,58,70.0,439.2,30744.0,2025-01-13
2025011304013158,RHPL,17,16,75.0,439.0,32925.0,2025-01-13
2025011304013157,RHPL,17,49,40.0,438.0,17520.0,2025-01-13
2025011304013156,RHPL,17,56,870.0,437.9,380973.0,2025-01-13
2025011301022593,USHL,61,6,173.0,805.5,139351.5,2025-01-13
2025011301022592,USHL,29,6,50.0,806.0,40300.0,2025-01-13
2025011301022591,USHL,35,6,20.0,806.0,16120.0,2025-01-13
2025011301022590,USHL,53,6,20.0,807.0,16140.0,2025-01-13
2025011301022589,USHL,16,6,10.0,809.0,8090.0,2025-01-13
2025011301022588,USHL,45,6,10.0,810.0,8100.0,2025-01-13
2025011301022587,USHL,6,6,17.0,810.0,13770.0,2025-01-13
2025011303015612,HLI,42,37,10.0,452.0,4520.0,2025-01-13
2025011301022586,TPC,13,35,50.0,535.0,26750.0,2025-01-13
2025011301022585,TPC,32,35,100.0,535.0,53500.0,2025-01-13
2025011301022584,TPC,52,35,24.0,535.0,12840.0,2025-01-13
2025011301022583,TPC,46,35,50.0,536.0,26800.0,2025-01-13
2025011301022582,TPC,58,35,20.0,536.0,10720.0,2025-01-13
2025011301022581,TPC,32,35,200.0,537.0,107400.0,2025-01-13
2025011304013155,SPDL,57,41,299.0,332.2,99327.8,2025-01-13
2025011304013154,GHL,41,53,200.0,204.0,40800.0,2025-01-13
2025011304013153,API,56,60,164.0,265.0,43460.0,2025-01-13
2025011304013152,API,56,45,200.0,265.0,53000.0,2025-01-13
2025011304013151,API,56,37,100.0,265.0,26500.0,2025-01-13
2025011304013150,API,56,28,995.0,265.0,263675.0,2025-01-13
2025011304013149,API,56,52,51.0,265.0,13515.0,2025-01-13
2025011304013148,API,56,33,110.0,265.0,29150.0,2025-01-13
2025011304013147,API,56,19,10.0,265.0,2650.0,2025-01-13
2025011304013146,API,56,5,3000.0,264.9,794700.0,2025-01-13
2025011304013145,API,56,14,370.0,264.8,97976.0,2025-01-13
2025011301022580,AVYAN,45,34,12.0,996.1,11953.2,2025-01-13
2025011301022579,AVYAN,46,34,50.0,997.0,49850.0,2025-01-13
2025011301022578,AVYAN,35,34,50.0,997.2,49860.0,2025-01-13
2025011301022577,AVYAN,46,34,50.0,998.0,49900.0,2025-01-13
2025011301022576,AVYAN,40,34,88.0,998.0,87824.0,2025-01-13
2025011301022575,AVYAN,74,34,100.0,998.1,99810.0,2025-01-13
2025011304013144,AKJCL,34,35,104.0,196.5,20436.0,2025-01-13
2025011304013143,BPCL,45,34,179.0,395.6,70812.4,2025-01-13
2025011304013142,BPCL,42,34,12.0,395.6,4747.2,2025-01-13
2025011304013141,BPCL,43,34,10.0,395.8,3958.0,2025-01-13
2025011301022574,SCB,19,11,70.0,670.3,46921.0,2025-01-13
2025011301022573,SCB,94,11,30.0,670.5,20115.0,2025-01-13
2025011304013140,GHL,13,53,100.0,204.0,20400.0,2025-01-13
2025011304013139,SHPC,91,66,100.0,457.0,45700.0,2025-01-13
2025011301022572,SCB,58,38,10.0,671.0,6710.0,2025-01-13
2025011301022571,MANDU,49,40,20.0,900.0,18000.0,2025-01-13
2025011304013138,GHL,49,53,75.0,204.0,15300.0,2025-01-13
2025011303015611,NFS,16,58,10.0,917.9,9179.0,2025-01-13
2025011301022570,MEHL,13,37,610.0,505.0,308050.0,2025-01-13
2025011305011755,HRL,19,94,100.0,785.0,78500.0,2025-01-13
2025011305011754,SMJC,64,61,200.0,541.0,108200.0,2025-01-13
2025011303015610,JFL,3,86,131.0,671.0,87901.0,2025-01-13
2025011303015609,JFL,58,86,69.0,671.0,46299.0,2025-01-13
2025011304013137,BARUN,51,45,68.0,414.0,28152.0,2025-01-13
2025011304013136,BARUN,47,45,300.0,414.0,124200.0,2025-01-13
2025011304013135,BARUN,42,45,402.0,414.0,166428.0,2025-01-13
2025011304013134,BARUN,58,45,230.0,415.0,95450.0,2025-01-13
2025011301022569,KBL,36,77,68.0,208.7,14191.6,2025-01-13
2025011301022568,KBL,42,77,340.0,208.7,70958.0,2025-01-13
2025011303015608,MLBL,4,6,41.0,366.0,15006.0,2025-01-13
2025011301022567,DLBS,57,45,30.0,1650.0,49500.0,2025-01-13
2025011301022566,DLBS,57,42,100.0,1650.0,165000.0,2025-01-13
2025011301022565,DLBS,57,39,100.0,1650.0,165000.0,2025-01-13
2025011301022564,DLBS,57,5,20.0,1649.0,32980.0,2025-01-13
2025011301022563,DLBS,57,40,50.0,1645.0,82250.0,2025-01-13
2025011301022562,MHCL,57,34,10.0,533.8,5338.0,2025-01-13
2025011301022561,MHCL,57,14,100.0,533.0,53300.0,2025-01-13
2025011301022560,KBL,51,1,35.0,209.0,7315.0,2025-01-13
2025011305011753,NRM,42,36,160.0,445.1,71216.0,2025-01-13
2025011305011752,NRM,8,36,500.0,446.0,223000.0,2025-01-13
2025011303015607,SFCL,72,6,10.0,664.0,6640.0,2025-01-13
2025011303015606,SFCL,72,17,10.0,664.0,6640.0,2025-01-13
2025011305011751,NRN,21,5,10.0,1128.0,11280.0,2025-01-13
2025011303015605,RLFL,28,64,120.0,583.0,69960.0,2025-01-13
2025011305011750,SBCF,26,26,500.0,9.15,4575.0,2025-01-13
2025011305011749,NRM,45,58,10.0,446.1,4461.0,2025-01-13
2025011304013133,BARUN,58,36,10.0,415.0,4150.0,2025-01-13
2025011305011748,MEL,55,65,10.0,338.9,3389.0,2025-01-13
2025011305011747,RNLI,86,32,11.0,502.5,5527.5,2025-01-13
2025011304013132,AHPC,45,47,25.0,249.0,6225.0,2025-01-13
2025011303015604,MNBBL,62,88,40.0,368.9,14756.0,2025-01-13
2025011301022559,RFPL,62,14,10.0,1375.0,13750.0,2025-01-13
2025011305011746,NRIC,6,45,201.0,760.0,152760.0,2025-01-13
2025011305011745,NRIC,6,90,13.0,760.0,9880.0,2025-01-13
2025011305011744,NRIC,6,58,14.0,759.5,10633.0,2025-01-13
2025011305011743,NRIC,6,48,201.0,759.0,152559.0,2025-01-13
2025011303015603,ICFC,17,41,30.0,655.0,19650.0,2025-01-13
2025011305011742,NRIC,6,44,10.0,759.0,7590.0,2025-01-13
2025011305011741,NRIC,6,45,65.0,759.0,49335.0,2025-01-13
2025011303015602,ICFC,17,7,220.0,655.0,144100.0,2025-01-13
2025011305011740,NRIC,6,44,200.0,758.9,151780.0,2025-01-13
2025011305011739,NRIC,6,6,100.0,758.8,75880.0,2025-01-13
2025011305011738,NRIC,6,16,10.0,757.0,7570.0,2025-01-13
2025011305011737,NRIC,6,41,50.0,757.0,37850.0,2025-01-13
2025011305011736,NRIC,6,3,10.0,756.7,7567.0,2025-01-13
2025011305011735,NRIC,6,3,10.0,756.6,7566.0,2025-01-13
2025011305011734,NRIC,6,41,30.0,756.5,22695.0,2025-01-13
2025011305011733,NRIC,6,33,20.0,755.0,15100.0,2025-01-13
2025011305011732,NRIC,6,45,16.0,755.0,12080.0,2025-01-13
2025011305011731,NRIC,6,32,50.0,755.0,37750.0,2025-01-13
2025011301022558,EHPL,42,57,10.0,772.0,7720.0,2025-01-13
2025011301022557,NICA,25,42,700.0,377.6,264320.0,2025-01-13
2025011303015601,CORBL,42,60,10.0,1636.0,16360.0,2025-01-13
2025011303015600,GFCL,42,49,50.0,780.0,39000.0,2025-01-13
2025011304013131,SGIC,16,92,100.0,661.5,66150.0,2025-01-13
2025011304013130,SGIC,16,92,100.0,661.5,66150.0,2025-01-13
2025011301022556,SCB,41,38,20.0,671.0,13420.0,2025-01-13
2025011303015599,MLBBL,80,98,200.0,1582.0,316400.0,2025-01-13
2025011301022555,MEHL,13,47,100.0,505.0,50500.0,2025-01-13
2025011303015598,GMFIL,82,49,90.0,533.0,47970.0,2025-01-13
2025011301022554,MEHL,3,45,10.0,505.8,5058.0,2025-01-13
2025011304013129,SPDL,57,51,50.0,332.2,16610.0,2025-01-13
2025011301022553,BNHC,32,55,490.0,475.0,232750.0,2025-01-13
2025011301022552,BNHC,32,55,500.0,475.0,237500.0,2025-01-13
2025011301022551,BNHC,39,55,10.0,475.1,4751.0,2025-01-13
2025011301022550,MKJC,32,45,173.0,550.0,95150.0,2025-01-13
2025011301022549,MKJC,32,40,10.0,548.8,5488.0,2025-01-13
2025011301022548,MKJC,32,6,10.0,546.0,5460.0,2025-01-13
2025011301022547,MKJC,32,70,607.0,545.0,330815.0,2025-01-13
2025011303015597,CBBL,58,22,60.0,849.0,50940.0,2025-01-13
2025011301022546,MKHL,41,62,10.0,634.0,6340.0,2025-01-13
2025011301022545,SRLI,34,99,10.0,417.0,4170.0,2025-01-13
2025011305011730,NRN,60,57,50.0,1125.0,56250.0,2025-01-13
2025011301022544,DOLTI,39,13,20.0,715.0,14300.0,2025-01-13
2025011301022543,DOLTI,39,82,20.0,714.9,14298.0,2025-01-13
2025011301022542,DOLTI,39,35,10.0,714.0,7140.0,2025-01-13
2025011303015596,NFS,1,57,10.0,918.0,9180.0,2025-01-13
2025011304013128,HEI,34,13,10.0,612.1,6121.0,2025-01-13
2025011301022541,MEHL,13,34,10.0,505.0,5050.0,2025-01-13
2025011304013127,CGH,32,78,60.0,882.0,52920.0,2025-01-13
2025011301022540,SPL,34,21,25.0,951.0,23775.0,2025-01-13
2025011301022539,SPL,45,21,25.0,954.6,23865.0,2025-01-13
2025011305011729,NRN,60,64,1300.0,1125.0,1462500.0,2025-01-13
2025011305011728,CLI,58,36,10.0,685.9,6859.0,2025-01-13
2025011303015595,NFS,42,58,329.0,917.0,301693.0,2025-01-13
2025011303015594,NFS,11,58,50.0,917.1,45855.0,2025-01-13
2025011303015593,NFS,43,58,10.0,917.1,9171.0,2025-01-13
2025011303015592,NFS,42,58,86.0,917.1,78870.6,2025-01-13
2025011303015591,NFS,56,58,25.0,917.2,22930.0,2025-01-13
2025011304013126,AHPC,58,47,20.0,249.0,4980.0,2025-01-13
2025011301022538,BGWT,39,32,125.0,1060.1,132512.5,2025-01-13
2025011301022537,BGWT,74,32,50.0,1060.2,53010.0,2025-01-13
2025011301022536,NMB,29,52,100.0,238.0,23800.0,2025-01-13
2025011304013125,PMHPL,26,75,500.0,278.0,139000.0,2025-01-13
2025011301022535,CITY,77,49,10.0,890.0,8900.0,2025-01-13
2025011305011727,CHDC,77,8,10.0,1629.0,16290.0,2025-01-13
2025011304013124,NLG,14,35,20.0,1036.0,20720.0,2025-01-13
2025011303015590,MSLB,29,45,285.0,1401.5,399427.5,2025-01-13
2025011303015589,MSLB,26,45,41.0,1410.0,57810.0,2025-01-13
2025011301022534,DORDI,45,33,200.0,587.0,117400.0,2025-01-13
2025011304013123,JOSHI,41,6,11.0,414.5,4559.5,2025-01-13
2025011304013122,JOSHI,50,6,160.0,414.5,66320.0,2025-01-13
2025011304013121,JOSHI,49,6,129.0,414.6,53483.4,2025-01-13
2025011304013120,UPCL,6,66,50.0,273.8,13690.0,2025-01-13
2025011303015588,HLBSL,3,42,100.0,943.0,94300.0,2025-01-13
2025011301022533,DORDI,35,42,33.0,585.1,19308.3,2025-01-13
2025011301022532,ULHC,34,6,10.0,535.0,5350.0,2025-01-13
2025011301022531,MCHL,8,21,10.0,617.0,6170.0,2025-01-13
2025011304013119,NHPC,57,46,30.0,213.7,6411.0,2025-01-13
2025011301022530,NYADI,58,70,376.0,558.9,210146.4,2025-01-13
2025011301022529,NYADI,57,70,290.0,559.0,162110.0,2025-01-13
2025011301022528,ADBL,16,41,13.0,293.9,3820.7,2025-01-13
2025011301022527,HIDCLP,58,3,30.0,160.0,4800.0,2025-01-13
2025011305011726,HATHY,32,60,93.0,1322.0,122946.0,2025-01-13
2025011305011725,HATHY,62,60,110.0,1322.1,145431.0,2025-01-13
2025011304013118,BPCL,53,6,30.0,396.0,11880.0,2025-01-13
2025011303015587,NLIC,32,87,100.0,804.4,80440.0,2025-01-13
2025011301022526,ULHC,22,38,200.0,535.0,107000.0,2025-01-13
2025011301022525,ULHC,22,45,90.0,534.0,48060.0,2025-01-13
2025011301022524,ULHC,22,75,10.0,534.0,5340.0,2025-01-13
2025011303015586,LICN,32,33,31.0,1110.0,34410.0,2025-01-13
2025011303015585,BFC,17,86,150.0,637.0,95550.0,2025-01-13
2025011303015584,SLBSL,48,75,465.0,1770.0,823050.0,2025-01-13
2025011303015583,SLBSL,58,75,35.0,1772.0,62020.0,2025-01-13
2025011303015582,JBBL,55,35,200.0,355.0,71000.0,2025-01-13
2025011303015581,NABBC,57,57,90.0,1067.1,96039.0,2025-01-13
2025011304013117,TRH,38,52,10.0,1145.0,11450.0,2025-01-13
2025011303015580,GMFIL,42,48,20.0,534.0,10680.0,2025-01-13
2025011301022523,GVL,56,4,20.0,550.0,11000.0,2025-01-13
2025011301022522,GVL,56,38,10.0,550.0,5500.0,2025-01-13
2025011301022521,GVL,56,4,10.0,550.0,5500.0,2025-01-13
2025011301022520,GVL,56,40,10.0,550.0,5500.0,2025-01-13
2025011301022519,GVL,56,50,1000.0,549.7,549700.0,2025-01-13
2025011301022518,GVL,56,20,10.0,549.0,5490.0,2025-01-13
2025011301022517,GVL,56,22,50.0,548.0,27400.0,2025-01-13
2025011301022516,GVL,56,58,10.0,548.0,5480.0,2025-01-13
2025011301022515,GVL,56,58,10.0,547.8,5478.0,2025-01-13
2025011301022514,GVL,56,56,500.0,547.7,273850.0,2025-01-13
2025011301022513,GVL,56,36,10.0,547.0,5470.0,2025-01-13
2025011301022512,GVL,56,59,10.0,547.0,5470.0,2025-01-13
2025011301022511,GVL,56,94,50.0,547.0,27350.0,2025-01-13
2025011301022510,GVL,56,34,300.0,546.5,163950.0,2025-01-13
2025011304013116,SGIC,56,57,56.0,680.0,38080.0,2025-01-13
2025011304013115,SGIC,56,39,200.0,679.9,135980.0,2025-01-13
2025011304013114,SGIC,56,58,600.0,679.9,407940.0,2025-01-13
2025011304013113,SGIC,56,43,30.0,679.9,20397.0,2025-01-13
2025011304013112,SGIC,56,17,420.0,679.9,285558.0,2025-01-13
2025011304013111,SGIC,56,45,100.0,679.7,67970.0,2025-01-13
2025011304013110,SGIC,56,22,10.0,679.0,6790.0,2025-01-13
2025011304013109,SGIC,56,44,100.0,679.0,67900.0,2025-01-13
2025011304013108,SGIC,56,49,10.0,678.3,6783.0,2025-01-13
2025011304013107,SGIC,56,44,100.0,678.0,67800.0,2025-01-13
2025011304013106,SGIC,56,20,10.0,677.0,6770.0,2025-01-13
2025011304013105,SGIC,56,71,500.0,677.0,338500.0,2025-01-13
2025011304013104,SGIC,56,22,150.0,674.0,101100.0,2025-01-13
2025011304013103,SGIC,56,53,125.0,674.0,84250.0,2025-01-13
2025011304013102,SGIC,56,45,60.0,674.0,40440.0,2025-01-13
2025011304013101,SGIC,56,54,10.0,673.9,6739.0,2025-01-13
2025011304013100,SGIC,56,22,200.0,673.0,134600.0,2025-01-13
2025011304013099,SGIC,56,22,100.0,673.0,67300.0,2025-01-13
2025011304013098,SGIC,56,20,10.0,673.0,6730.0,2025-01-13
2025011304013097,SGIC,56,52,10.0,673.0,6730.0,2025-01-13
2025011304013096,SGIC,56,50,10.0,672.0,6720.0,2025-01-13
2025011304013095,SGIC,56,51,10.0,672.0,6720.0,2025-01-13
2025011304013094,SGIC,56,38,20.0,672.0,13440.0,2025-01-13
2025011304013093,SGIC,56,32,159.0,672.0,106848.0,2025-01-13
2025011305011724,NIFRA,34,58,60.0,246.0,14760.0,2025-01-13
2025011303015579,NFS,36,57,10.0,918.0,9180.0,2025-01-13
2025011301022509,ULHC,14,11,200.0,532.0,106400.0,2025-01-13
2025011303015578,PROFL,19,34,50.0,593.0,29650.0,2025-01-13
2025011304013092,API,57,19,23.0,264.1,6074.3,2025-01-13
2025011301022508,SBI,19,1,31.0,460.0,14260.0,2025-01-13
2025011301022507,SBI,19,57,10.0,460.0,4600.0,2025-01-13
2025011301022506,SBI,19,25,21.0,451.0,9471.0,2025-01-13
2025011301022505,SBI,19,6,37.0,451.0,16687.0,2025-01-13
2025011301022504,SGHC,22,55,90.0,513.0,46170.0,2025-01-13
2025011301022503,SGHC,32,55,500.0,513.1,256550.0,2025-01-13
2025011301022502,SGHC,17,55,50.0,513.1,25655.0,2025-01-13
2025011301022501,SGHC,32,55,70.0,513.2,35924.0,2025-01-13
2025011303015577,EDBL,32,26,500.0,587.0,293500.0,2025-01-13
2025011303015576,EDBL,32,49,50.0,587.0,29350.0,2025-01-13
2025011303015575,SMB,14,77,130.0,2753.1,357903.0,2025-01-13
2025011301022500,MMKJL,51,4,233.0,695.2,161981.6,2025-01-13
2025011301022499,MMKJL,41,4,50.0,695.3,34765.0,2025-01-13
2025011301022498,MMKJL,51,4,10.0,695.4,6954.0,2025-01-13
2025011301022497,TAMOR,39,17,180.0,538.1,96858.0,2025-01-13
2025011301022496,TAMOR,58,17,20.0,538.4,10768.0,2025-01-13
2025011301022495,PPL,45,94,72.0,552.0,39744.0,2025-01-13
2025011301022494,RHGCL,45,82,150.0,605.0,90750.0,2025-01-13
2025011304013091,AKJCL,49,45,100.0,196.4,19640.0,2025-01-13
2025011301022493,NYADI,57,42,10.0,559.0,5590.0,2025-01-13
2025011303015574,EDBL,32,57,310.0,585.1,181381.0,2025-01-13
2025011304013090,PPCL,19,35,305.0,280.0,85400.0,2025-01-13
2025011304013089,PPCL,1,35,1500.0,280.0,420000.0,2025-01-13
2025011304013088,PPCL,63,35,10.0,280.1,2801.0,2025-01-13
2025011304013087,PPCL,14,35,485.0,280.1,135848.5,2025-01-13
2025011304013086,PPCL,36,35,200.0,280.2,56040.0,2025-01-13
2025011301022492,MANDU,42,49,100.0,900.0,90000.0,2025-01-13
2025011303015573,KSBBL,44,38,1000.0,429.2,429200.0,2025-01-13
2025011304013085,HDHPC,5,57,10.0,197.5,1975.0,2025-01-13
2025011303015572,MLBL,74,34,270.0,365.0,98550.0,2025-01-13
2025011303015571,MLBL,22,34,30.0,365.0,10950.0,2025-01-13
2025011303015570,MLBL,14,34,200.0,365.0,73000.0,2025-01-13
2025011303015569,MLBL,25,34,200.0,365.1,73020.0,2025-01-13
2025011303015568,MLBL,57,34,200.0,365.1,73020.0,2025-01-13
2025011303015567,MLBL,55,34,100.0,365.3,36530.0,2025-01-13
2025011303015566,GMFIL,82,59,10.0,533.0,5330.0,2025-01-13
2025011304013084,GHL,21,53,100.0,204.0,20400.0,2025-01-13
2025011304013083,DHPL,57,43,100.0,309.0,30900.0,2025-01-13
2025011304013082,DHPL,25,43,500.0,309.0,154500.0,2025-01-13
2025011304013081,DHPL,49,43,891.0,309.0,275319.0,2025-01-13
2025011301022491,ULBSL,36,57,11.0,4040.0,44440.0,2025-01-13
2025011304013080,AHPC,56,47,100.0,248.8,24880.0,2025-01-13
2025011303015565,NFS,47,57,10.0,918.0,9180.0,2025-01-13
2025011304013079,HURJA,80,94,100.0,227.0,22700.0,2025-01-13
2025011304013078,HURJA,72,94,100.0,227.0,22700.0,2025-01-13
2025011304013077,HURJA,40,94,1000.0,227.0,227000.0,2025-01-13
2025011304013076,HURJA,34,94,100.0,227.0,22700.0,2025-01-13
2025011304013075,HURJA,57,94,500.0,227.3,113650.0,2025-01-13
2025011304013074,HURJA,14,94,100.0,227.3,22730.0,2025-01-13
2025011304013073,HURJA,8,94,500.0,227.4,113700.0,2025-01-13
2025011304013072,HURJA,26,94,70.0,227.4,15918.0,2025-01-13
2025011304013071,HURJA,45,94,500.0,227.5,113750.0,2025-01-13
2025011304013070,HURJA,72,94,200.0,227.5,45500.0,2025-01-13
2025011304013069,HURJA,29,94,20.0,227.5,4550.0,2025-01-13
2025011304013068,HURJA,58,94,220.0,227.5,50050.0,2025-01-13
2025011304013067,HURJA,57,94,290.0,227.5,65975.0,2025-01-13
2025011304013066,HURJA,16,94,1000.0,227.6,227600.0,2025-01-13
2025011304013065,HURJA,50,94,300.0,227.6,68280.0,2025-01-13
2025011301022490,NYADI,58,45,34.0,558.9,19002.6,2025-01-13
2025011301022489,NYADI,58,52,20.0,558.9,11178.0,2025-01-13
2025011301022488,NYADI,58,35,30.0,558.9,16767.0,2025-01-13
2025011301022487,NYADI,58,56,40.0,558.9,22356.0,2025-01-13
2025011304013064,UAIL,58,94,520.0,636.0,330720.0,2025-01-13
2025011305011723,HATHY,48,62,46.0,1325.0,60950.0,2025-01-13
2025011305011722,HATHY,26,62,44.0,1325.0,58300.0,2025-01-13
2025011301022486,KBL,42,14,120.0,208.7,25044.0,2025-01-13
2025011301022485,KBL,34,14,91.0,208.9,19009.9,2025-01-13
2025011301022484,KBL,17,14,789.0,209.0,164901.0,2025-01-13
2025011303015564,SFCL,57,17,40.0,664.0,26560.0,2025-01-13
2025011303015563,SFCL,56,17,10.0,664.0,6640.0,2025-01-13
2025011303015562,SFCL,42,17,50.0,664.0,33200.0,2025-01-13
2025011303015561,SFCL,48,17,40.0,664.0,26560.0,2025-01-13
2025011303015560,SFCL,59,17,90.0,664.0,59760.0,2025-01-13
2025011303015559,SFCL,5,17,230.0,664.0,152720.0,2025-01-13
2025011305011721,HDL,58,17,10.0,1156.0,11560.0,2025-01-13
2025011305011720,HDL,22,17,30.0,1156.1,34683.0,2025-01-13
2025011304013063,SSHL,6,48,780.0,228.4,178152.0,2025-01-13
2025011304013062,SSHL,6,8,100.0,228.0,22800.0,2025-01-13
2025011304013061,SSHL,6,52,20.0,228.0,4560.0,2025-01-13
2025011301022483,NYADI,33,56,500.0,558.9,279450.0,2025-01-13
2025011304013060,GLH,44,22,10.0,244.0,2440.0,2025-01-13
2025011304013059,GLH,44,3,100.0,242.9,24290.0,2025-01-13
2025011304013058,GLH,44,57,18.0,242.8,4370.4,2025-01-13
2025011304013057,GLH,44,44,128.0,242.0,30976.0,2025-01-13
2025011301022482,RHGCL,20,82,200.0,605.0,121000.0,2025-01-13
2025011301022481,RHGCL,5,71,100.0,604.0,60400.0,2025-01-13
2025011303015558,CFCL,34,36,50.0,595.0,29750.0,2025-01-13
2025011303015557,GLBSL,58,28,50.0,2331.0,116550.0,2025-01-13
2025011301022480,MEHL,13,37,200.0,505.0,101000.0,2025-01-13
2025011301022479,MEHL,13,58,20.0,505.0,10100.0,2025-01-13
2025011301022478,MEHL,13,22,10.0,505.0,5050.0,2025-01-13
2025011301022477,MEHL,13,16,50.0,504.0,25200.0,2025-01-13
2025011304013056,UPPER,52,43,100.0,199.9,19990.0,2025-01-13
2025011303015556,NABBC,20,66,100.0,1067.0,106700.0,2025-01-13
2025011303015555,SFCL,5,3,40.0,664.0,26560.0,2025-01-13
2025011303015554,NMBMF,49,58,20.0,692.0,13840.0,2025-01-13
2025011304013055,HPPL,39,94,690.0,460.8,317952.0,2025-01-13
2025011304013054,HPPL,13,94,10.0,461.0,4610.0,2025-01-13
2025011301022476,PPL,25,53,10.0,550.9,5509.0,2025-01-13
2025011301022475,DORDI,35,58,200.0,585.1,117020.0,2025-01-13
2025011303015553,MDB,32,48,10.0,648.0,6480.0,2025-01-13
2025011301022474,RFPL,62,32,10.0,1375.0,13750.0,2025-01-13
2025011301022473,SBI,63,8,100.0,450.0,45000.0,2025-01-13
2025011301022472,SPC,49,63,500.0,513.0,256500.0,2025-01-13
2025011303015552,SMPDA,14,38,10.0,938.1,9381.0,2025-01-13
2025011303015551,GUFL,33,35,79.0,650.0,51350.0,2025-01-13
2025011303015550,GUFL,33,57,100.0,650.0,65000.0,2025-01-13
2025011303015549,GUFL,33,57,21.0,650.0,13650.0,2025-01-13
2025011303015548,NFS,42,25,20.0,917.1,18342.0,2025-01-13
2025011304013053,IGI,56,41,30.0,574.5,17235.0,2025-01-13
2025011304013052,IGI,56,38,150.0,574.5,86175.0,2025-01-13
2025011304013051,IGI,56,44,200.0,574.0,114800.0,2025-01-13
2025011304013050,IGI,56,25,12.0,573.9,6886.8,2025-01-13
2025011304013049,IGI,56,59,50.0,572.0,28600.0,2025-01-13
2025011304013048,IGI,56,44,91.0,570.9,51951.9,2025-01-13
2025011301022471,LSL,58,48,500.0,212.1,106050.0,2025-01-13
2025011303015547,CORBL,41,71,10.0,1636.0,16360.0,2025-01-13
2025011305011719,CHDC,29,50,480.0,1624.0,779520.0,2025-01-13
2025011305011718,CHDC,49,50,10.0,1625.0,16250.0,2025-01-13
2025011301022470,HHL,34,94,10.0,533.0,5330.0,2025-01-13
2025011301022469,HHL,34,36,40.0,531.1,21244.0,2025-01-13
2025011303015546,SIFC,34,33,330.0,570.0,188100.0,2025-01-13
2025011304013047,SPIL,65,59,72.0,811.0,58392.0,2025-01-13
2025011304013046,SPIL,65,33,215.0,811.0,174365.0,2025-01-13
2025011304013045,SPIL,65,42,191.0,810.9,154881.9,2025-01-13
2025011304013044,SPIL,65,47,81.0,810.0,65610.0,2025-01-13
2025011304013043,SPIL,65,47,254.0,800.0,203200.0,2025-01-13
2025011304013042,SPIL,65,38,100.0,800.0,80000.0,2025-01-13
2025011304013041,SPIL,65,57,87.0,800.0,69600.0,2025-01-13
2025011304013040,API,57,34,25.0,264.1,6602.5,2025-01-13
2025011304013039,HPPL,16,4,20.0,462.0,9240.0,2025-01-13
2025011303015545,LBBL,58,21,13.0,460.0,5980.0,2025-01-13
2025011303015544,LBBL,58,22,47.0,460.0,21620.0,2025-01-13
2025011305011717,SAHAS,14,32,194.0,491.2,95292.8,2025-01-13
2025011305011716,SAHAS,35,32,296.0,491.2,145395.2,2025-01-13
2025011301022468,NYADI,32,56,50.0,558.9,27945.0,2025-01-13
2025011304013038,NLG,55,4,50.0,1035.0,51750.0,2025-01-13
2025011304013037,AKPL,62,17,500.0,232.4,116200.0,2025-01-13
2025011304013036,CHL,8,55,30.0,411.1,12333.0,2025-01-13
2025011303015543,FMDBL,17,11,140.0,735.0,102900.0,2025-01-13
2025011303015542,FMDBL,17,62,10.0,734.0,7340.0,2025-01-13
2025011304013035,RHPL,17,56,130.0,437.9,56927.0,2025-01-13
2025011304013034,RHPL,17,38,20.0,436.7,8734.0,2025-01-13
2025011304013033,RHPL,17,42,110.0,436.5,48015.0,2025-01-13
2025011304013032,RHPL,17,45,840.0,435.2,365568.0,2025-01-13
2025011304013031,RHPL,17,67,100.0,435.0,43500.0,2025-01-13
2025011304013030,RHPL,17,7,50.0,435.0,21750.0,2025-01-13
2025011304013029,RHPL,17,21,20.0,435.0,8700.0,2025-01-13
2025011304013028,RHPL,17,47,80.0,435.0,34800.0,2025-01-13
2025011304013027,RHPL,17,65,490.0,433.9,212611.0,2025-01-13
2025011304013026,RHPL,17,47,30.0,433.0,12990.0,2025-01-13
2025011304013025,RHPL,17,21,80.0,430.0,34400.0,2025-01-13
2025011304013024,RHPL,17,58,270.0,430.0,116100.0,2025-01-13
2025011304013023,RHPL,17,22,370.0,430.0,159100.0,2025-01-13
2025011304013022,RHPL,17,55,40.0,430.0,17200.0,2025-01-13
2025011304013021,RHPL,17,65,370.0,429.9,159063.0,2025-01-13
2025011303015541,NFS,42,1,80.0,917.1,73368.0,2025-01-13
2025011301022467,SGHC,32,45,30.0,513.2,15396.0,2025-01-13
2025011301022466,SGHC,22,45,100.0,513.2,51320.0,2025-01-13
2025011301022465,SGHC,61,45,300.0,513.2,153960.0,2025-01-13
2025011301022464,SGHC,35,45,120.0,513.3,61596.0,2025-01-13
2025011301022463,MKCL,45,62,20.0,1486.0,29720.0,2025-01-13
2025011301022462,MEHL,45,38,50.0,505.0,25250.0,2025-01-13
2025011301022461,MEHL,45,38,10.0,505.0,5050.0,2025-01-13
2025011301022460,MEHL,45,34,100.0,505.0,50500.0,2025-01-13
2025011301022459,MEHL,45,61,10.0,505.0,5050.0,2025-01-13
2025011301022458,MEHL,45,34,10.0,505.0,5050.0,2025-01-13
2025011301022457,MEHL,45,16,213.0,505.0,107565.0,2025-01-13
2025011304013020,HURJA,45,17,100.0,227.7,22770.0,2025-01-13
2025011301022456,USHEC,38,34,200.0,655.0,131000.0,2025-01-13
2025011303015540,GLBSL,42,25,10.0,2332.0,23320.0,2025-01-13
2025011304013019,NHDL,88,50,300.0,851.0,255300.0,2025-01-13
2025011301022455,NICA,25,22,10.0,377.6,3776.0,2025-01-13
2025011305011715,NRN,60,48,950.0,1125.0,1068750.0,2025-01-13
2025011305011714,NRN,25,48,50.0,1125.1,56255.0,2025-01-13
2025011305011713,SHIVM,84,29,200.0,522.0,104400.0,2025-01-13
2025011303015539,LLBS,41,18,300.0,1142.4,342720.0,2025-01-13
2025011303015538,LLBS,41,57,300.0,1142.0,342600.0,2025-01-13
2025011303015537,LLBS,41,34,100.0,1139.9,113990.0,2025-01-13
2025011303015536,LLBS,41,19,10.0,1139.7,11397.0,2025-01-13
2025011301022454,KDL,10,34,190.0,1079.0,205010.0,2025-01-13
2025011301022453,KDL,42,34,10.0,1079.0,10790.0,2025-01-13
2025011301022452,NYADI,13,56,10.0,558.9,5589.0,2025-01-13
2025011304013018,AHPC,44,47,36.0,249.0,8964.0,2025-01-13
2025011304013017,GHL,62,53,856.0,204.0,174624.0,2025-01-13
2025011304013016,RURU,53,14,20.0,730.0,14600.0,2025-01-13
2025011301022451,MEHL,58,16,277.0,505.0,139885.0,2025-01-13
2025011301022450,MEHL,58,8,10.0,504.0,5040.0,2025-01-13
2025011301022449,MEHL,58,95,213.0,504.0,107352.0,2025-01-13
2025011301022448,PRVU,22,38,30.0,219.7,6591.0,2025-01-13
2025011301022447,PRVU,22,58,55.0,219.1,12050.5,2025-01-13
2025011301022446,NMB,29,22,337.0,238.0,80206.0,2025-01-13
2025011301022445,KBL,17,26,91.0,209.0,19019.0,2025-01-13
2025011301022444,KBL,17,45,50.0,208.7,10435.0,2025-01-13
2025011301022443,KBL,17,52,70.0,208.7,14609.0,2025-01-13
2025011305011712,NRN,57,5,10.0,1128.0,11280.0,2025-01-13
2025011303015535,SINDU,17,40,100.0,1070.1,107010.0,2025-01-13
2025011301022442,GBIME,57,4,12.0,222.0,2664.0,2025-01-13
2025011301022441,GBIME,57,38,88.0,221.9,19527.2,2025-01-13
2025011303015534,GFCL,19,1,10.0,779.1,7791.0,2025-01-13
2025011303015533,GFCL,42,1,10.0,779.1,7791.0,2025-01-13
2025011303015532,GFCL,7,1,10.0,779.1,7791.0,2025-01-13
2025011303015531,VLBS,34,44,200.0,835.0,167000.0,2025-01-13
2025011303015530,NFS,58,57,30.0,918.0,27540.0,2025-01-13
2025011304013015,SHEL,44,45,3266.0,251.0,819766.0,2025-01-13
2025011304013014,SHEL,65,45,1000.0,251.0,251000.0,2025-01-13
2025011304013013,SHEL,17,45,100.0,251.0,25100.0,2025-01-13
2025011304013012,SHEL,22,45,25.0,251.0,6275.0,2025-01-13
2025011304013011,SHEL,29,45,500.0,251.0,125500.0,2025-01-13
2025011304013010,SHEL,41,45,500.0,251.1,125550.0,2025-01-13
2025011304013009,SHEL,58,45,40.0,251.1,10044.0,2025-01-13
2025011304013008,SHEL,45,45,1000.0,251.5,251500.0,2025-01-13
2025011304013007,SHEL,13,45,100.0,251.5,25150.0,2025-01-13
2025011304013006,SHEL,48,45,40.0,251.5,10060.0,2025-01-13
2025011304013005,SHEL,56,45,1000.0,251.6,251600.0,2025-01-13
2025011304013004,SHEL,32,45,150.0,252.0,37800.0,2025-01-13
2025011304013003,SHEL,1,45,100.0,252.0,25200.0,2025-01-13
2025011304013002,SHEL,54,45,439.0,252.0,110628.0,2025-01-13
2025011304013001,SHEL,28,45,740.0,252.1,186554.0,2025-01-13
2025011301022440,DLBS,88,40,50.0,1645.0,82250.0,2025-01-13
2025011301022439,DLBS,88,22,10.0,1644.0,16440.0,2025-01-13
2025011301022438,DLBS,88,38,10.0,1635.0,16350.0,2025-01-13
2025011305011711,ILI,67,64,200.0,467.0,93400.0,2025-01-13
2025011304013000,NLG,55,29,1000.0,1035.0,1035000.0,2025-01-13
2025011304012999,SPDL,21,57,25.0,333.0,8325.0,2025-01-13
2025011301022437,NYADI,59,56,800.0,558.9,447120.0,2025-01-13
2025011301022436,LSL,43,59,29.0,212.2,6153.8,2025-01-13
2025011303015529,GFCL,21,49,15.0,780.0,11700.0,2025-01-13
2025011303015528,GFCL,21,34,30.0,780.0,23400.0,2025-01-13
2025011301022435,BGWT,39,38,10.0,1060.1,10601.0,2025-01-13
2025011304012998,GHL,34,25,100.0,204.9,20490.0,2025-01-13
2025011304012997,SHEL,94,22,1468.0,252.4,370523.2,2025-01-13
2025011304012996,SHEL,94,36,432.0,252.3,108993.6,2025-01-13
2025011304012995,SHEL,94,49,100.0,252.2,25220.0,2025-01-13
2025011301022434,BEDC,50,74,980.0,705.6,691488.0,2025-01-13
2025011301022433,BEDC,26,74,1000.0,706.0,706000.0,2025-01-13
2025011301022432,BEDC,71,74,100.0,707.6,70760.0,2025-01-13
2025011301022431,BEDC,44,74,250.0,707.7,176925.0,2025-01-13
2025011301022430,BEDC,89,74,500.0,708.9,354450.0,2025-01-13
2025011301022429,BEDC,40,74,500.0,709.0,354500.0,2025-01-13
2025011301022428,BEDC,26,74,50.0,709.0,35450.0,2025-01-13
2025011301022427,BEDC,14,74,400.0,709.0,283600.0,2025-01-13
2025011301022426,BEDC,26,74,1000.0,709.1,709100.0,2025-01-13
2025011301022425,BEDC,35,74,50.0,709.1,35455.0,2025-01-13
2025011301022424,BEDC,64,74,100.0,709.6,70960.0,2025-01-13
2025011301022423,BEDC,89,74,500.0,709.6,354800.0,2025-01-13
2025011301022422,BEDC,42,74,50.0,710.0,35500.0,2025-01-13
2025011301022421,BEDC,49,74,50.0,710.0,35500.0,2025-01-13
2025011301022420,BEDC,81,74,500.0,713.5,356750.0,2025-01-13
2025011301022419,BEDC,13,74,50.0,713.5,35675.0,2025-01-13
2025011301022418,BEDC,11,74,50.0,713.5,35675.0,2025-01-13
2025011301022417,BEDC,74,74,200.0,715.0,143000.0,2025-01-13
2025011301022416,BEDC,58,74,130.0,715.5,93015.0,2025-01-13
2025011301022415,BEDC,17,74,10.0,716.0,7160.0,2025-01-13
2025011301022414,BEDC,74,74,500.0,716.0,358000.0,2025-01-13
2025011301022413,BEDC,56,74,10.0,716.0,7160.0,2025-01-13
2025011301022412,BEDC,59,74,100.0,716.1,71610.0,2025-01-13
2025011301022411,BEDC,59,74,100.0,716.1,71610.0,2025-01-13
2025011301022410,BEDC,29,74,300.0,718.0,215400.0,2025-01-13
2025011301022409,BEDC,59,74,100.0,718.1,71810.0,2025-01-13
2025011301022408,BEDC,36,74,20.0,719.0,14380.0,2025-01-13
2025011301022407,BEDC,16,74,240.0,719.0,172560.0,2025-01-13
2025011301022406,BEDC,14,74,50.0,720.0,36000.0,2025-01-13
2025011303015527,USLB,32,75,10.0,1500.0,15000.0,2025-01-13
2025011301022405,AHL,85,57,240.0,750.5,180120.0,2025-01-13
2025011301022404,AHL,1,57,100.0,750.6,75060.0,2025-01-13
2025011301022403,AHL,57,57,60.0,752.0,45120.0,2025-01-13
2025011303015526,SADBL,25,57,72.0,389.1,28015.2,2025-01-13
2025011303015525,SADBL,6,57,100.0,389.1,38910.0,2025-01-13
2025011303015524,SADBL,33,57,15.0,389.1,5836.5,2025-01-13
2025011303015523,SADBL,6,57,100.0,389.2,38920.0,2025-01-13
2025011303015522,PROFL,5,58,300.0,591.0,177300.0,2025-01-13
2025011305011710,GCIL,58,21,10.0,485.0,4850.0,2025-01-13
2025011304012994,UPCL,72,66,100.0,273.8,27380.0,2025-01-13
2025011304012993,HPPL,42,4,250.0,462.0,115500.0,2025-01-13
2025011301022402,MKJC,29,70,10.0,545.0,5450.0,2025-01-13
2025011301022401,DOLTI,6,28,200.0,713.1,142620.0,2025-01-13
2025011301022400,DOLTI,38,28,100.0,713.2,71320.0,2025-01-13
2025011301022399,DOLTI,70,28,200.0,714.0,142800.0,2025-01-13
2025011304012992,AHPC,44,64,164.0,249.0,40836.0,2025-01-13
2025011304012991,AHPC,50,64,15.0,249.0,3735.0,2025-01-13
2025011304012990,AHPC,56,64,321.0,249.0,79929.0,2025-01-13
2025011301022398,PPL,19,94,50.0,552.0,27600.0,2025-01-13
2025011301022397,GBIME,94,38,12.0,221.9,2662.8,2025-01-13
2025011304012989,AKJCL,53,35,50.0,196.5,9825.0,2025-01-13
2025011303015521,ACLBSL,40,4,95.0,1021.2,97014.0,2025-01-13
2025011303015520,CFCL,52,36,50.0,595.0,29750.0,2025-01-13
2025011303015519,SAPDBL,74,95,10.0,1150.0,11500.0,2025-01-13
2025011305011709,SHIVM,84,75,290.0,522.0,151380.0,2025-01-13
2025011305011708,SHIVM,43,75,20.0,522.5,10450.0,2025-01-13
2025011304012988,HURJA,17,17,250.0,227.7,56925.0,2025-01-13
2025011301022396,SNLI,17,54,123.0,612.0,75276.0,2025-01-13
2025011301022395,MCHL,17,57,40.0,608.5,24340.0,2025-01-13
2025011301022394,MCHL,56,57,100.0,609.0,60900.0,2025-01-13
2025011301022393,MCHL,11,57,40.0,609.0,24360.0,2025-01-13
2025011301022392,MCHL,58,57,10.0,609.1,6091.0,2025-01-13
2025011305011707,PHCL,66,25,45.0,551.0,24795.0,2025-01-13
2025011305011706,PHCL,18,25,240.0,551.1,132264.0,2025-01-13
2025011305011705,PHCL,61,25,15.0,552.0,8280.0,2025-01-13
2025011305011704,RNLI,57,42,11.0,502.0,5522.0,2025-01-13
2025011301022391,TVCL,59,46,10.0,584.1,5841.0,2025-01-13
2025011304012987,BARUN,69,39,10.0,416.0,4160.0,2025-01-13
2025011304012986,RHPL,56,65,500.0,429.9,214950.0,2025-01-13
2025011304012985,CHL,8,34,15.0,411.0,6165.0,2025-01-13
2025011304012984,NICL,74,26,400.0,951.1,380440.0,2025-01-13
2025011304012983,NICL,51,26,100.0,952.0,95200.0,2025-01-13
2025011301022390,HBL,26,98,150.0,233.0,34950.0,2025-01-13
2025011305011703,MBJC,52,66,100.0,334.2,33420.0,2025-01-13
2025011304012982,BPCL,53,6,130.0,396.0,51480.0,2025-01-13
2025011304012981,BPCL,53,74,370.0,396.0,146520.0,2025-01-13
2025011303015518,GBLBS,32,33,50.0,775.0,38750.0,2025-01-13
2025011303015517,GBLBS,32,45,200.0,775.0,155000.0,2025-01-13
2025011303015516,GBLBS,32,61,190.0,774.0,147060.0,2025-01-13
2025011304012980,NGPL,42,32,17.0,263.0,4471.0,2025-01-13
2025011305011702,ILI,55,64,50.0,467.0,23350.0,2025-01-13
2025011304012979,HURJA,66,17,400.0,227.7,91080.0,2025-01-13
2025011304012978,GHL,57,25,10.0,204.9,2049.0,2025-01-13
2025011304012977,IGI,28,57,213.0,566.6,120685.8,2025-01-13
2025011304012976,IGI,35,57,30.0,567.0,17010.0,2025-01-13
2025011304012975,IGI,38,57,57.0,567.0,32319.0,2025-01-13
2025011301022389,NIMB,57,57,10.0,211.0,2110.0,2025-01-13
2025011305011701,HRL,44,50,363.0,788.0,286044.0,2025-01-13
2025011305011700,HRL,44,13,51.0,787.0,40137.0,2025-01-13
2025011305011699,HRL,44,58,31.0,787.0,24397.0,2025-01-13
2025011305011698,HRL,44,49,50.0,787.0,39350.0,2025-01-13
2025011305011697,HRL,44,34,25.0,786.9,19672.5,2025-01-13
2025011305011696,HRL,44,34,140.0,786.0,110040.0,2025-01-13
2025011305011695,HRL,44,7,100.0,786.0,78600.0,2025-01-13
