transaction,symbol,buyer,seller,quantity,rate,amount,date
2024070203015332,MFIL,45,57,10.0,541.0,5410.0,2024-07-02
2024070203015331,PMLI,7,19,20.0,500.0,10000.0,2024-07-02
2024070204013283,UAIL,66,41,10.0,574.0,5740.0,2024-07-02
2024070201026669,MCHL,58,11,10.0,433.0,4330.0,2024-07-02
2024070203015330,SJLIC,26,58,70.0,408.1,28567.0,2024-07-02
2024070204013282,AKPL,8,42,65.0,165.0,10725.0,2024-07-02
2024070204013281,AKPL,8,6,20.0,165.0,3300.0,2024-07-02
2024070204013280,AKPL,8,13,20.0,165.0,3300.0,2024-07-02
2024070204013279,AKPL,8,58,503.0,165.0,82995.0,2024-07-02
2024070204013278,AKPL,8,45,300.0,164.9,49470.0,2024-07-02
2024070204013277,AKPL,8,11,92.0,164.9,15170.8,2024-07-02
2024070203015329,NMLBBL,60,25,20.0,670.0,13400.0,2024-07-02
2024070201026668,MKHL,13,58,10.0,486.0,4860.0,2024-07-02
2024070203015328,KSBBL,44,49,33.0,381.0,12573.0,2024-07-02
2024070201026667,NRM,43,58,30.0,398.9,11967.0,2024-07-02
2024070203015327,MFIL,6,35,70.0,540.0,37800.0,2024-07-02
2024070203015326,MFIL,32,35,70.0,540.1,37807.0,2024-07-02
2024070203015325,NFS,41,35,140.0,881.1,123354.0,2024-07-02
2024070201026666,NYADI,35,4,20.0,341.0,6820.0,2024-07-02
2024070201026665,NYADI,35,22,10.0,340.0,3400.0,2024-07-02
2024070203015324,HLBSL,38,70,95.0,1313.0,124735.0,2024-07-02
2024070203015323,HLBSL,38,60,75.0,1312.9,98467.5,2024-07-02
2024070203015322,HLBSL,38,17,10.0,1312.5,13125.0,2024-07-02
2024070203015321,HLBSL,38,51,30.0,1312.0,39360.0,2024-07-02
2024070203015320,HLBSL,38,55,100.0,1312.0,131200.0,2024-07-02
2024070203015319,HLBSL,38,44,90.0,1312.0,118080.0,2024-07-02
2024070203015318,SAPDBL,88,32,100.0,370.0,37000.0,2024-07-02
2024070201026664,MHL,63,47,243.0,559.0,135837.0,2024-07-02
2024070201026663,MKCL,28,38,10.0,1327.0,13270.0,2024-07-02
2024070201026662,KDL,75,34,300.0,1185.0,355500.0,2024-07-02
2024070201026661,MMKJL,58,49,670.0,506.0,339020.0,2024-07-02
2024070203015317,HLBSL,49,44,10.0,1312.0,13120.0,2024-07-02
2024070203015316,HLBSL,49,58,100.0,1311.0,131100.0,2024-07-02
2024070203015315,HLBSL,49,55,50.0,1311.0,65550.0,2024-07-02
2024070203015314,HLBSL,49,60,200.0,1311.0,262200.0,2024-07-02
2024070203015313,HLBSL,49,64,40.0,1310.5,52420.0,2024-07-02
2024070201026660,UHEWA,57,94,10.0,480.0,4800.0,2024-07-02
2024070201026659,RHGCL,21,74,20.0,351.9,7038.0,2024-07-02
2024070201026658,NWCL,72,7,10.0,893.0,8930.0,2024-07-02
2024070203015312,GFCL,72,16,10.0,645.0,6450.0,2024-07-02
2024070203015311,SAPDBL,77,32,50.0,370.0,18500.0,2024-07-02
2024070203015310,KMCDB,95,16,21.0,1085.0,22785.0,2024-07-02
2024070201026657,BHDC,48,14,20.0,576.2,11524.0,2024-07-02
2024070203015309,MFIL,32,14,200.0,540.1,108020.0,2024-07-02
2024070201026656,DORDI,14,86,20.0,489.0,9780.0,2024-07-02
2024070201026655,SGHC,36,57,100.0,338.0,33800.0,2024-07-02
2024070201026654,UNLB,17,17,10.0,2012.1,20121.0,2024-07-02
2024070203015308,CFCL,50,8,20.0,479.0,9580.0,2024-07-02
2024070201026653,DLBS,62,62,10.0,1265.0,12650.0,2024-07-02
2024070201026652,DLBS,62,42,10.0,1265.0,12650.0,2024-07-02
2024070201026651,AVYAN,62,13,40.0,959.0,38360.0,2024-07-02
2024070201026650,AVYAN,62,57,10.0,958.0,9580.0,2024-07-02
2024070201026649,AVYAN,62,58,10.0,958.0,9580.0,2024-07-02
2024070201026648,AVYAN,62,58,10.0,958.0,9580.0,2024-07-02
2024070201026647,AVYAN,62,58,10.0,955.0,9550.0,2024-07-02
2024070201026646,AVYAN,62,57,10.0,954.0,9540.0,2024-07-02
2024070201026645,AVYAN,62,46,10.0,954.0,9540.0,2024-07-02
2024070201026644,AVYAN,62,58,10.0,954.0,9540.0,2024-07-02
2024070201026643,AVYAN,62,35,10.0,953.0,9530.0,2024-07-02
2024070201026642,AVYAN,62,45,10.0,952.9,9529.0,2024-07-02
2024070201026641,AVYAN,62,51,50.0,952.0,47600.0,2024-07-02
2024070201026640,AVYAN,62,35,10.0,950.5,9505.0,2024-07-02
2024070201026639,AVYAN,62,38,10.0,950.0,9500.0,2024-07-02
2024070201026638,AVYAN,62,20,10.0,950.0,9500.0,2024-07-02
2024070201026637,AVYAN,62,65,100.0,949.9,94990.0,2024-07-02
2024070201026636,AVYAN,62,46,90.0,948.0,85320.0,2024-07-02
2024070201026635,AVYAN,62,41,100.0,948.0,94800.0,2024-07-02
2024070203015307,SDLBSL,54,10,10.0,1081.0,10810.0,2024-07-02
2024070203015306,ILBS,62,69,60.0,1240.0,74400.0,2024-07-02
2024070203015305,ILBS,62,81,89.0,1240.0,110360.0,2024-07-02
2024070203015304,ILBS,62,72,70.0,1239.0,86730.0,2024-07-02
2024070203015303,KMCDB,62,16,20.0,1085.0,21700.0,2024-07-02
2024070201026634,NBL,62,58,768.0,219.5,168576.0,2024-07-02
2024070201026633,NBL,62,44,80.0,219.4,17552.0,2024-07-02
2024070201026632,NBL,62,42,500.0,219.4,109700.0,2024-07-02
2024070201026631,NBL,62,34,100.0,219.3,21930.0,2024-07-02
2024070201026630,NBL,62,53,48.0,219.0,10512.0,2024-07-02
2024070201026629,NBL,62,4,209.0,219.0,45771.0,2024-07-02
2024070201026628,NBL,62,40,500.0,219.0,109500.0,2024-07-02
2024070201026627,NBL,62,19,100.0,219.0,21900.0,2024-07-02
2024070201026626,NBL,62,38,30.0,219.0,6570.0,2024-07-02
2024070201026625,NBL,62,43,100.0,219.0,21900.0,2024-07-02
2024070201026624,NBL,62,62,10.0,218.8,2188.0,2024-07-02
2024070201026623,NBL,62,38,1000.0,218.0,218000.0,2024-07-02
2024070201026622,NBL,62,36,555.0,218.0,120990.0,2024-07-02
2024070203015302,MPFL,34,51,10.0,515.0,5150.0,2024-07-02
2024070201026621,HDL,26,34,10.0,1246.0,12460.0,2024-07-02
2024070205005436,HRL,48,50,980.0,552.0,540960.0,2024-07-02
2024070205005435,HRL,48,58,20.0,551.0,11020.0,2024-07-02
2024070204013276,CGH,34,57,10.0,855.0,8550.0,2024-07-02
2024070204013275,CGH,34,45,10.0,851.2,8512.0,2024-07-02
2024070201026620,MANDU,65,19,12.0,1119.0,13428.0,2024-07-02
2024070201026619,MANDU,65,57,10.0,1118.0,11180.0,2024-07-02
2024070201026618,MANDU,65,57,10.0,1118.0,11180.0,2024-07-02
2024070201026617,MANDU,65,57,10.0,1118.0,11180.0,2024-07-02
2024070201026616,MANDU,65,52,10.0,1118.0,11180.0,2024-07-02
2024070201026615,MANDU,65,42,10.0,1115.9,11159.0,2024-07-02
2024070201026614,MANDU,65,46,10.0,1115.0,11150.0,2024-07-02
2024070201026613,MANDU,65,48,10.0,1115.0,11150.0,2024-07-02
2024070201026612,MANDU,65,10,10.0,1115.0,11150.0,2024-07-02
2024070201026611,MANDU,65,10,10.0,1115.0,11150.0,2024-07-02
2024070201026610,MANDU,65,7,10.0,1115.0,11150.0,2024-07-02
2024070201026609,MANDU,65,1,10.0,1115.0,11150.0,2024-07-02
2024070201026608,MANDU,65,54,10.0,1115.0,11150.0,2024-07-02
2024070201026607,MANDU,65,49,10.0,1115.0,11150.0,2024-07-02
2024070201026606,MANDU,65,50,10.0,1115.0,11150.0,2024-07-02
2024070201026605,MANDU,65,34,10.0,1115.0,11150.0,2024-07-02
2024070201026604,MANDU,65,57,10.0,1115.0,11150.0,2024-07-02
2024070201026603,MANDU,65,43,500.0,1115.0,557500.0,2024-07-02
2024070201026602,MANDU,65,55,70.0,1113.8,77966.0,2024-07-02
2024070201026601,MANDU,65,7,10.0,1113.0,11130.0,2024-07-02
2024070201026600,MANDU,65,43,100.0,1113.0,111300.0,2024-07-02
2024070201026599,MANDU,65,51,10.0,1113.0,11130.0,2024-07-02
2024070201026598,MANDU,65,45,20.0,1112.0,22240.0,2024-07-02
2024070201026597,MANDU,65,48,75.0,1111.0,83325.0,2024-07-02
2024070201026596,MANDU,65,56,10.0,1111.0,11110.0,2024-07-02
2024070201026595,MANDU,65,56,10.0,1111.0,11110.0,2024-07-02
2024070201026594,MANDU,65,34,20.0,1110.0,22200.0,2024-07-02
2024070201026593,MANDU,65,52,10.0,1110.0,11100.0,2024-07-02
2024070201026592,MANDU,65,57,10.0,1110.0,11100.0,2024-07-02
2024070201026591,MANDU,65,11,10.0,1110.0,11100.0,2024-07-02
2024070201026590,MANDU,65,35,50.0,1110.0,55500.0,2024-07-02
2024070201026589,MANDU,65,57,10.0,1110.0,11100.0,2024-07-02
2024070201026588,MANDU,65,49,10.0,1110.0,11100.0,2024-07-02
2024070201026587,MANDU,65,43,10.0,1110.0,11100.0,2024-07-02
2024070201026586,MANDU,65,58,100.0,1110.0,111000.0,2024-07-02
2024070201026585,MANDU,65,41,10.0,1110.0,11100.0,2024-07-02
2024070201026584,MANDU,65,58,10.0,1110.0,11100.0,2024-07-02
2024070201026583,MANDU,65,29,10.0,1109.9,11099.0,2024-07-02
2024070201026582,MANDU,65,72,450.0,1109.0,499050.0,2024-07-02
2024070201026581,MANDU,65,65,100.0,1109.0,110900.0,2024-07-02
2024070201026580,MANDU,65,58,10.0,1109.0,11090.0,2024-07-02
2024070201026579,MANDU,65,49,10.0,1109.0,11090.0,2024-07-02
2024070201026578,MANDU,65,65,40.0,1108.9,44356.0,2024-07-02
2024070201026577,MANDU,65,43,10.0,1108.0,11080.0,2024-07-02
2024070201026576,MANDU,65,33,33.0,1108.0,36564.0,2024-07-02
2024070201026575,MANDU,65,53,100.0,1105.0,110500.0,2024-07-02
2024070201026574,MANDU,65,34,10.0,1105.0,11050.0,2024-07-02
2024070201026573,SONA,62,32,10.0,441.1,4411.0,2024-07-02
2024070201026572,HHL,32,17,10.0,368.0,3680.0,2024-07-02
2024070204013274,UAIL,57,25,10.0,570.1,5701.0,2024-07-02
2024070201026571,SMJC,16,42,10.0,407.9,4079.0,2024-07-02
2024070201026570,MEL,16,48,500.0,225.0,112500.0,2024-07-02
2024070203015301,ALICL,21,4,10.0,565.0,5650.0,2024-07-02
2024070203015300,RLFL,52,42,27.0,430.0,11610.0,2024-07-02
2024070203015299,RLFL,52,29,200.0,429.0,85800.0,2024-07-02
2024070203015298,RLFL,52,50,773.0,428.0,330844.0,2024-07-02
2024070204013273,RADHI,29,48,10.0,256.3,2563.0,2024-07-02
2024070201026569,EBL,39,11,10.0,537.0,5370.0,2024-07-02
2024070204013272,SGIC,69,57,10.0,554.0,5540.0,2024-07-02
2024070201026568,MKCL,69,38,10.0,1327.0,13270.0,2024-07-02
2024070203015297,GRDBL,20,4,10.0,457.4,4574.0,2024-07-02
2024070204013271,UPCL,22,1,10.0,195.7,1957.0,2024-07-02
2024070201026567,NWCL,17,55,20.0,890.0,17800.0,2024-07-02
2024070201026566,NWCL,58,55,30.0,890.0,26700.0,2024-07-02
2024070201026565,NWCL,22,55,50.0,891.0,44550.0,2024-07-02
2024070203015296,JFL,41,55,299.0,631.1,188698.9,2024-07-02
2024070201026564,NMB,53,36,10.0,195.0,1950.0,2024-07-02
2024070201026563,MEL,87,48,20.0,225.0,4500.0,2024-07-02
2024070204013270,SGIC,44,57,90.0,554.0,49860.0,2024-07-02
2024070204013269,SGIC,44,59,700.0,554.0,387800.0,2024-07-02
2024070204013268,SGIC,44,3,100.0,553.9,55390.0,2024-07-02
2024070204013267,SGIC,44,42,110.0,553.0,60830.0,2024-07-02
2024070201026562,PCBL,44,56,10.0,202.0,2020.0,2024-07-02
2024070203015295,ILBS,44,72,20.0,1239.0,24780.0,2024-07-02
2024070201026561,SPHL,19,8,10.0,572.1,5721.0,2024-07-02
2024070203015294,GILB,77,13,195.0,1367.0,266565.0,2024-07-02
2024070203015293,GILB,62,13,50.0,1367.1,68355.0,2024-07-02
2024070203015292,GILB,34,13,205.0,1367.1,280255.5,2024-07-02
2024070203015291,GILB,26,13,50.0,1367.2,68360.0,2024-07-02
2024070203015290,GMFBS,62,67,500.0,1640.0,820000.0,2024-07-02
2024070201026560,SONA,71,37,10.0,443.0,4430.0,2024-07-02
2024070201026559,SONA,45,37,10.0,443.0,4430.0,2024-07-02
2024070201026558,SONA,45,11,10.0,442.0,4420.0,2024-07-02
2024070201026557,NRM,71,58,30.0,398.9,11967.0,2024-07-02
2024070201026556,NRM,71,25,10.0,398.0,3980.0,2024-07-02
2024070201026555,NRM,71,57,10.0,398.0,3980.0,2024-07-02
2024070204013266,NGPL,45,25,10.0,311.8,3118.0,2024-07-02
2024070204013265,UMHL,11,42,10.0,242.0,2420.0,2024-07-02
2024070203015289,JFL,41,11,10.0,631.1,6311.0,2024-07-02
2024070203015288,SFCL,45,58,10.0,444.0,4440.0,2024-07-02
2024070204013264,GLH,19,35,20.0,211.4,4228.0,2024-07-02
2024070204013263,SHPC,45,57,10.0,324.0,3240.0,2024-07-02
2024070201026554,SRLI,21,38,10.0,445.0,4450.0,2024-07-02
2024070201026553,SRLI,21,57,90.0,444.0,39960.0,2024-07-02
2024070201026552,MMKJL,58,21,10.0,506.0,5060.0,2024-07-02
2024070201026551,MMKJL,57,21,190.0,507.0,96330.0,2024-07-02
2024070203015287,NMLBBL,6,34,100.0,669.9,66990.0,2024-07-02
2024070203015286,JFL,6,72,100.0,632.0,63200.0,2024-07-02
2024070203015285,FMDBL,56,43,10.0,668.0,6680.0,2024-07-02
2024070201026550,DORDI,77,86,145.0,489.0,70905.0,2024-07-02
2024070201026549,DORDI,77,6,500.0,488.5,244250.0,2024-07-02
2024070201026548,DORDI,77,35,1000.0,487.5,487500.0,2024-07-02
2024070201026547,DORDI,77,59,100.0,487.5,48750.0,2024-07-02
2024070201026546,DORDI,77,34,10.0,487.5,4875.0,2024-07-02
2024070201026545,DORDI,77,32,40.0,487.5,19500.0,2024-07-02
2024070201026544,DORDI,77,59,300.0,487.4,146220.0,2024-07-02
2024070201026543,DORDI,77,45,10.0,487.0,4870.0,2024-07-02
2024070201026542,DORDI,77,38,200.0,487.0,97400.0,2024-07-02
2024070201026541,DORDI,77,48,70.0,487.0,34090.0,2024-07-02
2024070201026540,DORDI,77,35,100.0,487.0,48700.0,2024-07-02
2024070201026539,DORDI,77,35,1000.0,486.5,486500.0,2024-07-02
2024070201026538,DORDI,77,17,260.0,486.5,126490.0,2024-07-02
2024070201026537,DORDI,77,17,10.0,486.5,4865.0,2024-07-02
2024070201026536,DORDI,77,53,10.0,486.5,4865.0,2024-07-02
2024070201026535,DORDI,77,45,300.0,486.0,145800.0,2024-07-02
2024070201026534,DORDI,77,50,10.0,486.0,4860.0,2024-07-02
2024070201026533,DORDI,77,51,100.0,486.0,48600.0,2024-07-02
2024070201026532,DORDI,77,42,90.0,486.0,43740.0,2024-07-02
2024070201026531,DORDI,77,19,50.0,486.0,24300.0,2024-07-02
2024070201026530,DORDI,77,7,10.0,486.0,4860.0,2024-07-02
2024070201026529,DORDI,77,45,10.0,486.0,4860.0,2024-07-02
2024070201026528,DORDI,77,54,130.0,485.6,63128.0,2024-07-02
2024070201026527,DORDI,77,49,100.0,485.0,48500.0,2024-07-02
2024070201026526,DORDI,77,45,200.0,485.0,97000.0,2024-07-02
2024070201026525,DORDI,77,41,400.0,485.0,194000.0,2024-07-02
2024070201026524,DORDI,77,1,20.0,485.0,9700.0,2024-07-02
2024070201026523,DORDI,77,32,100.0,485.0,48500.0,2024-07-02
2024070201026522,DORDI,77,1,10.0,485.0,4850.0,2024-07-02
2024070201026521,DORDI,77,16,500.0,485.0,242500.0,2024-07-02
2024070201026520,DORDI,77,38,50.0,485.0,24250.0,2024-07-02
2024070201026519,DORDI,77,35,20.0,485.0,9700.0,2024-07-02
2024070201026518,DORDI,77,35,114.0,484.7,55255.8,2024-07-02
2024070201026517,DORDI,77,54,100.0,484.5,48450.0,2024-07-02
2024070201026516,DORDI,77,40,100.0,484.5,48450.0,2024-07-02
2024070201026515,DORDI,77,39,400.0,484.5,193800.0,2024-07-02
2024070201026514,DORDI,77,43,100.0,484.0,48400.0,2024-07-02
2024070201026513,DORDI,77,26,200.0,484.0,96800.0,2024-07-02
2024070201026512,DORDI,77,41,10.0,484.0,4840.0,2024-07-02
2024070201026511,DORDI,77,25,10.0,484.0,4840.0,2024-07-02
2024070201026510,DORDI,77,32,20.0,482.4,9648.0,2024-07-02
2024070201026509,DORDI,77,14,10.0,482.0,4820.0,2024-07-02
2024070201026508,DORDI,77,58,10.0,482.0,4820.0,2024-07-02
2024070201026507,DORDI,77,32,10.0,482.0,4820.0,2024-07-02
2024070201026506,DORDI,77,48,700.0,481.7,337190.0,2024-07-02
2024070201026505,DORDI,77,58,115.0,481.0,55315.0,2024-07-02
2024070201026504,DORDI,77,52,50.0,481.0,24050.0,2024-07-02
2024070201026503,DORDI,77,29,20.0,481.0,9620.0,2024-07-02
2024070201026502,DORDI,77,8,125.0,480.0,60000.0,2024-07-02
2024070201026501,DORDI,77,10,500.0,480.0,240000.0,2024-07-02
2024070201026500,DORDI,77,57,50.0,480.0,24000.0,2024-07-02
2024070201026499,DORDI,77,45,200.0,480.0,96000.0,2024-07-02
2024070201026498,DORDI,77,52,300.0,480.0,144000.0,2024-07-02
2024070201026497,DORDI,77,54,100.0,480.0,48000.0,2024-07-02
2024070201026496,DORDI,77,22,250.0,480.0,120000.0,2024-07-02
2024070201026495,DORDI,77,54,40.0,480.0,19200.0,2024-07-02
2024070201026494,DORDI,77,47,10.0,480.0,4800.0,2024-07-02
2024070201026493,DORDI,77,49,10.0,480.0,4800.0,2024-07-02
2024070201026492,DORDI,77,32,10.0,480.0,4800.0,2024-07-02
2024070201026491,DORDI,77,58,10.0,480.0,4800.0,2024-07-02
2024070201026490,DORDI,77,49,10.0,480.0,4800.0,2024-07-02
2024070201026489,DORDI,77,45,10.0,480.0,4800.0,2024-07-02
2024070201026488,DORDI,77,57,115.0,479.5,55142.5,2024-07-02
2024070201026487,DORDI,77,53,1000.0,479.4,479400.0,2024-07-02
2024070201026486,DORDI,77,11,40.0,479.4,19176.0,2024-07-02
2024070201026485,DORDI,77,57,100.0,479.0,47900.0,2024-07-02
2024070201026484,DORDI,77,5,75.0,479.0,35925.0,2024-07-02
2024070201026483,DORDI,77,52,300.0,479.0,143700.0,2024-07-02
2024070201026482,DORDI,77,26,100.0,479.0,47900.0,2024-07-02
2024070201026481,DORDI,77,54,50.0,478.5,23925.0,2024-07-02
2024070201026480,DORDI,77,54,50.0,478.4,23920.0,2024-07-02
2024070201026479,DORDI,77,49,10.0,478.3,4783.0,2024-07-02
2024070201026478,DORDI,77,16,211.0,478.0,100858.0,2024-07-02
2024070203015284,EDBL,14,46,10.0,391.1,3911.0,2024-07-02
2024070204013262,GLH,50,48,20.0,214.2,4284.0,2024-07-02
2024070201026477,SGHC,34,17,10.0,337.0,3370.0,2024-07-02
2024070203015283,SFCL,50,58,50.0,444.0,22200.0,2024-07-02
2024070201026476,SBL,50,44,145.0,250.8,36366.0,2024-07-02
2024070203015282,ICFC,14,54,20.0,566.0,11320.0,2024-07-02
2024070203015281,ICFC,34,54,50.0,567.0,28350.0,2024-07-02
2024070203015280,ICFC,14,54,30.0,567.0,17010.0,2024-07-02
2024070203015279,KRBL,62,88,100.0,461.0,46100.0,2024-07-02
2024070201026475,NBL,62,36,46.0,218.0,10028.0,2024-07-02
2024070201026474,NBL,62,43,104.0,217.9,22661.6,2024-07-02
2024070201026473,SMH,7,57,10.0,810.0,8100.0,2024-07-02
2024070201026472,SMHL,70,84,92.0,606.0,55752.0,2024-07-02
2024070204013261,PMHPL,51,26,971.0,230.5,223815.5,2024-07-02
2024070204013260,PMHPL,19,26,250.0,231.0,57750.0,2024-07-02
2024070201026471,SPL,44,32,10.0,748.0,7480.0,2024-07-02
2024070201026470,SPL,35,32,45.0,750.0,33750.0,2024-07-02
2024070201026469,SPL,40,32,25.0,750.0,18750.0,2024-07-02
2024070201026468,SPL,41,32,10.0,750.1,7501.0,2024-07-02
2024070201026467,SPL,22,32,10.0,755.0,7550.0,2024-07-02
2024070204013259,SGIC,82,34,101.0,550.5,55600.5,2024-07-02
2024070203015278,SJLIC,26,34,972.0,408.1,396673.2,2024-07-02
2024070203015277,SJLIC,47,34,30.0,408.1,12243.0,2024-07-02
2024070203015276,SJLIC,34,34,100.0,408.1,40810.0,2024-07-02
2024070204013258,HPPL,42,34,100.0,300.0,30000.0,2024-07-02
2024070203015275,SLBSL,16,32,10.0,1228.8,12288.0,2024-07-02
2024070204013257,HPPL,4,34,100.0,300.0,30000.0,2024-07-02
2024070201026466,MAKAR,4,55,151.0,475.0,71725.0,2024-07-02
2024070201026465,MAKAR,4,45,445.0,474.3,211063.5,2024-07-02
2024070201026464,MAKAR,4,11,200.0,474.3,94860.0,2024-07-02
2024070201026463,MAKAR,4,87,50.0,474.3,23715.0,2024-07-02
2024070201026462,MAKAR,4,8,154.0,474.2,73026.8,2024-07-02
2024070201026461,MCHL,52,8,10.0,430.0,4300.0,2024-07-02
2024070204013256,GLH,39,48,40.0,214.2,8568.0,2024-07-02
2024070204013255,GLH,39,48,10.0,214.2,2142.0,2024-07-02
2024070201026460,GVL,66,49,10.0,592.0,5920.0,2024-07-02
2024070201026459,GVL,66,43,500.0,592.0,296000.0,2024-07-02
2024070201026458,GVL,66,22,10.0,592.0,5920.0,2024-07-02
2024070201026457,GVL,66,38,10.0,592.0,5920.0,2024-07-02
2024070201026456,GVL,66,66,40.0,592.0,23680.0,2024-07-02
2024070201026455,GVL,66,6,100.0,590.0,59000.0,2024-07-02
2024070201026454,GVL,66,66,800.0,590.0,472000.0,2024-07-02
2024070201026453,GVL,66,6,100.0,590.0,59000.0,2024-07-02
2024070201026452,GVL,66,41,10.0,590.0,5900.0,2024-07-02
2024070201026451,GVL,66,35,10.0,590.0,5900.0,2024-07-02
2024070201026450,GVL,66,49,10.0,590.0,5900.0,2024-07-02
2024070201026449,GVL,66,77,40.0,590.0,23600.0,2024-07-02
2024070201026448,GVL,66,38,100.0,589.5,58950.0,2024-07-02
2024070201026447,GVL,66,66,200.0,589.0,117800.0,2024-07-02
2024070201026446,GVL,66,47,10.0,589.0,5890.0,2024-07-02
2024070201026445,GVL,66,25,10.0,589.0,5890.0,2024-07-02
2024070201026444,GVL,66,34,35.0,588.0,20580.0,2024-07-02
2024070201026443,ULHC,22,51,10.0,397.0,3970.0,2024-07-02
2024070203015274,NFS,22,53,10.0,881.2,8812.0,2024-07-02
2024070201026442,MEHL,63,48,18.0,348.0,6264.0,2024-07-02
2024070201026441,MEHL,63,88,52.0,347.0,18044.0,2024-07-02
2024070201026440,NRM,59,57,30.0,398.0,11940.0,2024-07-02
2024070203015273,HLBSL,60,64,60.0,1310.5,78630.0,2024-07-02
2024070203015272,HLBSL,60,64,110.0,1310.0,144100.0,2024-07-02
2024070203015271,HLBSL,60,17,80.0,1310.0,104800.0,2024-07-02
2024070203015270,HLBSL,60,5,100.0,1306.0,130600.0,2024-07-02
2024070203015269,HLBSL,60,41,50.0,1305.0,65250.0,2024-07-02
2024070203015268,SAPDBL,88,32,50.0,370.0,18500.0,2024-07-02
2024070203015267,MPFL,35,51,20.0,515.0,10300.0,2024-07-02
2024070203015266,GBLBS,38,45,10.0,783.5,7835.0,2024-07-02
2024070201026439,KDL,28,34,20.0,1185.0,23700.0,2024-07-02
2024070201026438,USHEC,49,38,10.0,480.0,4800.0,2024-07-02
2024070201026437,USHEC,49,22,10.0,480.0,4800.0,2024-07-02
2024070204013254,MEN,16,1,950.0,585.1,555845.0,2024-07-02
2024070204013253,MEN,45,1,50.0,587.0,29350.0,2024-07-02
2024070204013252,DHPL,57,57,10.0,209.0,2090.0,2024-07-02
2024070201026436,DORDI,45,16,294.0,478.0,140532.0,2024-07-02
2024070201026435,DORDI,45,77,508.0,478.0,242824.0,2024-07-02
2024070201026434,DORDI,45,36,98.0,478.0,46844.0,2024-07-02
2024070201026433,DORDI,45,52,100.0,477.0,47700.0,2024-07-02
2024070204013251,HURJA,1,57,460.0,281.0,129260.0,2024-07-02
2024070204013250,HURJA,49,57,40.0,282.0,11280.0,2024-07-02
2024070204013249,HURJA,57,57,500.0,282.0,141000.0,2024-07-02
2024070203015265,NFS,62,53,10.0,881.2,8812.0,2024-07-02
2024070201026432,TVCL,62,44,10.0,489.0,4890.0,2024-07-02
2024070203015264,GILB,62,37,30.0,1379.0,41370.0,2024-07-02
2024070205005434,NIFRA,58,62,914.0,195.0,178230.0,2024-07-02
2024070205005433,NIFRA,38,62,92.0,195.0,17940.0,2024-07-02
2024070204013248,JOSHI,45,54,50.0,292.0,14600.0,2024-07-02
2024070201026431,VLUCL,26,35,10.0,514.0,5140.0,2024-07-02
2024070201026430,VLUCL,26,58,10.0,514.0,5140.0,2024-07-02
2024070201026429,RNLI,55,25,11.0,429.3,4722.3,2024-07-02
2024070204013247,RIDI,32,32,34.0,164.7,5599.8,2024-07-02
2024070204013246,RIDI,47,32,56.0,164.9,9234.4,2024-07-02
2024070201026428,NRM,34,57,30.0,398.0,11940.0,2024-07-02
2024070203015263,SLBSL,34,32,10.0,1228.8,12288.0,2024-07-02
2024070203015262,MDB,42,74,10.0,512.0,5120.0,2024-07-02
2024070203015261,SFCL,42,58,230.0,444.0,102120.0,2024-07-02
2024070201026427,CITY,58,4,14.0,704.0,9856.0,2024-07-02
2024070204013245,PMHPL,52,60,10.0,233.0,2330.0,2024-07-02
2024070201026426,SHIVM,41,55,500.0,486.0,243000.0,2024-07-02
2024070201026425,SHIVM,41,47,133.0,486.0,64638.0,2024-07-02
2024070203015260,JFL,41,44,476.0,633.0,301308.0,2024-07-02
2024070203015259,JFL,41,58,100.0,632.9,63290.0,2024-07-02
2024070203015258,JFL,41,45,100.0,632.1,63210.0,2024-07-02
2024070203015257,JFL,41,35,210.0,632.0,132720.0,2024-07-02
2024070203015256,JFL,41,59,45.0,632.0,28440.0,2024-07-02
2024070203015255,JFL,41,58,19.0,631.2,11992.8,2024-07-02
2024070203015254,JFL,41,35,50.0,631.2,31560.0,2024-07-02
2024070201026424,GVL,66,34,10.0,588.0,5880.0,2024-07-02
2024070204013244,JOSHI,45,64,83.0,292.0,24236.0,2024-07-02
2024070204013243,JOSHI,1,64,20.0,292.0,5840.0,2024-07-02
2024070204013242,JOSHI,36,64,66.0,292.0,19272.0,2024-07-02
2024070203015253,EDBL,60,34,200.0,391.0,78200.0,2024-07-02
2024070203015252,EDBL,60,62,590.0,390.8,230572.0,2024-07-02
2024070203015251,ICFC,43,49,10.0,567.7,5677.0,2024-07-02
2024070201026423,SHIVM,38,47,367.0,486.0,178362.0,2024-07-02
2024070201026422,SHIVM,38,82,147.0,486.0,71442.0,2024-07-02
2024070203015250,SHINE,28,43,11.0,384.9,4233.9,2024-07-02
2024070203015249,GBLBS,6,45,35.0,783.5,27422.5,2024-07-02
2024070203015248,GBLBS,6,13,100.0,783.0,78300.0,2024-07-02
2024070203015247,GBLBS,6,13,100.0,782.0,78200.0,2024-07-02
2024070203015246,GBLBS,6,13,100.0,781.0,78100.0,2024-07-02
2024070203015245,GBLBS,6,13,100.0,780.0,78000.0,2024-07-02
2024070203015244,GBLBS,6,58,20.0,780.0,15600.0,2024-07-02
2024070203015243,GBLBS,6,20,15.0,780.0,11700.0,2024-07-02
2024070203015242,GBLBS,6,22,15.0,780.0,11700.0,2024-07-02
2024070203015241,GBLBS,6,47,125.0,780.0,97500.0,2024-07-02
2024070203015240,GBLBS,6,59,40.0,780.0,31200.0,2024-07-02
2024070203015239,GBLBS,6,49,290.0,780.0,226200.0,2024-07-02
2024070203015238,GBLBS,6,36,60.0,780.0,46800.0,2024-07-02
2024070203015237,JBBL,14,14,103.0,290.0,29870.0,2024-07-02
2024070201026421,DORDI,39,17,300.0,476.1,142830.0,2024-07-02
2024070201026420,MHL,63,50,100.0,559.0,55900.0,2024-07-02
2024070201026419,HATHY,45,50,22.0,933.0,20526.0,2024-07-02
2024070203015236,SHINE,46,43,10.0,384.9,3849.0,2024-07-02
2024070201026418,SANIMA,19,7,978.0,253.5,247923.0,2024-07-02
2024070201026417,SANIMA,42,7,85.0,253.5,21547.5,2024-07-02
2024070201026416,SANIMA,59,7,237.0,253.6,60103.2,2024-07-02
2024070201026415,SANIMA,40,7,200.0,254.0,50800.0,2024-07-02
2024070201026414,TVCL,62,44,10.0,489.0,4890.0,2024-07-02
2024070201026413,SMHL,65,32,20.0,611.9,12238.0,2024-07-02
2024070201026412,NYADI,32,4,50.0,341.0,17050.0,2024-07-02
2024070201026411,NRM,32,57,20.0,398.0,7960.0,2024-07-02
2024070203015235,NLIC,32,6,20.0,585.0,11700.0,2024-07-02
2024070203015234,NLIC,32,44,125.0,585.0,73125.0,2024-07-02
2024070203015233,GUFL,34,47,700.0,703.0,492100.0,2024-07-02
2024070203015232,SIFC,32,16,50.0,465.0,23250.0,2024-07-02
2024070204013241,CHL,17,42,100.0,310.0,31000.0,2024-07-02
2024070203015231,CBBL,42,14,31.0,833.9,25850.9,2024-07-02
2024070203015230,JFL,41,25,600.0,631.1,378660.0,2024-07-02
2024070203015229,GILB,62,52,20.0,1378.0,27560.0,2024-07-02
2024070201026410,GCIL,38,19,587.0,478.0,280586.0,2024-07-02
2024070201026409,GCIL,61,19,413.0,478.0,197414.0,2024-07-02
2024070201026408,GCIL,36,8,298.0,478.5,142593.0,2024-07-02
2024070201026407,TAMOR,58,34,151.0,400.0,60400.0,2024-07-02
2024070201026406,TAMOR,58,58,10.0,400.0,4000.0,2024-07-02
2024070201026405,TAMOR,58,4,40.0,400.0,16000.0,2024-07-02
2024070201026404,TAMOR,58,57,10.0,400.0,4000.0,2024-07-02
2024070201026403,TAMOR,58,29,10.0,400.0,4000.0,2024-07-02
2024070201026402,TAMOR,58,45,10.0,400.0,4000.0,2024-07-02
2024070201026401,TAMOR,58,21,10.0,400.0,4000.0,2024-07-02
2024070201026400,TAMOR,58,58,20.0,400.0,8000.0,2024-07-02
2024070201026399,TAMOR,58,32,10.0,400.0,4000.0,2024-07-02
2024070201026398,TAMOR,58,34,119.0,400.0,47600.0,2024-07-02
2024070201026397,TAMOR,58,45,500.0,399.9,199950.0,2024-07-02
2024070201026396,TAMOR,58,19,100.0,399.8,39980.0,2024-07-02
2024070201026395,TAMOR,58,19,100.0,399.8,39980.0,2024-07-02
2024070201026394,TAMOR,58,58,10.0,399.0,3990.0,2024-07-02
2024070201026393,TAMOR,58,44,100.0,399.0,39900.0,2024-07-02
2024070204013240,SSHL,43,44,501.0,173.0,86673.0,2024-07-02
2024070201026392,NRM,38,57,10.0,398.0,3980.0,2024-07-02
2024070201026391,NRM,38,34,10.0,397.9,3979.0,2024-07-02
2024070201026390,NRM,38,35,10.0,397.0,3970.0,2024-07-02
2024070204013239,UAIL,57,28,11.0,570.1,6271.1,2024-07-02
2024070203015228,GILB,62,21,30.0,1378.0,41340.0,2024-07-02
2024070205005432,SMATA,95,17,150.0,950.6,142590.0,2024-07-02
2024070204013238,SHEL,13,50,100.0,157.0,15700.0,2024-07-02
2024070204013237,SHEL,26,50,1468.0,157.0,230476.0,2024-07-02
2024070204013236,JOSHI,36,7,50.0,292.0,14600.0,2024-07-02
2024070201026389,MKCL,69,40,20.0,1325.0,26500.0,2024-07-02
2024070203015227,SAPDBL,58,32,189.0,370.0,69930.0,2024-07-02
2024070203015226,SAPDBL,60,32,100.0,370.4,37040.0,2024-07-02
2024070204013235,UPPER,16,33,100.0,158.8,15880.0,2024-07-02
2024070201026388,SARBTM,36,70,190.0,800.0,152000.0,2024-07-02
2024070201026387,SARBTM,3,70,100.0,800.0,80000.0,2024-07-02
2024070201026386,SARBTM,32,70,60.0,800.1,48006.0,2024-07-02
2024070203015225,RLFL,29,50,10.0,428.0,4280.0,2024-07-02
2024070203015224,CFCL,84,74,265.0,478.0,126670.0,2024-07-02
2024070201026385,HEIP,13,14,10.0,343.8,3438.0,2024-07-02
2024070201026384,MLBS,13,38,10.0,1363.9,13639.0,2024-07-02
2024070203015223,HLI,45,42,50.0,379.0,18950.0,2024-07-02
2024070203015222,HLI,58,42,12.0,379.0,4548.0,2024-07-02
2024070203015221,HLI,1,42,226.0,379.0,85654.0,2024-07-02
2024070204013234,HDHPC,25,7,90.0,131.5,11835.0,2024-07-02
2024070204013233,HDHPC,25,49,910.0,131.5,119665.0,2024-07-02
2024070201026383,PPL,53,58,610.0,461.0,281210.0,2024-07-02
2024070201026382,PPL,4,58,300.0,462.1,138630.0,2024-07-02
2024070201026381,MCHL,58,14,10.0,429.0,4290.0,2024-07-02
2024070201026380,BHL,45,54,10.0,362.9,3629.0,2024-07-02
2024070203015220,JFL,41,43,400.0,631.1,252440.0,2024-07-02
2024070201026379,SAHAS,51,43,70.0,511.0,35770.0,2024-07-02
2024070203015219,GBLBS,33,36,90.0,780.0,70200.0,2024-07-02
2024070203015218,GBLBS,33,19,10.0,779.0,7790.0,2024-07-02
2024070201026378,HDL,49,3,10.0,1247.0,12470.0,2024-07-02
2024070204013232,GHL,56,54,10.0,150.5,1505.0,2024-07-02
2024070201026377,NMB,52,36,100.0,195.0,19500.0,2024-07-02
2024070205005431,HRL,53,14,10.0,550.0,5500.0,2024-07-02
2024070201026376,LSL,6,44,20.0,156.6,3132.0,2024-07-02
2024070201026375,SMHL,57,32,10.0,611.9,6119.0,2024-07-02
2024070201026374,SANIMA,62,32,236.0,255.0,60180.0,2024-07-02
2024070201026373,SANIMA,62,34,114.0,255.0,29070.0,2024-07-02
2024070201026372,SANIMA,62,52,150.0,254.9,38235.0,2024-07-02
2024070201026371,MKHL,87,26,30.0,485.2,14556.0,2024-07-02
2024070204013231,KKHC,40,34,132.0,225.0,29700.0,2024-07-02
2024070201026370,RHGCL,32,74,170.0,351.9,59823.0,2024-07-02
2024070201026369,RHGCL,32,16,1160.0,351.2,407392.0,2024-07-02
2024070201026368,RHGCL,32,56,10.0,351.1,3511.0,2024-07-02
2024070201026367,RHGCL,32,55,450.0,351.0,157950.0,2024-07-02
2024070201026366,RHGCL,32,45,10.0,350.0,3500.0,2024-07-02
2024070201026365,RHGCL,32,74,200.0,348.0,69600.0,2024-07-02
2024070203015217,GMFBS,58,41,22.0,1640.1,36082.2,2024-07-02
2024070201026364,CZBIL,22,37,10.0,169.4,1694.0,2024-07-02
2024070204013230,NHDL,36,19,97.0,524.2,50847.4,2024-07-02
2024070201026363,MMKJL,57,19,10.0,507.0,5070.0,2024-07-02
2024070201026362,SMJC,35,58,14.0,404.1,5657.4,2024-07-02
2024070201026361,MEHL,13,88,500.0,347.0,173500.0,2024-07-02
2024070201026360,MEHL,45,88,48.0,347.0,16656.0,2024-07-02
2024070201026359,JALPA,38,38,12.0,1307.1,15685.2,2024-07-02
2024070201026358,JALPA,38,38,78.0,1307.1,101953.8,2024-07-02
2024070201026357,JALPA,4,38,10.0,1310.0,13100.0,2024-07-02
2024070204013229,HPPL,33,72,1243.0,296.4,368425.2,2024-07-02
2024070204013228,HPPL,77,72,200.0,296.5,59300.0,2024-07-02
2024070204013227,HPPL,47,72,460.0,296.5,136390.0,2024-07-02
2024070204013226,HPPL,49,72,25.0,296.6,7415.0,2024-07-02
2024070204013225,HPPL,8,72,41.0,296.7,12164.7,2024-07-02
2024070204013224,HPPL,4,72,31.0,299.9,9296.9,2024-07-02
2024070205005430,NRN,77,49,100.0,680.5,68050.0,2024-07-02
2024070205005429,NRN,58,49,900.0,680.6,612540.0,2024-07-02
2024070201026356,SMHL,70,45,10.0,606.0,6060.0,2024-07-02
2024070201026355,KBL,48,43,10.0,141.5,1415.0,2024-07-02
2024070201026354,BGWT,65,46,118.0,940.4,110967.2,2024-07-02
2024070201026353,BGWT,65,51,10.0,940.0,9400.0,2024-07-02
2024070201026352,BGWT,65,49,10.0,938.0,9380.0,2024-07-02
2024070201026351,BGWT,65,29,50.0,936.3,46815.0,2024-07-02
2024070201026350,BGWT,65,13,30.0,936.0,28080.0,2024-07-02
2024070201026349,BGWT,65,39,172.0,936.0,160992.0,2024-07-02
2024070201026348,BGWT,65,22,10.0,935.0,9350.0,2024-07-02
2024070201026347,BGWT,65,21,10.0,935.0,9350.0,2024-07-02
2024070201026346,BGWT,65,58,10.0,934.3,9343.0,2024-07-02
2024070201026345,BGWT,65,49,10.0,933.0,9330.0,2024-07-02
2024070201026344,BGWT,65,13,30.0,932.0,27960.0,2024-07-02
2024070201026343,BGWT,65,32,10.0,931.0,9310.0,2024-07-02
2024070201026342,BGWT,65,20,500.0,929.9,464950.0,2024-07-02
2024070201026341,BGWT,65,39,10.0,927.0,9270.0,2024-07-02
2024070201026340,BGWT,65,41,10.0,924.0,9240.0,2024-07-02
2024070201026339,BGWT,65,26,10.0,920.0,9200.0,2024-07-02
2024070201026338,USHEC,13,45,200.0,475.5,95100.0,2024-07-02
2024070201026337,SHLB,49,32,10.0,1773.0,17730.0,2024-07-02
2024070201026336,SHLB,49,32,15.0,1773.0,26595.0,2024-07-02
2024070201026335,GBIME,16,28,52.0,181.5,9438.0,2024-07-02
2024070201026334,GBIME,16,22,15.0,181.5,2722.5,2024-07-02
2024070201026333,GBIME,16,55,600.0,181.5,108900.0,2024-07-02
2024070203015216,SIFC,34,57,500.0,465.8,232900.0,2024-07-02
2024070201026332,HATHY,45,58,90.0,933.0,83970.0,2024-07-02
2024070201026331,SARBTM,58,53,12.0,804.0,9648.0,2024-07-02
2024070201026330,SARBTM,58,51,18.0,803.0,14454.0,2024-07-02
2024070201026329,SARBTM,58,25,70.0,801.0,56070.0,2024-07-02
2024070201026328,CLI,58,58,10.0,490.0,4900.0,2024-07-02
2024070203015215,ACLBSL,35,1,100.0,1099.9,109990.0,2024-07-02
2024070203015214,ACLBSL,35,33,300.0,1099.0,329700.0,2024-07-02
2024070201026327,GCIL,36,38,175.0,478.5,83737.5,2024-07-02
2024070201026326,MEHL,45,51,10.0,347.0,3470.0,2024-07-02
2024070203015213,CFCL,84,56,150.0,478.0,71700.0,2024-07-02
2024070204013223,API,42,36,11.0,172.5,1897.5,2024-07-02
2024070203015212,EDBL,14,62,10.0,390.8,3908.0,2024-07-02
2024070203015211,NUBL,40,45,40.0,666.0,26640.0,2024-07-02
2024070203015210,LLBS,6,25,10.0,1225.0,12250.0,2024-07-02
2024070203015209,FMDBL,62,43,20.0,668.0,13360.0,2024-07-02
2024070203015208,KMCDB,62,45,200.0,1084.9,216980.0,2024-07-02
2024070203015207,KMCDB,62,51,14.0,1084.0,15176.0,2024-07-02
2024070203015206,KMCDB,62,37,200.0,1082.0,216400.0,2024-07-02
2024070203015205,KMCDB,62,37,200.0,1082.0,216400.0,2024-07-02
2024070203015204,KMCDB,62,59,29.0,1082.0,31378.0,2024-07-02
2024070201026325,NICA,57,88,50.0,418.0,20900.0,2024-07-02
2024070201026324,NICA,57,50,75.0,418.0,31350.0,2024-07-02
2024070203015203,MNBBL,38,34,75.0,347.0,26025.0,2024-07-02
2024070203015202,HLBSL,55,55,100.0,1300.1,130010.0,2024-07-02
2024070203015201,HLBSL,98,55,100.0,1301.0,130100.0,2024-07-02
2024070204013222,LEC,11,70,10.0,183.0,1830.0,2024-07-02
2024070203015200,JSLBB,53,52,10.0,1365.0,13650.0,2024-07-02
2024070201026323,NICA,80,50,1000.0,418.0,418000.0,2024-07-02
2024070203015199,JFL,41,75,200.0,631.1,126220.0,2024-07-02
2024070201026322,MBJC,58,46,190.0,304.0,57760.0,2024-07-02
2024070201026321,MBJC,58,58,10.0,304.0,3040.0,2024-07-02
2024070201026320,MBJC,58,16,10.0,304.0,3040.0,2024-07-02
2024070201026319,MBJC,58,13,10.0,304.0,3040.0,2024-07-02
2024070201026318,MBJC,58,43,50.0,304.0,15200.0,2024-07-02
2024070201026317,MBJC,58,56,10.0,303.8,3038.0,2024-07-02
2024070201026316,MBJC,58,56,10.0,303.0,3030.0,2024-07-02
2024070201026315,MBJC,58,91,10.0,303.0,3030.0,2024-07-02
2024070201026314,MBJC,58,58,140.0,303.0,42420.0,2024-07-02
2024070201026313,MBJC,58,49,10.0,303.0,3030.0,2024-07-02
2024070201026312,MBJC,58,49,10.0,303.0,3030.0,2024-07-02
2024070201026311,MBJC,58,45,10.0,303.0,3030.0,2024-07-02
2024070201026310,MBJC,58,38,10.0,303.0,3030.0,2024-07-02
2024070201026309,MBJC,58,74,10.0,303.0,3030.0,2024-07-02
2024070201026308,MBJC,58,58,10.0,303.0,3030.0,2024-07-02
2024070201026307,PRVU,33,35,10.0,147.6,1476.0,2024-07-02
2024070203015198,MPFL,41,7,100.0,514.0,51400.0,2024-07-02
2024070203015197,MLBL,42,32,250.0,327.0,81750.0,2024-07-02
2024070204013221,KPCL,48,34,336.0,453.0,152208.0,2024-07-02
2024070203015196,JFL,41,45,25.0,631.1,15777.5,2024-07-02
2024070203015195,NFS,41,87,1400.0,881.1,1233540.0,2024-07-02
2024070201026306,TPC,45,45,10.0,520.0,5200.0,2024-07-02
2024070205005428,NRN,58,19,100.0,680.6,68060.0,2024-07-02
2024070204013220,HDHPC,52,43,1000.0,131.3,131300.0,2024-07-02
2024070201026305,TVCL,56,44,10.0,489.9,4899.0,2024-07-02
2024070205005427,HIDCL,49,72,105.0,164.4,17262.0,2024-07-02
2024070205005426,HIDCL,19,72,10.0,164.5,1645.0,2024-07-02
2024070205005425,HIDCL,32,72,885.0,164.5,145582.5,2024-07-02
2024070204013219,SALICO,17,42,25.0,687.5,17187.5,2024-07-02
2024070203015194,NFS,41,35,100.0,881.1,88110.0,2024-07-02
2024070201026304,SHIVM,46,82,53.0,486.0,25758.0,2024-07-02
2024070201026303,SHIVM,46,32,45.0,486.0,21870.0,2024-07-02
2024070201026302,SHIVM,46,48,102.0,486.0,49572.0,2024-07-02
2024070201026301,EHPL,62,62,82.0,565.0,46330.0,2024-07-02
2024070201026300,EHPL,62,71,500.0,564.9,282450.0,2024-07-02
2024070201026299,EHPL,62,35,81.0,563.0,45603.0,2024-07-02
2024070201026298,EHPL,62,39,37.0,561.0,20757.0,2024-07-02
2024070203015193,GFCL,7,16,218.0,645.0,140610.0,2024-07-02
2024070203015192,GFCL,7,52,50.0,645.0,32250.0,2024-07-02
2024070203015191,GFCL,7,58,100.0,644.5,64450.0,2024-07-02
2024070203015190,GFCL,7,36,20.0,644.5,12890.0,2024-07-02
2024070204013218,UPPER,38,58,55.0,158.7,8728.5,2024-07-02
2024070203015189,GFCL,7,65,12.0,644.2,7730.4,2024-07-02
2024070201026297,MMKJL,58,6,20.0,508.0,10160.0,2024-07-02
2024070201026296,MMKJL,58,14,10.0,508.0,5080.0,2024-07-02
2024070201026295,MMKJL,58,45,10.0,507.0,5070.0,2024-07-02
2024070201026294,MMKJL,58,58,10.0,507.0,5070.0,2024-07-02
2024070201026293,MMKJL,58,58,10.0,507.0,5070.0,2024-07-02
2024070201026292,MMKJL,58,19,40.0,507.0,20280.0,2024-07-02
2024070205005424,NRN,77,7,250.0,680.5,170125.0,2024-07-02
2024070204013217,UPCL,7,1,10.0,195.7,1957.0,2024-07-02
2024070201026291,SMJC,48,42,10.0,407.9,4079.0,2024-07-02
2024070201026290,MKCL,69,56,50.0,1325.0,66250.0,2024-07-02
2024070203015188,HLI,91,35,150.0,379.8,56970.0,2024-07-02
2024070203015187,HLI,91,66,150.0,379.7,56955.0,2024-07-02
2024070201026289,MCHL,58,96,180.0,428.2,77076.0,2024-07-02
2024070201026288,MBL,5,55,100.0,174.6,17460.0,2024-07-02
2024070201026287,HATHY,63,58,10.0,933.0,9330.0,2024-07-02
2024070204013216,RIDI,47,88,444.0,164.9,73215.6,2024-07-02
2024070204013215,UAIL,56,28,28.0,573.9,16069.2,2024-07-02
2024070204013214,MHNL,71,42,300.0,241.0,72300.0,2024-07-02
2024070204013213,MHNL,21,42,70.0,241.0,16870.0,2024-07-02
2024070201026286,SIKLES,35,47,100.0,699.0,69900.0,2024-07-02
2024070203015186,PFL,57,46,238.0,600.9,143014.2,2024-07-02
2024070201026285,SMJC,35,46,10.0,404.1,4041.0,2024-07-02
2024070203015185,MFIL,45,57,10.0,541.0,5410.0,2024-07-02
2024070204013212,HEI,58,78,20.0,609.8,12196.0,2024-07-02
2024070204013211,HEI,58,33,40.0,609.7,24388.0,2024-07-02
2024070204013210,HEI,58,34,100.0,607.9,60790.0,2024-07-02
2024070204013209,HEI,58,43,90.0,607.8,54702.0,2024-07-02
2024070201026284,USHEC,26,14,10.0,480.0,4800.0,2024-07-02
2024070201026283,USHEC,26,38,10.0,480.0,4800.0,2024-07-02
2024070201026282,USHEC,26,59,10.0,480.0,4800.0,2024-07-02
2024070201026281,USHEC,26,39,66.0,480.0,31680.0,2024-07-02
2024070204013208,HPPL,4,43,54.0,299.9,16194.6,2024-07-02
2024070204013207,HPPL,4,1,215.0,299.0,64285.0,2024-07-02
2024070201026280,NIMB,32,34,91.0,160.0,14560.0,2024-07-02
2024070201026279,NIMB,58,34,437.0,160.0,69920.0,2024-07-02
2024070203015184,SWMF,34,58,10.0,873.0,8730.0,2024-07-02
2024070201026278,SBL,52,6,35.0,250.0,8750.0,2024-07-02
2024070205005423,STC,39,34,150.0,4700.0,705000.0,2024-07-02
2024070205005422,STC,39,25,10.0,4700.0,47000.0,2024-07-02
2024070205005421,STC,39,34,50.0,4700.0,235000.0,2024-07-02
2024070205005420,STC,39,57,20.0,4700.0,94000.0,2024-07-02
2024070205005419,STC,39,46,35.0,4700.0,164500.0,2024-07-02
2024070205005418,STC,39,58,10.0,4700.0,47000.0,2024-07-02
2024070205005417,STC,39,55,20.0,4700.0,94000.0,2024-07-02
2024070205005416,STC,39,51,37.0,4700.0,173900.0,2024-07-02
2024070205005415,STC,39,3,17.0,4699.0,79883.0,2024-07-02
2024070205005414,STC,39,54,10.0,4699.0,46990.0,2024-07-02
2024070205005413,STC,39,55,90.0,4698.0,422820.0,2024-07-02
2024070203015183,SLBBL,17,41,40.0,809.1,32364.0,2024-07-02
2024070205005412,NRN,77,60,6374.0,680.5,4337507.0,2024-07-02
2024070201026277,MEHL,45,8,17.0,347.0,5899.0,2024-07-02
2024070205005411,NTC,6,34,30.0,818.0,24540.0,2024-07-02
2024070204013206,AKJCL,42,58,100.0,211.0,21100.0,2024-07-02
2024070201026276,TAMOR,17,65,80.0,396.5,31720.0,2024-07-02
2024070203015182,PROFL,57,35,300.0,408.1,122430.0,2024-07-02
2024070203015181,ACLBSL,35,33,200.0,1099.0,219800.0,2024-07-02
2024070203015180,ACLBSL,35,58,50.0,1099.0,54950.0,2024-07-02
2024070203015179,ACLBSL,35,38,100.0,1099.0,109900.0,2024-07-02
2024070203015178,ACLBSL,35,53,50.0,1098.0,54900.0,2024-07-02
2024070205005410,NIFRA,38,35,180.0,195.0,35100.0,2024-07-02
2024070205005409,NIFRA,34,35,20.0,195.3,3906.0,2024-07-02
2024070203015177,JBBL,3,14,40.0,290.0,11600.0,2024-07-02
2024070201026275,NABIL,10,52,333.0,477.1,158874.3,2024-07-02
2024070201026274,NABIL,48,52,167.0,477.1,79675.7,2024-07-02
2024070203015176,JFL,41,34,190.0,631.1,119909.0,2024-07-02
2024070203015175,SJLIC,50,45,950.0,408.3,387885.0,2024-07-02
2024070204013205,MEN,21,11,10.0,589.0,5890.0,2024-07-02
2024070203015174,NMLBBL,36,25,100.0,670.0,67000.0,2024-07-02
2024070203015173,GFCL,51,59,20.0,642.0,12840.0,2024-07-02
2024070203015172,SLBBL,33,57,18.0,814.5,14661.0,2024-07-02
2024070203015171,SLBBL,33,57,12.0,814.0,9768.0,2024-07-02
2024070203015170,SLBBL,33,14,50.0,814.0,40700.0,2024-07-02
2024070203015169,SLBBL,33,33,110.0,813.9,89529.0,2024-07-02
2024070203015168,SLBBL,33,57,10.0,813.0,8130.0,2024-07-02
2024070204013204,HPPL,49,1,20.0,299.0,5980.0,2024-07-02
2024070204013203,SSHL,42,44,100.0,173.0,17300.0,2024-07-02
2024070203015167,NFS,41,42,100.0,881.1,88110.0,2024-07-02
2024070201026273,BGWT,65,53,100.0,919.9,91990.0,2024-07-02
2024070201026272,BGWT,65,59,500.0,916.0,458000.0,2024-07-02
2024070201026271,BGWT,65,6,400.0,916.0,366400.0,2024-07-02
2024070201026270,BGWT,65,53,100.0,915.8,91580.0,2024-07-02
2024070201026269,BGWT,65,66,10.0,915.0,9150.0,2024-07-02
2024070201026268,BGWT,65,45,100.0,914.9,91490.0,2024-07-02
2024070201026267,BGWT,65,53,200.0,914.8,182960.0,2024-07-02
2024070201026266,BGWT,65,44,90.0,914.0,82260.0,2024-07-02
2024070201026265,BGWT,65,22,500.0,900.0,450000.0,2024-07-02
2024070204013202,UPCL,58,1,180.0,195.7,35226.0,2024-07-02
2024070204013201,NHPC,57,6,30.0,145.6,4368.0,2024-07-02
2024070203015166,JFL,41,57,500.0,631.1,315550.0,2024-07-02
2024070201026264,SGHC,34,57,85.0,337.0,28645.0,2024-07-02
2024070203015165,RLFL,14,16,122.0,427.0,52094.0,2024-07-02
2024070203015164,GFCL,4,69,20.0,640.0,12800.0,2024-07-02
2024070203015163,GFCL,58,69,30.0,640.0,19200.0,2024-07-02
2024070203015162,GFCL,56,69,200.0,640.0,128000.0,2024-07-02
2024070201026263,ILI,57,34,10.0,426.0,4260.0,2024-07-02
2024070201026262,SPHL,34,57,10.0,577.0,5770.0,2024-07-02
2024070201026261,SHIVM,38,34,57.0,485.0,27645.0,2024-07-02
2024070201026260,MKLB,81,74,90.0,1179.0,106110.0,2024-07-02
2024070203015161,MPFL,41,38,270.0,514.0,138780.0,2024-07-02
2024070201026259,NWCL,22,7,200.0,893.0,178600.0,2024-07-02
2024070204013200,SALICO,47,42,100.0,687.5,68750.0,2024-07-02
2024070201026258,PPL,38,53,179.0,463.5,82966.5,2024-07-02
2024070203015160,SJLIC,50,38,2000.0,408.3,816600.0,2024-07-02
2024070205005408,ENL,1,38,30.0,1089.9,32697.0,2024-07-02
2024070205005407,ENL,1,42,10.0,1080.0,10800.0,2024-07-02
2024070205005406,ENL,1,17,180.0,1080.0,194400.0,2024-07-02
2024070205005405,ENL,1,34,10.0,1077.0,10770.0,2024-07-02
2024070201026257,CLI,58,1,100.0,490.0,49000.0,2024-07-02
2024070201026256,HATHY,91,50,127.0,931.2,118262.4,2024-07-02
2024070201026255,HATHY,32,50,73.0,931.2,67977.6,2024-07-02
2024070204013199,JOSHI,36,6,10.0,292.0,2920.0,2024-07-02
2024070201026254,SPHL,49,58,10.0,577.0,5770.0,2024-07-02
2024070201026253,HIDCLP,4,49,1900.0,98.0,186200.0,2024-07-02
2024070201026252,SARBTM,32,49,20.0,800.1,16002.0,2024-07-02
2024070201026251,SARBTM,32,49,80.0,801.0,64080.0,2024-07-02
2024070201026250,MANDU,71,48,76.0,1100.1,83607.6,2024-07-02
2024070203015159,JFL,42,4,10.0,631.2,6312.0,2024-07-02
2024070201026249,ANLB,42,10,10.0,2380.0,23800.0,2024-07-02
2024070201026248,ANLB,42,10,10.0,2370.0,23700.0,2024-07-02
2024070204013198,RURU,18,57,20.0,625.1,12502.0,2024-07-02
2024070205005404,NTC,41,34,50.0,818.0,40900.0,2024-07-02
2024070205005403,NTC,57,34,50.0,818.0,40900.0,2024-07-02
2024070205005402,NTC,42,34,65.0,818.1,53176.5,2024-07-02
2024070203015158,NLICL,34,39,10.0,544.0,5440.0,2024-07-02
2024070204013197,AKPL,8,41,500.0,164.8,82400.0,2024-07-02
2024070203015157,JFL,41,16,200.0,631.1,126220.0,2024-07-02
2024070201026247,MMKJL,58,60,500.0,506.0,253000.0,2024-07-02
2024070203015156,PFL,57,8,500.0,600.9,300450.0,2024-07-02
2024070204013196,JOSHI,45,66,10.0,292.5,2925.0,2024-07-02
2024070201026246,GVL,80,66,150.0,588.0,88200.0,2024-07-02
2024070201026245,MBJC,80,80,50.0,302.0,15100.0,2024-07-02
2024070203015155,GBLBS,7,94,27.0,770.1,20792.7,2024-07-02
2024070203015154,RLFL,17,50,10.0,428.0,4280.0,2024-07-02
2024070204013195,SHL,6,71,100.0,426.9,42690.0,2024-07-02
2024070201026244,NBL,49,43,20.0,217.9,4358.0,2024-07-02
2024070205005401,NRN,77,62,100.0,680.5,68050.0,2024-07-02
2024070203015153,NFS,62,53,10.0,881.2,8812.0,2024-07-02
2024070205005400,HRL,48,6,2000.0,551.0,1102000.0,2024-07-02
2024070201026243,EBL,65,11,276.0,537.0,148212.0,2024-07-02
2024070201026242,EBL,65,6,24.0,537.0,12888.0,2024-07-02
2024070203015152,JFL,41,58,100.0,631.1,63110.0,2024-07-02
2024070201026241,SONA,58,14,40.0,443.4,17736.0,2024-07-02
2024070201026240,SONA,58,29,20.0,441.1,8822.0,2024-07-02
2024070204013194,HPPL,8,42,10.0,296.7,2967.0,2024-07-02
2024070203015151,NFS,16,53,100.0,881.2,88120.0,2024-07-02
2024070201026239,SMH,22,57,84.0,810.0,68040.0,2024-07-02
2024070201026238,SMH,22,17,10.0,810.0,8100.0,2024-07-02
2024070201026237,SMH,22,57,10.0,810.0,8100.0,2024-07-02
2024070201026236,SMH,22,58,10.0,810.0,8100.0,2024-07-02
2024070201026235,SMH,22,44,196.0,810.0,158760.0,2024-07-02
2024070201026234,SMH,22,35,410.0,810.0,332100.0,2024-07-02
2024070201026233,SMH,22,42,280.0,809.9,226772.0,2024-07-02
2024070201026232,MKJC,8,87,10.0,645.0,6450.0,2024-07-02
2024070201026231,DOLTI,25,52,50.0,429.0,21450.0,2024-07-02
2024070201026230,PRVU,47,35,200.0,147.0,29400.0,2024-07-02
2024070201026229,PHCL,44,21,980.0,312.0,305760.0,2024-07-02
2024070201026228,PHCL,44,38,10.0,312.0,3120.0,2024-07-02
2024070201026227,PHCL,44,49,10.0,312.0,3120.0,2024-07-02
2024070201026226,DOLTI,21,52,100.0,429.0,42900.0,2024-07-02
2024070204013193,AKPL,38,11,10.0,164.9,1649.0,2024-07-02
2024070201026225,HHL,40,17,100.0,368.0,36800.0,2024-07-02
2024070203015150,ILBS,50,72,10.0,1239.0,12390.0,2024-07-02
2024070204013192,AKPL,50,11,100.0,164.9,16490.0,2024-07-02
2024070203015149,ACLBSL,14,46,100.0,1090.0,109000.0,2024-07-02
2024070201026224,MANDU,71,84,1000.0,1100.1,1100100.0,2024-07-02
2024070201026223,NYADI,60,40,20.0,339.0,6780.0,2024-07-02
2024070203015148,MDB,57,69,330.0,508.5,167805.0,2024-07-02
2024070203015147,MDB,64,69,500.0,508.6,254300.0,2024-07-02
2024070203015146,MDB,50,69,100.0,508.7,50870.0,2024-07-02
2024070203015145,MDB,70,69,300.0,508.7,152610.0,2024-07-02
2024070203015144,MDB,42,69,50.0,511.7,25585.0,2024-07-02
2024070204013191,RIDI,13,88,200.0,164.9,32980.0,2024-07-02
2024070201026222,GBIME,25,43,200.0,181.0,36200.0,2024-07-02
2024070203015143,KRBL,77,88,45.0,461.0,20745.0,2024-07-02
2024070203015142,KRBL,77,21,55.0,460.0,25300.0,2024-07-02
2024070204013190,RURU,38,34,10.0,630.0,6300.0,2024-07-02
2024070204013189,RURU,38,45,10.0,627.0,6270.0,2024-07-02
2024070205005399,SMATA,5,17,50.0,951.0,47550.0,2024-07-02
2024070203015141,GLBSL,49,14,50.0,1775.0,88750.0,2024-07-02
2024070203015140,SFCL,35,58,50.0,444.0,22200.0,2024-07-02
2024070204013188,HURJA,33,57,370.0,280.5,103785.0,2024-07-02
2024070204013187,HURJA,57,57,100.0,280.5,28050.0,2024-07-02
2024070204013186,HURJA,11,57,10.0,280.6,2806.0,2024-07-02
2024070204013185,HURJA,25,57,10.0,281.0,2810.0,2024-07-02
2024070204013184,HURJA,71,57,300.0,281.0,84300.0,2024-07-02
2024070204013183,HURJA,42,57,100.0,281.0,28100.0,2024-07-02
2024070204013182,HURJA,21,57,110.0,281.1,30921.0,2024-07-02
2024070203015139,GUFL,54,39,18.0,702.0,12636.0,2024-07-02
2024070203015138,GUFL,45,39,50.0,702.5,35125.0,2024-07-02
2024070203015137,GUFL,17,39,32.0,702.5,22480.0,2024-07-02
2024070204013181,UPCL,47,55,12.0,195.0,2340.0,2024-07-02
2024070204013180,UPCL,35,55,10.0,195.5,1955.0,2024-07-02
2024070203015136,BFC,29,59,52.0,490.0,25480.0,2024-07-02
2024070203015135,BFC,29,41,150.0,490.0,73500.0,2024-07-02
2024070203015134,BFC,29,48,200.0,490.0,98000.0,2024-07-02
2024070203015133,BFC,29,34,65.0,490.0,31850.0,2024-07-02
2024070203015132,BFC,29,34,20.0,490.0,9800.0,2024-07-02
2024070203015131,BFC,29,45,383.0,490.0,187670.0,2024-07-02
2024070203015130,BFC,29,34,50.0,489.1,24455.0,2024-07-02
2024070203015129,BFC,29,45,80.0,489.1,39128.0,2024-07-02
2024070203015128,CFCL,45,8,100.0,479.0,47900.0,2024-07-02
2024070203015127,CFCL,7,8,20.0,479.0,9580.0,2024-07-02
2024070203015126,CFCL,6,8,10.0,479.0,4790.0,2024-07-02
2024070203015125,CFCL,57,8,200.0,479.7,95940.0,2024-07-02
2024070201026221,SNLI,43,44,10.0,468.0,4680.0,2024-07-02
2024070201026220,SNLI,43,57,10.0,468.0,4680.0,2024-07-02
2024070201026219,SNLI,43,5,10.0,467.0,4670.0,2024-07-02
2024070201026218,SNLI,43,34,10.0,467.0,4670.0,2024-07-02
2024070201026217,MANDU,19,33,17.0,1108.0,18836.0,2024-07-02
2024070201026216,MANDU,19,58,10.0,1106.7,11067.0,2024-07-02
2024070201026215,MANDU,19,14,10.0,1106.7,11067.0,2024-07-02
2024070201026214,MANDU,19,35,10.0,1106.7,11067.0,2024-07-02
2024070201026213,MANDU,19,65,33.0,1106.0,36498.0,2024-07-02
2024070201026212,MANDU,19,32,10.0,1101.0,11010.0,2024-07-02
2024070201026211,USHL,44,49,10.0,549.0,5490.0,2024-07-02
2024070201026210,USHL,44,25,400.0,549.0,219600.0,2024-07-02
2024070201026209,USHL,44,42,100.0,549.0,54900.0,2024-07-02
2024070201026208,USHL,44,56,50.0,549.0,27450.0,2024-07-02
2024070205005398,CHDC,36,39,10.0,1010.0,10100.0,2024-07-02
2024070205005397,HRL,53,1,54.0,550.0,29700.0,2024-07-02
2024070205005396,HRL,48,1,1000.0,550.0,550000.0,2024-07-02
2024070205005395,HRL,14,1,100.0,550.0,55000.0,2024-07-02
2024070205005394,HRL,62,1,200.0,550.0,110000.0,2024-07-02
2024070205005393,HRL,46,1,709.0,550.0,389950.0,2024-07-02
2024070205005392,HRL,39,1,10.0,550.1,5501.0,2024-07-02
2024070205005391,HRL,57,1,500.0,550.1,275050.0,2024-07-02
2024070205005390,HRL,62,1,100.0,550.3,55030.0,2024-07-02
2024070205005389,HRL,57,1,24.0,551.0,13224.0,2024-07-02
2024070205005388,HRL,45,1,500.0,551.0,275500.0,2024-07-02
2024070205005387,HRL,49,1,100.0,551.0,55100.0,2024-07-02
2024070205005386,HRL,26,1,25.0,551.0,13775.0,2024-07-02
2024070205005385,HRL,22,1,30.0,551.0,16530.0,2024-07-02
2024070205005384,HRL,19,1,200.0,551.0,110200.0,2024-07-02
2024070205005383,HRL,13,1,418.0,551.0,230318.0,2024-07-02
2024070205005382,HRL,13,1,30.0,551.1,16533.0,2024-07-02
2024070201026207,TVCL,33,36,10.0,490.0,4900.0,2024-07-02
2024070201026206,TVCL,56,36,10.0,490.0,4900.0,2024-07-02
2024070205005381,NRN,77,6,90.0,680.5,61245.0,2024-07-02
2024070201026205,SMJC,35,48,10.0,404.1,4041.0,2024-07-02
2024070204013179,UNHPL,22,8,90.0,240.7,21663.0,2024-07-02
2024070201026204,GBIME,25,41,189.0,181.0,34209.0,2024-07-02
2024070204013178,API,29,19,78.0,173.0,13494.0,2024-07-02
2024070204013177,API,29,57,100.0,173.0,17300.0,2024-07-02
2024070204013176,API,29,45,10.0,173.0,1730.0,2024-07-02
2024070204013175,API,29,53,22.0,173.0,3806.0,2024-07-02
2024070204013174,API,29,10,100.0,172.6,17260.0,2024-07-02
2024070201026203,MKJC,53,10,50.0,641.2,32060.0,2024-07-02
2024070203015124,MFIL,45,57,10.0,541.0,5410.0,2024-07-02
2024070201026202,MKCL,34,38,54.0,1327.0,71658.0,2024-07-02
2024070201026201,MKCL,34,14,13.0,1327.0,17251.0,2024-07-02
2024070203015123,HLI,1,38,173.0,379.0,65567.0,2024-07-02
2024070203015122,MPFL,36,38,75.0,514.0,38550.0,2024-07-02
2024070203015121,MPFL,36,74,25.0,514.0,12850.0,2024-07-02
2024070203015120,SHINE,1,38,25.0,384.0,9600.0,2024-07-02
2024070203015119,SHINE,1,34,163.0,384.0,62592.0,2024-07-02
2024070203015118,CFCL,51,52,104.0,480.0,49920.0,2024-07-02
2024070203015117,GLBSL,49,49,40.0,1775.0,71000.0,2024-07-02
2024070204013173,PPCL,26,45,80.0,240.0,19200.0,2024-07-02
2024070204013172,PPCL,26,13,60.0,240.0,14400.0,2024-07-02
2024070201026200,PCBL,48,56,400.0,202.0,80800.0,2024-07-02
2024070203015116,PFL,57,35,500.0,600.9,300450.0,2024-07-02
2024070201026199,MAKAR,4,8,56.0,474.2,26555.2,2024-07-02
2024070201026198,MAKAR,4,42,100.0,474.0,47400.0,2024-07-02
2024070201026197,MAKAR,4,54,10.0,474.0,4740.0,2024-07-02
2024070201026196,MAKAR,4,68,100.0,474.0,47400.0,2024-07-02
2024070201026195,MAKAR,4,55,10.0,471.2,4712.0,2024-07-02
2024070201026194,MAKAR,4,57,10.0,471.0,4710.0,2024-07-02
2024070201026193,MAKAR,4,20,200.0,471.0,94200.0,2024-07-02
2024070201026192,MAKAR,4,94,300.0,471.0,141300.0,2024-07-02
2024070201026191,MAKAR,4,61,100.0,470.2,47020.0,2024-07-02
2024070201026190,MAKAR,4,66,50.0,470.0,23500.0,2024-07-02
2024070201026189,MAKAR,4,38,50.0,470.0,23500.0,2024-07-02
2024070201026188,MAKAR,4,41,200.0,470.0,94000.0,2024-07-02
2024070201026187,MAKAR,4,46,50.0,470.0,23500.0,2024-07-02
2024070201026186,MAKAR,4,58,10.0,470.0,4700.0,2024-07-02
2024070201026185,MAKAR,4,52,10.0,470.0,4700.0,2024-07-02
2024070201026184,MAKAR,4,58,20.0,470.0,9400.0,2024-07-02
2024070201026183,MAKAR,4,49,10.0,470.0,4700.0,2024-07-02
2024070201026182,MAKAR,4,45,10.0,470.0,4700.0,2024-07-02
2024070201026181,MAKAR,4,35,60.0,470.0,28200.0,2024-07-02
2024070201026180,MAKAR,4,21,10.0,470.0,4700.0,2024-07-02
2024070201026179,MAKAR,4,8,500.0,469.5,234750.0,2024-07-02
2024070201026178,MAKAR,4,34,134.0,469.5,62913.0,2024-07-02
2024070203015115,SAPDBL,88,32,50.0,377.0,18850.0,2024-07-02
2024070204013171,API,42,58,177.0,172.5,30532.5,2024-07-02
2024070204013170,HPPL,17,94,500.0,297.0,148500.0,2024-07-02
2024070201026177,PCBL,19,56,379.0,202.0,76558.0,2024-07-02
2024070201026176,PCBL,19,56,97.0,202.0,19594.0,2024-07-02
2024070201026175,GCIL,44,17,150.0,479.0,71850.0,2024-07-02
2024070201026174,GCIL,44,34,50.0,479.0,23950.0,2024-07-02
2024070203015114,KSBBL,44,49,18.0,382.0,6876.0,2024-07-02
2024070203015113,KSBBL,44,1,50.0,382.0,19100.0,2024-07-02
2024070203015112,KSBBL,44,17,10.0,382.0,3820.0,2024-07-02
2024070203015111,KSBBL,44,38,12.0,382.0,4584.0,2024-07-02
2024070203015110,KSBBL,44,34,80.0,381.0,30480.0,2024-07-02
2024070203015109,KSBBL,44,74,90.0,381.0,34290.0,2024-07-02
2024070201026173,SCB,21,45,400.0,574.0,229600.0,2024-07-02
2024070201026172,SCB,21,54,100.0,573.9,57390.0,2024-07-02
2024070201026171,MKCL,28,49,10.0,1327.0,13270.0,2024-07-02
2024070201026170,RNLI,55,36,50.0,429.3,21465.0,2024-07-02
2024070201026169,HHL,40,17,100.0,368.0,36800.0,2024-07-02
2024070201026168,RAWA,1,54,18.0,571.9,10294.2,2024-07-02
2024070201026167,RAWA,1,57,12.0,571.9,6862.8,2024-07-02
2024070203015108,CORBL,98,14,15.0,570.0,8550.0,2024-07-02
2024070203015107,CORBL,21,14,35.0,570.0,19950.0,2024-07-02
2024070203015106,MLBL,42,56,50.0,327.0,16350.0,2024-07-02
2024070201026166,CLI,58,62,156.0,490.0,76440.0,2024-07-02
2024070201026165,CLI,57,62,44.0,490.0,21560.0,2024-07-02
2024070201026164,SBL,50,6,65.0,250.0,16250.0,2024-07-02
2024070203015105,PROFL,57,39,238.0,408.1,97127.8,2024-07-02
2024070203015104,PROFL,52,39,162.0,408.1,66112.2,2024-07-02
2024070203015103,PROFL,80,39,500.0,408.4,204200.0,2024-07-02
2024070203015102,PROFL,32,39,100.0,408.5,40850.0,2024-07-02
2024070201026163,RHGCL,32,74,100.0,348.0,34800.0,2024-07-02
2024070205005380,HRL,13,55,10.0,551.1,5511.0,2024-07-02
2024070205005379,HRL,32,55,10.0,551.2,5512.0,2024-07-02
2024070201026162,MEL,58,48,100.0,225.0,22500.0,2024-07-02
2024070201026161,MEL,58,57,10.0,225.0,2250.0,2024-07-02
2024070201026160,MEL,58,63,10.0,225.0,2250.0,2024-07-02
2024070201026159,MEL,58,46,10.0,225.0,2250.0,2024-07-02
2024070201026158,MEL,58,42,20.0,225.0,4500.0,2024-07-02
2024070201026157,MEL,58,58,20.0,225.0,4500.0,2024-07-02
2024070201026156,MEL,58,38,10.0,225.0,2250.0,2024-07-02
2024070201026155,MEL,58,57,10.0,225.0,2250.0,2024-07-02
2024070201026154,MEL,58,55,10.0,225.0,2250.0,2024-07-02
2024070203015101,FMDBL,41,43,110.0,668.0,73480.0,2024-07-02
2024070203015100,FMDBL,41,1,90.0,668.0,60120.0,2024-07-02
2024070201026153,SONA,58,11,70.0,441.0,30870.0,2024-07-02
2024070201026152,SONA,33,11,20.0,441.1,8822.0,2024-07-02
2024070201026151,SONA,42,11,10.0,443.0,4430.0,2024-07-02
2024070201026150,MEHL,45,17,25.0,347.0,8675.0,2024-07-02
2024070201026149,MEHL,53,17,85.0,347.0,29495.0,2024-07-02
2024070204013169,AKJCL,50,34,210.0,210.0,44100.0,2024-07-02
2024070203015099,GFCL,34,59,180.0,642.0,115560.0,2024-07-02
2024070204013168,GHL,34,49,200.0,150.0,30000.0,2024-07-02
2024070203015098,NMFBS,81,6,52.0,1305.0,67860.0,2024-07-02
2024070201026148,NRM,50,45,10.0,395.2,3952.0,2024-07-02
2024070201026147,EHPL,65,39,13.0,561.0,7293.0,2024-07-02
2024070201026146,EHPL,65,34,10.0,561.0,5610.0,2024-07-02
2024070201026145,EHPL,65,32,10.0,561.0,5610.0,2024-07-02
2024070201026144,EHPL,65,34,10.0,561.0,5610.0,2024-07-02
2024070201026143,EHPL,65,34,50.0,560.4,28020.0,2024-07-02
2024070201026142,EHPL,65,44,10.0,560.0,5600.0,2024-07-02
2024070201026141,EHPL,65,56,42.0,560.0,23520.0,2024-07-02
2024070201026140,EHPL,65,10,50.0,560.0,28000.0,2024-07-02
2024070201026139,EHPL,65,20,10.0,560.0,5600.0,2024-07-02
2024070201026138,EHPL,65,10,20.0,560.0,11200.0,2024-07-02
2024070201026137,EHPL,65,33,95.0,559.0,53105.0,2024-07-02
2024070201026136,EHPL,65,25,180.0,558.9,100602.0,2024-07-02
2024070201026135,SMJC,48,42,10.0,407.9,4079.0,2024-07-02
2024070203015097,DDBL,13,33,10.0,783.9,7839.0,2024-07-02
2024070203015096,SHINE,58,88,100.0,383.0,38300.0,2024-07-02
2024070201026134,BHL,14,54,10.0,362.9,3629.0,2024-07-02
2024070201026133,BHL,14,48,10.0,362.0,3620.0,2024-07-02
2024070204013167,NHPC,50,14,300.0,145.5,43650.0,2024-07-02
2024070203015095,JSLBB,50,29,17.0,1360.0,23120.0,2024-07-02
2024070203015094,CFCL,49,52,103.0,480.0,49440.0,2024-07-02
2024070203015093,CFCL,49,52,10.0,480.0,4800.0,2024-07-02
2024070203015092,CFCL,49,42,10.0,480.0,4800.0,2024-07-02
2024070203015091,CFCL,49,62,10.0,480.0,4800.0,2024-07-02
2024070203015090,CFCL,49,57,367.0,480.0,176160.0,2024-07-02
2024070201026132,SARBTM,53,51,32.0,803.0,25696.0,2024-07-02
2024070201026131,MHL,63,22,10.0,559.0,5590.0,2024-07-02
2024070203015089,NICLBSL,41,35,15.0,644.0,9660.0,2024-07-02
2024070203015088,NICLBSL,41,58,10.0,640.0,6400.0,2024-07-02
2024070205005378,NBF2,49,41,9527.0,9.0,85743.0,2024-07-02
2024070203015087,SDLBSL,25,10,10.0,1081.0,10810.0,2024-07-02
2024070203015086,SDLBSL,13,10,150.0,1081.0,162150.0,2024-07-02
2024070203015085,SDLBSL,34,10,50.0,1081.0,54050.0,2024-07-02
2024070201026130,SCB,71,58,800.0,573.0,458400.0,2024-07-02
2024070203015084,EDBL,50,41,45.0,389.2,17514.0,2024-07-02
2024070201026129,HDL,58,65,19.0,1248.0,23712.0,2024-07-02
2024070201026128,HDL,58,42,15.0,1248.0,18720.0,2024-07-02
2024070201026127,MBJC,58,80,50.0,302.0,15100.0,2024-07-02
2024070201026126,MBJC,58,29,170.0,302.0,51340.0,2024-07-02
2024070201026125,MBJC,58,11,10.0,302.0,3020.0,2024-07-02
2024070201026124,MBJC,58,38,10.0,302.0,3020.0,2024-07-02
2024070201026123,MBJC,58,52,10.0,302.0,3020.0,2024-07-02
2024070201026122,MBJC,58,46,10.0,302.0,3020.0,2024-07-02
2024070201026121,MBJC,58,58,10.0,302.0,3020.0,2024-07-02
2024070201026120,MBJC,58,22,10.0,301.8,3018.0,2024-07-02
2024070201026119,MBJC,58,38,10.0,301.5,3015.0,2024-07-02
2024070201026118,MBJC,58,58,10.0,301.0,3010.0,2024-07-02
2024070201026117,MBJC,58,33,10.0,301.0,3010.0,2024-07-02
2024070201026116,MBJC,58,34,10.0,301.0,3010.0,2024-07-02
2024070201026115,MBJC,58,11,100.0,301.0,30100.0,2024-07-02
2024070201026114,MBJC,58,58,20.0,301.0,6020.0,2024-07-02
2024070201026113,MBJC,58,29,10.0,301.0,3010.0,2024-07-02
2024070201026112,MBJC,58,17,10.0,301.0,3010.0,2024-07-02
2024070201026111,MBJC,58,45,10.0,301.0,3010.0,2024-07-02
2024070201026110,MBJC,58,36,10.0,301.0,3010.0,2024-07-02
2024070201026109,MBJC,58,38,10.0,300.9,3009.0,2024-07-02
2024070201026108,MBJC,58,6,10.0,300.1,3001.0,2024-07-02
2024070201026107,CLI,57,58,10.0,490.0,4900.0,2024-07-02
2024070201026106,MMKJL,58,6,95.0,506.0,48070.0,2024-07-02
2024070201026105,MMKJL,58,32,10.0,506.0,5060.0,2024-07-02
2024070201026104,MMKJL,58,6,100.0,505.6,50560.0,2024-07-02
2024070201026103,MMKJL,58,6,50.0,505.5,25275.0,2024-07-02
2024070201026102,MMKJL,58,45,10.0,505.0,5050.0,2024-07-02
2024070201026101,MMKJL,58,34,10.0,505.0,5050.0,2024-07-02
2024070201026100,MMKJL,58,38,10.0,505.0,5050.0,2024-07-02
2024070201026099,MMKJL,58,49,10.0,505.0,5050.0,2024-07-02
2024070201026098,MMKJL,58,58,25.0,505.0,12625.0,2024-07-02
2024070201026097,MMKJL,58,59,500.0,504.0,252000.0,2024-07-02
2024070204013166,MHNL,47,41,10.0,243.0,2430.0,2024-07-02
2024070203015083,FOWAD,44,57,15.0,1310.0,19650.0,2024-07-02
2024070203015082,FOWAD,44,47,50.0,1309.9,65495.0,2024-07-02
2024070203015081,FOWAD,44,34,45.0,1309.0,58905.0,2024-07-02
2024070203015080,FOWAD,44,26,40.0,1305.0,52200.0,2024-07-02
2024070203015079,FOWAD,44,38,50.0,1300.0,65000.0,2024-07-02
2024070205005377,NRN,77,38,400.0,680.5,272200.0,2024-07-02
2024070201026096,HBL,34,19,10.0,183.0,1830.0,2024-07-02
2024070201026095,HBL,34,22,70.0,182.9,12803.0,2024-07-02
2024070201026094,LSL,56,53,440.0,156.2,68728.0,2024-07-02
2024070201026093,SPL,42,49,83.0,751.1,62341.3,2024-07-02
2024070204013165,UPPER,51,33,20.0,158.8,3176.0,2024-07-02
2024070203015078,SWMF,81,44,200.0,872.9,174580.0,2024-07-02
2024070203015077,SWMF,81,18,47.0,872.8,41021.6,2024-07-02
2024070204013164,NHPC,35,38,27.0,146.0,3942.0,2024-07-02
2024070204013163,NHPC,35,35,62.0,146.0,9052.0,2024-07-02
2024070204013162,NHPC,35,22,200.0,146.0,29200.0,2024-07-02
2024070204013161,NHPC,35,13,700.0,145.9,102130.0,2024-07-02
2024070204013160,NHPC,35,47,500.0,145.9,72950.0,2024-07-02
2024070204013159,NHPC,35,59,300.0,145.7,43710.0,2024-07-02
2024070201026092,SHIVM,55,48,398.0,486.0,193428.0,2024-07-02
2024070201026091,SHIVM,55,34,99.0,486.0,48114.0,2024-07-02
2024070201026090,SHIVM,55,84,111.0,485.9,53934.9,2024-07-02
2024070201026089,SHIVM,55,47,200.0,485.0,97000.0,2024-07-02
2024070201026088,SHIVM,55,34,192.0,485.0,93120.0,2024-07-02
2024070203015076,GUFL,16,47,70.0,703.0,49210.0,2024-07-02
2024070201026087,HDL,52,16,147.0,1243.0,182721.0,2024-07-02
2024070201026086,HDL,58,16,100.0,1243.0,124300.0,2024-07-02
2024070201026085,HDL,56,16,40.0,1244.0,49760.0,2024-07-02
2024070201026084,HDL,45,16,12.0,1245.0,14940.0,2024-07-02
2024070201026083,HDL,46,16,136.0,1245.0,169320.0,2024-07-02
2024070201026082,HDL,34,16,275.0,1245.0,342375.0,2024-07-02
2024070201026081,HDL,51,16,50.0,1245.0,62250.0,2024-07-02
2024070201026080,HDL,45,16,50.0,1245.0,62250.0,2024-07-02
2024070201026079,HDL,26,16,50.0,1245.0,62250.0,2024-07-02
2024070201026078,HDL,52,16,100.0,1246.0,124600.0,2024-07-02
2024070201026077,HDL,51,16,40.0,1246.0,49840.0,2024-07-02
2024070201026076,CITY,57,19,105.0,708.0,74340.0,2024-07-02
2024070201026075,CITY,57,44,95.0,708.0,67260.0,2024-07-02
2024070201026074,CITY,57,58,10.0,708.0,7080.0,2024-07-02
2024070201026073,CITY,57,32,10.0,708.0,7080.0,2024-07-02
2024070201026072,CITY,57,22,80.0,708.0,56640.0,2024-07-02
2024070201026071,HDL,45,42,35.0,1248.0,43680.0,2024-07-02
2024070201026070,HDL,45,61,15.0,1247.0,18705.0,2024-07-02
2024070201026069,UHEWA,57,13,100.0,478.0,47800.0,2024-07-02
2024070203015075,GLBSL,41,49,10.0,1775.0,17750.0,2024-07-02
2024070201026068,RNLI,41,36,69.0,429.5,29635.5,2024-07-02
2024070201026067,RNLI,41,49,11.0,429.3,4722.3,2024-07-02
2024070203015074,MLBL,42,17,500.0,327.0,163500.0,2024-07-02
2024070203015073,MLBL,42,33,90.0,327.0,29430.0,2024-07-02
2024070203015072,MLBL,42,52,100.0,326.5,32650.0,2024-07-02
2024070204013158,HDHPC,42,49,30.0,131.5,3945.0,2024-07-02
2024070204013157,SSHL,58,44,300.0,173.0,51900.0,2024-07-02
2024070203015071,JFL,41,28,400.0,631.1,252440.0,2024-07-02
2024070201026066,RHGCL,21,38,90.0,348.0,31320.0,2024-07-02
2024070203015070,GBBL,36,45,91.0,364.0,33124.0,2024-07-02
2024070203015069,GBBL,36,22,109.0,364.0,39676.0,2024-07-02
2024070201026065,MHL,63,38,10.0,559.0,5590.0,2024-07-02
2024070204013156,CHL,17,38,115.0,310.0,35650.0,2024-07-02
2024070203015068,KSBBL,33,74,10.0,381.0,3810.0,2024-07-02
2024070204013155,LEC,52,56,111.0,180.0,19980.0,2024-07-02
2024070204013154,LEC,44,56,373.0,180.0,67140.0,2024-07-02
2024070203015067,LLBS,49,8,10.0,1225.0,12250.0,2024-07-02
2024070204013153,MEN,16,83,1500.0,585.1,877650.0,2024-07-02
2024070203015066,GLBSL,57,49,10.0,1775.0,17750.0,2024-07-02
2024070203015065,SWBBL,42,71,250.0,857.1,214275.0,2024-07-02
2024070203015064,SWBBL,58,71,150.0,857.3,128595.0,2024-07-02
2024070203015063,SWBBL,57,71,100.0,858.0,85800.0,2024-07-02
2024070203015062,PROFL,22,57,200.0,408.5,81700.0,2024-07-02
2024070203015061,SINDU,47,20,10.0,419.8,4198.0,2024-07-02
2024070201026064,PHCL,41,58,10.0,311.0,3110.0,2024-07-02
2024070201026063,MKCL,28,22,10.0,1326.0,13260.0,2024-07-02
2024070203015060,NMLBBL,17,25,50.0,670.0,33500.0,2024-07-02
2024070201026062,SANIMA,48,17,500.0,254.0,127000.0,2024-07-02
2024070205005376,STC,17,55,10.0,4698.0,46980.0,2024-07-02
2024070203015059,GBLBS,38,94,100.0,779.0,77900.0,2024-07-02
2024070203015058,JFL,34,4,37.0,631.2,23354.4,2024-07-02
2024070203015057,JFL,34,60,63.0,631.2,39765.6,2024-07-02
2024070203015056,WNLB,18,49,40.0,1420.0,56800.0,2024-07-02
2024070203015055,BFC,48,26,100.0,485.2,48520.0,2024-07-02
2024070203015054,BFC,57,26,500.0,486.0,243000.0,2024-07-02
2024070203015053,BFC,7,26,1400.0,488.0,683200.0,2024-07-02
2024070204013152,SHL,14,6,500.0,426.0,213000.0,2024-07-02
2024070203015052,SJLIC,50,57,50.0,408.3,20415.0,2024-07-02
2024070203015051,NLIC,50,44,75.0,585.0,43875.0,2024-07-02
2024070201026061,CKHL,42,55,10.0,615.0,6150.0,2024-07-02
2024070201026060,CKHL,42,21,10.0,614.0,6140.0,2024-07-02
2024070201026059,CKHL,42,58,10.0,614.0,6140.0,2024-07-02
2024070201026058,CKHL,42,90,30.0,614.0,18420.0,2024-07-02
2024070201026057,ILI,57,37,10.0,426.0,4260.0,2024-07-02
2024070201026056,ILI,57,40,10.0,426.0,4260.0,2024-07-02
2024070201026055,ILI,57,58,10.0,426.0,4260.0,2024-07-02
2024070201026054,ILI,57,8,10.0,426.0,4260.0,2024-07-02
2024070201026053,ILI,57,34,10.0,426.0,4260.0,2024-07-02
2024070204013151,JOSHI,36,58,200.0,292.0,58400.0,2024-07-02
2024070201026052,UHEWA,57,36,32.0,478.0,15296.0,2024-07-02
2024070201026051,UHEWA,37,36,100.0,478.9,47890.0,2024-07-02
2024070203015050,JFL,41,58,200.0,631.1,126220.0,2024-07-02
2024070204013150,UPCL,47,45,22.0,195.0,4290.0,2024-07-02
2024070205005375,SMATA,58,36,100.0,952.0,95200.0,2024-07-02
2024070204013149,TRH,6,5,60.0,758.1,45486.0,2024-07-02
2024070203015049,MNBBL,49,34,453.0,348.0,157644.0,2024-07-02
2024070201026050,NABIL,48,51,30.0,477.1,14313.0,2024-07-02
2024070201026049,MSHL,42,51,10.0,665.0,6650.0,2024-07-02
2024070201026048,BEDC,34,21,50.0,432.0,21600.0,2024-07-02
2024070201026047,MBL,5,45,113.0,174.6,19729.8,2024-07-02
2024070201026046,PCBL,35,56,100.0,202.0,20200.0,2024-07-02
2024070201026045,PRVU,50,32,10.0,146.9,1469.0,2024-07-02
2024070203015048,MPFL,42,74,100.0,514.0,51400.0,2024-07-02
2024070203015047,MPFL,49,74,20.0,514.0,10280.0,2024-07-02
2024070203015046,NFS,41,22,1000.0,881.1,881100.0,2024-07-02
2024070205005374,HRL,13,43,20.0,551.1,11022.0,2024-07-02
2024070205005373,HRL,43,43,280.0,551.2,154336.0,2024-07-02
2024070204013148,RIDI,32,53,20.0,164.7,3294.0,2024-07-02
2024070201026044,ADBL,19,77,853.0,272.0,232016.0,2024-07-02
2024070201026043,ADBL,19,38,841.0,271.0,227911.0,2024-07-02
2024070201026042,ADBL,19,28,1000.0,271.0,271000.0,2024-07-02
2024070201026041,ADBL,19,40,247.0,270.9,66912.3,2024-07-02
2024070201026040,ADBL,19,8,1129.0,270.9,305846.1,2024-07-02
2024070201026039,ADBL,19,17,30.0,270.8,8124.0,2024-07-02
2024070201026038,MBLD87,52,54,25.0,986.0,24650.0,2024-07-02
2024070203015045,LICN,55,57,50.0,1362.5,68125.0,2024-07-02
2024070201026037,HDL,47,61,85.0,1247.0,105995.0,2024-07-02
2024070201026036,NWCL,10,7,20.0,893.0,17860.0,2024-07-02
2024070205005372,HRL,29,50,130.0,552.0,71760.0,2024-07-02
2024070201026035,MEHL,53,25,265.0,347.0,91955.0,2024-07-02
2024070201026034,MEHL,6,25,1000.0,347.0,347000.0,2024-07-02
2024070201026033,MEHL,57,25,500.0,347.0,173500.0,2024-07-02
2024070201026032,MEHL,45,25,100.0,347.1,34710.0,2024-07-02
2024070201026031,MEHL,58,25,100.0,347.1,34710.0,2024-07-02
2024070201026030,MEHL,49,25,35.0,347.2,12152.0,2024-07-02
2024070201026029,SMJC,35,45,10.0,404.1,4041.0,2024-07-02
2024070204013147,LEC,44,70,100.0,183.0,18300.0,2024-07-02
2024070204013146,LEC,44,3,300.0,182.9,54870.0,2024-07-02
2024070201026028,SBI,44,44,108.0,300.0,32400.0,2024-07-02
2024070201026027,SBI,44,22,218.0,300.0,65400.0,2024-07-02
2024070204013145,API,42,36,176.0,172.5,30360.0,2024-07-02
2024070204013144,API,57,36,24.0,172.6,4142.4,2024-07-02
2024070203015044,JBBL,35,38,40.0,289.6,11584.0,2024-07-02
2024070201026026,EHPL,62,25,20.0,558.9,11178.0,2024-07-02
2024070201026025,EHPL,62,10,10.0,558.4,5584.0,2024-07-02
2024070201026024,EHPL,62,28,100.0,558.0,55800.0,2024-07-02
2024070201026023,EHPL,62,57,10.0,557.0,5570.0,2024-07-02
2024070201026022,EHPL,62,21,10.0,555.0,5550.0,2024-07-02
2024070201026021,GCIL,36,49,527.0,478.5,252169.5,2024-07-02
2024070203015043,GBLBS,6,94,20.0,779.0,15580.0,2024-07-02
2024070201026020,ULHC,36,34,10.0,395.2,3952.0,2024-07-02
2024070203015042,LLBS,69,8,10.0,1225.0,12250.0,2024-07-02
2024070203015041,JFL,41,35,10.0,631.1,6311.0,2024-07-02
2024070205005371,NTC,39,52,50.0,819.4,40970.0,2024-07-02
2024070203015040,MDB,64,74,300.0,512.0,153600.0,2024-07-02
2024070203015039,BFC,42,45,220.0,489.1,107602.0,2024-07-02
2024070203015038,NABBC,8,57,13.0,559.0,7267.0,2024-07-02
2024070203015037,NABBC,8,39,52.0,559.0,29068.0,2024-07-02
2024070203015036,NABBC,8,63,365.0,558.5,203852.5,2024-07-02
2024070203015035,NABBC,8,34,180.0,558.4,100512.0,2024-07-02
2024070203015034,NABBC,8,6,390.0,556.0,216840.0,2024-07-02
2024070203015033,GBLBS,6,29,500.0,775.0,387500.0,2024-07-02
2024070201026019,MKCL,19,72,202.0,1321.0,266842.0,2024-07-02
2024070201026018,MKCL,57,72,20.0,1322.1,26442.0,2024-07-02
2024070201026017,MKCL,4,72,10.0,1323.0,13230.0,2024-07-02
2024070201026016,MKCL,17,72,23.0,1323.1,30431.3,2024-07-02
2024070204013143,SGIC,45,42,190.0,553.0,105070.0,2024-07-02
2024070204013142,HPPL,4,1,65.0,299.0,19435.0,2024-07-02
2024070201026015,HDL,58,42,100.0,1248.0,124800.0,2024-07-02
2024070201026014,HDL,58,42,80.0,1248.0,99840.0,2024-07-02
2024070204013141,MEN,16,54,740.0,585.1,432974.0,2024-07-02
2024070204013140,MEN,38,54,260.0,588.0,152880.0,2024-07-02
2024070203015032,JFL,41,38,300.0,631.1,189330.0,2024-07-02
2024070204013139,HEI,68,43,10.0,607.8,6078.0,2024-07-02
2024070204013138,NGPL,38,25,50.0,311.8,15590.0,2024-07-02
2024070201026013,MMKJL,29,49,500.0,501.0,250500.0,2024-07-02
2024070203015031,SFCL,42,35,125.0,443.0,55375.0,2024-07-02
2024070201026012,MEHL,13,25,100.0,348.0,34800.0,2024-07-02
2024070203015030,PFL,57,35,50.0,600.9,30045.0,2024-07-02
2024070203015029,PFL,57,41,90.0,600.9,54081.0,2024-07-02
2024070203015028,PFL,57,37,397.0,600.7,238477.9,2024-07-02
2024070205005370,NRN,77,60,100.0,680.5,68050.0,2024-07-02
2024070201026011,HDL,41,42,100.0,1248.0,124800.0,2024-07-02
2024070204013137,RADHI,36,66,30.0,256.4,7692.0,2024-07-02
2024070203015027,JFL,41,1,100.0,631.1,63110.0,2024-07-02
2024070201026010,SPHL,19,50,50.0,572.1,28605.0,2024-07-02
2024070203015026,SFCL,42,7,10.0,443.0,4430.0,2024-07-02
2024070204013136,AKJCL,49,58,10.0,211.0,2110.0,2024-07-02
2024070204013135,MEN,38,22,500.0,588.0,294000.0,2024-07-02
2024070204013134,MEN,38,67,240.0,586.0,140640.0,2024-07-02
2024070204013133,DHPL,56,49,25.0,208.0,5200.0,2024-07-02
2024070204013132,DHPL,56,72,480.0,208.0,99840.0,2024-07-02
2024070201026009,NBL,34,43,36.0,217.9,7844.4,2024-07-02
2024070204013131,AHPC,52,52,133.0,155.1,20628.3,2024-07-02
2024070204013130,AHPC,47,52,317.0,155.1,49166.7,2024-07-02
2024070204013129,AHPC,25,52,50.0,155.2,7760.0,2024-07-02
2024070203015025,FOWAD,38,32,30.0,1291.0,38730.0,2024-07-02
2024070203015024,FOWAD,57,32,20.0,1295.0,25900.0,2024-07-02
2024070201026008,BEDC,32,21,25.0,432.0,10800.0,2024-07-02
2024070201026007,BEDC,19,21,500.0,432.0,216000.0,2024-07-02
2024070201026006,BEDC,49,21,500.0,432.1,216050.0,2024-07-02
2024070203015023,MNBBL,28,45,11.0,349.0,3839.0,2024-07-02
2024070203015022,VLBS,58,45,30.0,1014.2,30426.0,2024-07-02
2024070203015021,VLBS,58,1,70.0,1013.9,70973.0,2024-07-02
2024070203015020,VLBS,58,29,30.0,1013.0,30390.0,2024-07-02
2024070203015019,VLBS,58,16,220.0,1012.0,222640.0,2024-07-02
2024070203015018,VLBS,58,57,50.0,1011.0,50550.0,2024-07-02
2024070204013128,SHEL,26,91,532.0,157.0,83524.0,2024-07-02
2024070204013127,SHEL,26,37,1000.0,157.0,157000.0,2024-07-02
2024070205005369,HRL,43,49,10.0,551.2,5512.0,2024-07-02
2024070201026005,NYADI,62,40,10.0,340.0,3400.0,2024-07-02
2024070201026004,MANDU,71,6,198.0,1100.1,217819.8,2024-07-02
2024070201026003,MANDU,22,6,90.0,1100.2,99018.0,2024-07-02
2024070201026002,MANDU,19,6,22.0,1101.0,24222.0,2024-07-02
2024070201026001,MANDU,19,6,90.0,1101.0,99090.0,2024-07-02
2024070201026000,USHEC,18,39,34.0,480.0,16320.0,2024-07-02
2024070201025999,USHEC,18,52,26.0,479.8,12474.8,2024-07-02
2024070201025998,USHEC,18,25,100.0,479.5,47950.0,2024-07-02
2024070201025997,USHEC,18,75,10.0,479.4,4794.0,2024-07-02
2024070201025996,USHEC,18,7,40.0,479.4,19176.0,2024-07-02
2024070201025995,USHEC,18,39,90.0,479.1,43119.0,2024-07-02
2024070201025994,USHEC,18,38,200.0,479.0,95800.0,2024-07-02
2024070203015017,NLIC,50,34,25.0,585.0,14625.0,2024-07-02
2024070203015016,NLIC,65,34,200.0,585.0,117000.0,2024-07-02
2024070203015015,NLIC,26,34,20.0,585.0,11700.0,2024-07-02
2024070203015014,NLIC,59,34,255.0,585.0,149175.0,2024-07-02
2024070201025993,SHIVM,44,39,20.0,484.1,9682.0,2024-07-02
2024070201025992,NABIL,48,45,15.0,477.1,7156.5,2024-07-02
2024070203015013,SFCL,42,22,100.0,443.0,44300.0,2024-07-02
2024070203015012,SFCL,58,22,100.0,443.2,44320.0,2024-07-02
2024070203015011,ICFC,45,40,180.0,567.8,102204.0,2024-07-02
2024070203015010,ICFC,45,22,20.0,567.0,11340.0,2024-07-02
2024070203015009,JBBL,59,14,1000.0,290.0,290000.0,2024-07-02
2024070201025991,CLI,57,41,10.0,490.0,4900.0,2024-07-02
2024070204013126,RADHI,34,25,75.0,255.0,19125.0,2024-07-02
2024070204013125,DHPL,95,72,10.0,208.0,2080.0,2024-07-02
2024070203015008,HLI,1,48,101.0,379.0,38279.0,2024-07-02
2024070204013124,HURJA,42,14,255.0,281.0,71655.0,2024-07-02
2024070204013123,HURJA,95,14,290.0,281.0,81490.0,2024-07-02
2024070204013122,HURJA,34,14,355.0,281.1,99790.5,2024-07-02
2024070204013121,HURJA,35,14,50.0,282.0,14100.0,2024-07-02
2024070201025990,MHL,63,14,10.0,559.0,5590.0,2024-07-02
2024070203015007,KSBBL,51,40,18.0,378.0,6804.0,2024-07-02
2024070204013120,MEN,81,67,100.0,586.0,58600.0,2024-07-02
2024070203015006,GBBL,40,32,50.0,363.5,18175.0,2024-07-02
2024070201025989,HHL,40,19,70.0,368.0,25760.0,2024-07-02
2024070204013119,CHL,17,34,585.0,310.0,181350.0,2024-07-02
2024070204013118,CHL,42,34,415.0,310.0,128650.0,2024-07-02
2024070201025988,MAKAR,4,34,366.0,469.5,171837.0,2024-07-02
2024070201025987,MAKAR,4,45,130.0,469.4,61022.0,2024-07-02
2024070201025986,MAKAR,4,4,100.0,468.9,46890.0,2024-07-02
2024070201025985,MAKAR,4,38,10.0,468.2,4682.0,2024-07-02
2024070201025984,MAKAR,4,28,19.0,468.0,8892.0,2024-07-02
2024070201025983,MAKAR,4,66,100.0,468.0,46800.0,2024-07-02
2024070201025982,MAKAR,4,45,10.0,467.0,4670.0,2024-07-02
2024070201025981,MAKAR,4,74,455.0,467.0,212485.0,2024-07-02
2024070201025980,MAKAR,4,14,10.0,466.0,4660.0,2024-07-02
2024070204013117,RADHI,53,66,10.0,256.4,2564.0,2024-07-02
2024070204013116,UNHPL,26,8,10.0,240.7,2407.0,2024-07-02
2024070203015005,SHINE,58,56,520.0,383.0,199160.0,2024-07-02
2024070201025979,MBJC,58,6,50.0,300.0,15000.0,2024-07-02
2024070204013115,PRIN,49,40,162.0,805.0,130410.0,2024-07-02
2024070204013114,HDHPC,52,48,12.0,131.2,1574.4,2024-07-02
2024070201025978,PRVU,13,35,150.0,147.6,22140.0,2024-07-02
2024070203015004,MFIL,32,21,30.0,540.1,16203.0,2024-07-02
2024070203015003,MSLB,44,45,10.0,1337.0,13370.0,2024-07-02
2024070204013113,UPCL,17,1,343.0,195.7,67125.1,2024-07-02
2024070204013112,UPCL,17,58,357.0,195.5,69793.5,2024-07-02
2024070203015002,FMDBL,5,1,10.0,668.0,6680.0,2024-07-02
2024070203015001,FMDBL,5,54,10.0,666.9,6669.0,2024-07-02
2024070201025977,HDL,42,58,100.0,1247.1,124710.0,2024-07-02
2024070204013111,CGH,28,56,437.0,851.1,371930.7,2024-07-02
2024070204013110,CGH,42,56,10.0,851.1,8511.0,2024-07-02
2024070204013109,CGH,25,56,20.0,851.2,17024.0,2024-07-02
2024070201025976,CLI,57,51,10.0,490.0,4900.0,2024-07-02
2024070201025975,GVL,41,66,200.0,585.0,117000.0,2024-07-02
2024070201025974,HHL,34,19,200.0,368.0,73600.0,2024-07-02
2024070204013108,BARUN,34,13,100.0,304.1,30410.0,2024-07-02
2024070204013107,SSHL,22,43,500.0,172.2,86100.0,2024-07-02
2024070204013106,AKJCL,43,58,175.0,211.0,36925.0,2024-07-02
2024070205005368,HRL,58,50,10.0,552.0,5520.0,2024-07-02
2024070203015000,CFCL,50,57,633.0,480.0,303840.0,2024-07-02
2024070203014999,CFCL,50,3,10.0,480.0,4800.0,2024-07-02
2024070203014998,CFCL,50,44,50.0,480.0,24000.0,2024-07-02
2024070203014997,CFCL,50,61,207.0,480.0,99360.0,2024-07-02
2024070203014996,CFCL,50,38,100.0,479.7,47970.0,2024-07-02
2024070201025973,KBL,1,43,94.0,141.5,13301.0,2024-07-02
2024070201025972,RAWA,1,34,20.0,572.0,11440.0,2024-07-02
2024070201025971,RAWA,1,58,15.0,570.0,8550.0,2024-07-02
2024070203014995,JFL,41,5,350.0,631.1,220885.0,2024-07-02
2024070201025970,HIDCLP,19,44,224.0,98.2,21996.8,2024-07-02
2024070203014994,NMFBS,81,45,48.0,1305.0,62640.0,2024-07-02
2024070203014993,NMFBS,38,45,59.0,1305.0,76995.0,2024-07-02
2024070205005367,NRN,77,54,500.0,680.5,340250.0,2024-07-02
2024070204013105,TRH,6,6,44.0,758.1,33356.4,2024-07-02
2024070203014992,ALBSL,33,14,122.0,998.0,121756.0,2024-07-02
2024070203014991,ALBSL,33,4,10.0,997.0,9970.0,2024-07-02
2024070203014990,ALBSL,33,34,50.0,996.9,49845.0,2024-07-02
2024070203014989,ALBSL,33,13,18.0,996.5,17937.0,2024-07-02
2024070201025969,SMH,52,42,20.0,809.9,16198.0,2024-07-02
2024070201025968,SMH,52,34,80.0,809.8,64784.0,2024-07-02
2024070203014988,SDLBSL,13,10,11.0,1082.0,11902.0,2024-07-02
2024070203014987,NLIC,59,29,245.0,585.0,143325.0,2024-07-02
2024070203014986,NLIC,17,29,100.0,585.0,58500.0,2024-07-02
2024070203014985,NLIC,17,29,60.0,585.1,35106.0,2024-07-02
2024070203014984,NLIC,43,29,10.0,585.1,5851.0,2024-07-02
2024070203014983,NLIC,58,29,60.0,585.1,35106.0,2024-07-02
2024070203014982,NLIC,43,29,15.0,585.3,8779.5,2024-07-02
2024070203014981,NLIC,45,29,10.0,585.3,5853.0,2024-07-02
2024070204013104,MEN,16,59,450.0,585.1,263295.0,2024-07-02
2024070204013103,MEN,81,59,50.0,585.2,29260.0,2024-07-02
2024070204013102,MEN,41,59,200.0,585.3,117060.0,2024-07-02
2024070204013101,MEN,26,59,200.0,585.5,117100.0,2024-07-02
2024070203014980,NFS,41,42,97.0,881.0,85457.0,2024-07-02
2024070204013100,UAIL,45,25,20.0,570.0,11400.0,2024-07-02
2024070204013099,SJCL,57,32,190.0,262.0,49780.0,2024-07-02
2024070203014979,GFCL,34,5,150.0,641.1,96165.0,2024-07-02
2024070203014978,GFCL,49,5,50.0,642.0,32100.0,2024-07-02
2024070203014977,GFCL,56,5,300.0,644.0,193200.0,2024-07-02
2024070203014976,KMCDB,62,59,11.0,1082.0,11902.0,2024-07-02
2024070203014975,KMCDB,62,61,100.0,1081.9,108190.0,2024-07-02
2024070203014974,KMCDB,62,56,39.0,1070.0,41730.0,2024-07-02
2024070201025967,NABIL,65,38,300.0,478.0,143400.0,2024-07-02
2024070201025966,EHPL,51,42,10.0,555.0,5550.0,2024-07-02
2024070201025965,MBJC,58,45,10.0,300.0,3000.0,2024-07-02
2024070203014973,SJLIC,18,34,50.0,408.9,20445.0,2024-07-02
2024070201025964,MEL,34,32,10.0,225.0,2250.0,2024-07-02
2024070201025963,MEL,34,58,10.0,224.0,2240.0,2024-07-02
2024070201025962,MEL,34,58,10.0,224.0,2240.0,2024-07-02
2024070201025961,MEL,34,11,10.0,224.0,2240.0,2024-07-02
2024070201025960,MEL,34,59,130.0,224.0,29120.0,2024-07-02
2024070201025959,TSHL,44,34,70.0,543.9,38073.0,2024-07-02
2024070201025958,RHGCL,21,32,260.0,348.0,90480.0,2024-07-02
2024070201025957,RHGCL,86,32,1000.0,348.0,348000.0,2024-07-02
2024070201025956,RHGCL,42,32,40.0,348.1,13924.0,2024-07-02
2024070201025955,RHGCL,50,32,300.0,348.2,104460.0,2024-07-02
2024070205005366,HIDCL,32,58,115.0,164.5,18917.5,2024-07-02
2024070204013098,GHL,34,32,70.0,150.0,10500.0,2024-07-02
2024070201025954,PRVU,55,32,1144.0,147.0,168168.0,2024-07-02
2024070205005365,NRIC,13,35,100.0,653.0,65300.0,2024-07-02
2024070201025953,BGWT,65,22,231.0,899.0,207669.0,2024-07-02
2024070201025952,BGWT,48,22,100.0,899.0,89900.0,2024-07-02
2024070201025951,BGWT,14,22,30.0,900.0,27000.0,2024-07-02
2024070201025950,BGWT,51,22,50.0,900.0,45000.0,2024-07-02
2024070201025949,BGWT,25,22,69.0,900.0,62100.0,2024-07-02
2024070201025948,BGWT,54,22,20.0,901.0,18020.0,2024-07-02
2024070201025947,PCBL,22,56,10.0,202.0,2020.0,2024-07-02
2024070201025946,PRVU,93,35,10.0,147.6,1476.0,2024-07-02
2024070201025945,NABIL,29,38,740.0,478.0,353720.0,2024-07-02
2024070201025944,NABIL,29,42,100.0,478.0,47800.0,2024-07-02
2024070201025943,NABIL,29,57,160.0,478.0,76480.0,2024-07-02
2024070201025942,SONA,25,14,10.0,443.4,4434.0,2024-07-02
2024070201025941,SONA,25,25,10.0,443.0,4430.0,2024-07-02
2024070201025940,SONA,25,58,10.0,443.0,4430.0,2024-07-02
2024070204013097,KKHC,57,21,40.0,224.0,8960.0,2024-07-02
2024070203014972,JFL,41,57,20.0,631.1,12622.0,2024-07-02
2024070205005364,HRL,43,57,110.0,551.2,60632.0,2024-07-02
2024070205005363,HRL,19,57,190.0,552.0,104880.0,2024-07-02
2024070201025939,NMB,14,34,207.0,196.2,40613.4,2024-07-02
2024070201025938,NMB,14,3,183.0,196.0,35868.0,2024-07-02
2024070201025937,NMB,14,35,19.0,196.0,3724.0,2024-07-02
2024070201025936,NMB,14,47,20.0,196.0,3920.0,2024-07-02
2024070201025935,NMB,14,32,71.0,196.0,13916.0,2024-07-02
2024070203014971,NFS,41,42,100.0,877.0,87700.0,2024-07-02
2024070205005362,SLCF,11,55,300.0,7.99,2397.0,2024-07-02
2024070201025934,HDL,14,41,100.0,1247.0,124700.0,2024-07-02
2024070203014970,PFL,42,41,62.0,600.0,37200.0,2024-07-02
2024070203014969,PFL,56,41,500.0,600.0,300000.0,2024-07-02
2024070203014968,PFL,14,41,438.0,600.1,262843.8,2024-07-02
2024070201025933,MKHC,57,40,50.0,331.0,16550.0,2024-07-02
2024070204013096,NHPC,50,41,20.0,145.5,2910.0,2024-07-02
2024070203014967,MPFL,49,13,200.0,514.0,102800.0,2024-07-02
2024070203014966,MPFL,49,48,112.0,514.0,57568.0,2024-07-02
2024070205005361,NRN,77,34,500.0,680.5,340250.0,2024-07-02
2024070204013095,UPPER,32,44,500.0,158.9,79450.0,2024-07-02
2024070203014965,SFCL,34,58,500.0,444.0,222000.0,2024-07-02
2024070201025932,DORDI,77,38,200.0,476.0,95200.0,2024-07-02
2024070201025931,SMJC,35,39,10.0,404.1,4041.0,2024-07-02
2024070203014964,MPFL,32,71,435.0,513.0,223155.0,2024-07-02
2024070203014963,MPFL,21,71,50.0,513.0,25650.0,2024-07-02
2024070203014962,MPFL,36,71,200.0,513.0,102600.0,2024-07-02
2024070203014961,MPFL,19,71,100.0,513.1,51310.0,2024-07-02
2024070203014960,MPFL,19,71,100.0,513.3,51330.0,2024-07-02
2024070203014959,MPFL,45,71,50.0,513.5,25675.0,2024-07-02
2024070203014958,MPFL,19,71,50.0,513.6,25680.0,2024-07-02
2024070203014957,MPFL,58,71,15.0,513.7,7705.5,2024-07-02
2024070201025930,MKHC,45,96,220.0,330.0,72600.0,2024-07-02
2024070201025929,USHL,50,56,100.0,549.0,54900.0,2024-07-02
2024070205005360,HIDCL,7,58,55.0,164.5,9047.5,2024-07-02
2024070203014956,MPFL,49,48,20.0,514.0,10280.0,2024-07-02
2024070203014955,PFL,14,40,62.0,600.1,37206.2,2024-07-02
2024070203014954,PFL,26,40,153.0,600.1,91815.3,2024-07-02
2024070203014953,NMLBBL,74,25,100.0,670.0,67000.0,2024-07-02
2024070203014952,ALBSL,55,57,18.0,995.0,17910.0,2024-07-02
2024070203014951,ALBSL,55,38,10.0,995.0,9950.0,2024-07-02
2024070201025928,ILI,42,11,10.0,426.0,4260.0,2024-07-02
2024070201025927,ILI,42,32,10.0,426.0,4260.0,2024-07-02
2024070201025926,ILI,42,6,10.0,426.0,4260.0,2024-07-02
2024070201025925,ILI,42,19,10.0,426.0,4260.0,2024-07-02
2024070201025924,ILI,42,44,10.0,425.9,4259.0,2024-07-02
2024070201025923,ILI,42,7,10.0,425.9,4259.0,2024-07-02
2024070203014950,JFL,41,38,927.0,631.1,585029.7,2024-07-02
2024070203014949,ICFC,14,29,40.0,566.0,22640.0,2024-07-02
2024070203014948,ICFC,35,29,15.0,566.0,8490.0,2024-07-02
2024070203014947,ICFC,35,29,45.0,566.0,25470.0,2024-07-02
2024070203014946,ALBSL,25,38,40.0,995.0,39800.0,2024-07-02
2024070201025922,SNLI,21,48,10.0,467.0,4670.0,2024-07-02
2024070203014945,NMLBBL,14,45,10.0,667.2,6672.0,2024-07-02
2024070204013094,LEC,44,3,700.0,182.9,128030.0,2024-07-02
2024070204013093,LEC,44,37,1000.0,182.0,182000.0,2024-07-02
2024070204013092,LEC,44,37,1000.0,182.0,182000.0,2024-07-02
2024070204013091,LEC,44,37,1000.0,182.0,182000.0,2024-07-02
2024070204013090,LEC,44,38,220.0,182.0,40040.0,2024-07-02
2024070204013089,LEC,44,71,500.0,181.9,90950.0,2024-07-02
2024070204013088,LEC,44,35,100.0,181.9,18190.0,2024-07-02
2024070204013087,LEC,44,35,200.0,181.8,36360.0,2024-07-02
2024070204013086,LEC,44,7,50.0,181.7,9085.0,2024-07-02
2024070204013085,LEC,44,57,40.0,181.0,7240.0,2024-07-02
2024070204013084,LEC,44,29,190.0,180.9,34371.0,2024-07-02
2024070201025921,USHL,44,42,10.0,548.9,5489.0,2024-07-02
2024070203014944,PROFL,48,45,10.0,409.0,4090.0,2024-07-02
2024070203014943,PROFL,50,45,100.0,409.0,40900.0,2024-07-02
2024070203014942,PROFL,17,45,24.0,409.0,9816.0,2024-07-02
2024070203014941,PROFL,34,45,50.0,409.1,20455.0,2024-07-02
2024070203014940,NFS,62,42,10.0,881.0,8810.0,2024-07-02
2024070203014939,PMLI,68,38,32.0,504.0,16128.0,2024-07-02
2024070203014938,PMLI,68,14,118.0,504.0,59472.0,2024-07-02
2024070203014937,PMLI,68,45,150.0,502.0,75300.0,2024-07-02
2024070204013083,UMRH,45,58,360.0,445.0,160200.0,2024-07-02
2024070204013082,UMRH,45,50,140.0,444.6,62244.0,2024-07-02
2024070204013081,HDHPC,39,48,288.0,131.2,37785.6,2024-07-02
2024070204013080,HDHPC,34,48,300.0,131.5,39450.0,2024-07-02
2024070201025920,MKJC,45,56,500.0,642.0,321000.0,2024-07-02
2024070203014936,SJLIC,49,34,35.0,408.9,14311.5,2024-07-02
2024070205005359,CIT,16,49,73.0,2115.1,154402.3,2024-07-02
2024070205005358,CIT,45,49,10.0,2117.0,21170.0,2024-07-02
2024070205005357,CIT,10,49,34.0,2117.0,71978.0,2024-07-02
2024070205005356,CIT,57,49,130.0,2118.0,275340.0,2024-07-02
2024070204013079,HPPL,4,49,135.0,299.0,40365.0,2024-07-02
2024070203014935,FOWAD,38,32,30.0,1291.0,38730.0,2024-07-02
2024070203014934,FOWAD,22,32,20.0,1292.0,25840.0,2024-07-02
2024070205005355,NTC,34,52,10.0,819.4,8194.0,2024-07-02
2024070201025919,SRLI,58,57,10.0,444.0,4440.0,2024-07-02
2024070205005354,NRN,39,6,10.0,681.7,6817.0,2024-07-02
2024070201025918,PPL,38,8,11.0,463.5,5098.5,2024-07-02
2024070201025917,SMHL,70,94,390.0,606.0,236340.0,2024-07-02
2024070201025916,SMHL,26,94,30.0,608.0,18240.0,2024-07-02
2024070201025915,SMHL,34,94,80.0,609.0,48720.0,2024-07-02
2024070201025914,MKCL,25,34,24.0,1327.0,31848.0,2024-07-02
2024070201025913,MKCL,25,14,10.0,1327.0,13270.0,2024-07-02
2024070201025912,MKCL,25,38,16.0,1326.0,21216.0,2024-07-02
2024070201025911,SARBTM,44,26,100.0,803.9,80390.0,2024-07-02
2024070201025910,IHL,36,38,251.0,434.9,109159.9,2024-07-02
2024070201025909,IHL,36,42,80.0,434.0,34720.0,2024-07-02
2024070201025908,IHL,36,58,10.0,434.0,4340.0,2024-07-02
2024070201025907,IHL,36,46,229.0,434.0,99386.0,2024-07-02
2024070201025906,IHL,36,21,10.0,434.0,4340.0,2024-07-02
2024070201025905,IHL,36,38,10.0,434.0,4340.0,2024-07-02
2024070201025904,IHL,36,32,300.0,433.5,130050.0,2024-07-02
2024070201025903,IHL,36,58,10.0,432.9,4329.0,2024-07-02
2024070201025902,IHL,36,38,100.0,432.9,43290.0,2024-07-02
2024070204013078,UPPER,28,44,401.0,158.9,63718.9,2024-07-02
2024070205005353,HIDCL,17,58,30.0,164.5,4935.0,2024-07-02
2024070205005352,HIDCL,17,45,10.0,164.5,1645.0,2024-07-02
2024070201025901,TAMOR,17,81,120.0,396.5,47580.0,2024-07-02
2024070201025900,TAMOR,42,81,100.0,396.8,39680.0,2024-07-02
2024070201025899,TAMOR,82,81,500.0,397.0,198500.0,2024-07-02
2024070201025898,TAMOR,34,81,180.0,397.1,71478.0,2024-07-02
2024070201025897,TAMOR,82,81,500.0,398.0,199000.0,2024-07-02
2024070201025896,SANIMA,48,41,500.0,254.0,127000.0,2024-07-02
2024070204013077,NICL,64,86,75.0,841.0,63075.0,2024-07-02
2024070204013076,NICL,58,86,11.0,841.1,9252.1,2024-07-02
2024070204013075,NICL,51,86,10.0,841.2,8412.0,2024-07-02
2024070201025895,RAWA,54,52,10.0,567.0,5670.0,2024-07-02
2024070203014933,PFL,45,37,100.0,600.7,60070.0,2024-07-02
2024070204013074,PRIN,49,34,20.0,805.0,16100.0,2024-07-02
2024070201025894,PPL,49,58,90.0,464.0,41760.0,2024-07-02
2024070203014932,PFL,38,37,20.0,600.7,12014.0,2024-07-02
2024070205005351,NRN,77,21,845.0,680.5,575022.5,2024-07-02
2024070205005350,NRN,7,21,100.0,681.0,68100.0,2024-07-02
2024070205005349,NRN,57,21,55.0,681.0,37455.0,2024-07-02
2024070201025893,MEHL,36,25,400.0,348.0,139200.0,2024-07-02
2024070204013073,SHL,42,6,100.0,426.0,42600.0,2024-07-02
2024070203014931,ALBSL,42,70,83.0,994.0,82502.0,2024-07-02
2024070201025892,DLBS,26,49,155.0,1258.0,194990.0,2024-07-02
2024070201025891,PRVU,33,35,10.0,147.6,1476.0,2024-07-02
2024070201025890,SGHC,13,48,80.0,339.0,27120.0,2024-07-02
2024070204013072,SHEL,22,57,15.0,157.0,2355.0,2024-07-02
2024070204013071,SHEL,22,80,350.0,157.0,54950.0,2024-07-02
2024070204013070,SHEL,22,58,40.0,157.0,6280.0,2024-07-02
2024070204013069,SHEL,22,35,145.0,157.0,22765.0,2024-07-02
2024070201025889,JALPA,34,62,15.0,1310.0,19650.0,2024-07-02
2024070201025888,NWCL,45,7,10.0,893.0,8930.0,2024-07-02
2024070204013068,NICL,51,59,90.0,841.2,75708.0,2024-07-02
2024070201025887,BHDC,17,57,10.0,584.9,5849.0,2024-07-02
2024070201025886,BHDC,17,54,10.0,580.0,5800.0,2024-07-02
2024070203014930,JSLBB,50,39,20.0,1359.0,27180.0,2024-07-02
2024070204013067,IGI,7,1,10.0,530.5,5305.0,2024-07-02
2024070203014929,CFCL,49,7,100.0,479.9,47990.0,2024-07-02
2024070205005348,HRL,66,29,18.0,552.9,9952.2,2024-07-02
2024070205005347,HRL,66,22,100.0,552.9,55290.0,2024-07-02
2024070205005346,HRL,66,43,12.0,552.8,6633.6,2024-07-02
2024070201025885,GVL,66,66,50.0,588.0,29400.0,2024-07-02
2024070201025884,MHL,63,22,10.0,559.0,5590.0,2024-07-02
2024070201025883,MLBS,35,34,35.0,1350.1,47253.5,2024-07-02
2024070201025882,MLBS,10,34,15.0,1351.0,20265.0,2024-07-02
2024070204013066,RADHI,34,8,10.0,255.0,2550.0,2024-07-02
2024070203014928,PFL,45,37,50.0,600.7,30035.0,2024-07-02
2024070203014927,VLBS,38,1,20.0,1005.1,20102.0,2024-07-02
2024070203014926,VLBS,32,1,80.0,1006.1,80488.0,2024-07-02
2024070205005345,KDBY,78,54,100.0,9.2,920.0,2024-07-02
2024070203014925,HLI,26,48,50.0,379.0,18950.0,2024-07-02
2024070201025881,EHPL,50,34,10.0,546.1,5461.0,2024-07-02
2024070201025880,SAHAS,51,58,10.0,511.0,5110.0,2024-07-02
2024070203014924,NFS,61,42,13.0,881.0,11453.0,2024-07-02
2024070205005344,NRN,57,14,19.0,681.0,12939.0,2024-07-02
2024070203014923,PFL,26,35,47.0,600.1,28204.7,2024-07-02
2024070203014922,PFL,36,35,50.0,600.5,30025.0,2024-07-02
2024070203014921,PFL,50,35,103.0,600.5,61851.5,2024-07-02
2024070203014920,PFL,43,35,70.0,600.6,42042.0,2024-07-02
2024070203014919,PFL,38,35,230.0,600.6,138138.0,2024-07-02
2024070205005343,NRN,57,55,70.0,681.0,47670.0,2024-07-02
2024070201025879,JBLB,22,90,50.0,1330.0,66500.0,2024-07-02
2024070203014918,JFL,29,60,127.0,631.2,80162.4,2024-07-02
2024070201025878,SHIVM,44,37,392.0,484.1,189767.2,2024-07-02
2024070201025877,SHIVM,22,37,408.0,484.2,197553.6,2024-07-02
2024070201025876,MCHL,58,41,200.0,428.2,85640.0,2024-07-02
2024070201025875,NICA,32,50,100.0,418.0,41800.0,2024-07-02
2024070201025874,NICA,25,50,10.0,418.0,4180.0,2024-07-02
2024070201025873,NICA,17,50,265.0,418.0,110770.0,2024-07-02
2024070203014917,KLBSL,39,54,20.0,980.0,19600.0,2024-07-02
2024070204013065,HURJA,95,45,210.0,281.0,59010.0,2024-07-02
2024070204013064,HURJA,44,45,380.0,281.0,106780.0,2024-07-02
2024070204013063,HURJA,39,45,60.0,282.0,16920.0,2024-07-02
2024070204013062,HURJA,57,45,100.0,282.2,28220.0,2024-07-02
2024070204013061,HURJA,42,45,50.0,282.3,14115.0,2024-07-02
2024070205005342,HRL,19,6,10.0,552.0,5520.0,2024-07-02
2024070201025872,USHEC,13,51,10.0,475.5,4755.0,2024-07-02
2024070203014916,SINDU,56,45,50.0,419.0,20950.0,2024-07-02
2024070201025871,SONA,43,6,10.0,442.0,4420.0,2024-07-02
2024070203014915,HLBSL,55,49,62.0,1300.1,80606.2,2024-07-02
2024070201025870,TVCL,49,49,10.0,488.0,4880.0,2024-07-02
2024070201025869,GBIME,25,45,47.0,181.0,8507.0,2024-07-02
2024070203014914,NABBC,63,63,44.0,558.5,24574.0,2024-07-02
2024070203014913,NABBC,63,71,16.0,558.0,8928.0,2024-07-02
2024070203014912,NABBC,63,8,140.0,557.0,77980.0,2024-07-02
2024070204013060,OHL,10,81,5.0,765.0,3825.0,2024-07-02
2024070204013059,OHL,10,13,25.0,765.0,19125.0,2024-07-02
2024070203014911,SIFC,16,60,346.0,464.0,160544.0,2024-07-02
2024070203014910,SIFC,49,60,454.0,465.0,211110.0,2024-07-02
2024070201025868,NYADI,62,34,10.0,340.0,3400.0,2024-07-02
2024070204013058,KKHC,34,34,10.0,225.0,2250.0,2024-07-02
2024070201025867,NABIL,35,36,10.0,477.0,4770.0,2024-07-02
2024070205005341,CIT,57,34,100.0,2118.0,211800.0,2024-07-02
2024070201025866,RNLI,51,14,11.0,429.2,4721.2,2024-07-02
2024070203014909,SIFC,49,11,500.0,465.0,232500.0,2024-07-02
2024070203014908,SIFC,49,16,46.0,465.0,21390.0,2024-07-02
2024070201025865,BHPL,35,48,10.0,651.0,6510.0,2024-07-02
2024070204013057,GLH,13,35,30.0,214.0,6420.0,2024-07-02
2024070201025864,MBL,5,71,10.0,174.6,1746.0,2024-07-02
2024070201025863,MBL,50,71,10.0,174.7,1747.0,2024-07-02
2024070204013056,HDHPC,39,8,212.0,131.2,27814.4,2024-07-02
2024070204013055,HDHPC,59,8,15.0,131.3,1969.5,2024-07-02
2024070204013054,HDHPC,59,8,73.0,131.6,9606.8,2024-07-02
2024070203014907,PFL,50,37,50.0,600.7,30035.0,2024-07-02
2024070203014906,PFL,8,37,20.0,600.7,12014.0,2024-07-02
2024070201025862,BNHC,44,70,300.0,645.0,193500.0,2024-07-02
2024070201025861,NICA,42,52,10.0,418.5,4185.0,2024-07-02
2024070205005340,ENL,68,95,329.0,1076.1,354036.9,2024-07-02
2024070205005339,ENL,68,95,171.0,1076.1,184013.1,2024-07-02
2024070201025860,MEHL,36,48,100.0,348.0,34800.0,2024-07-02
2024070201025859,HATHY,32,33,291.0,931.2,270979.2,2024-07-02
2024070201025858,HATHY,56,33,29.0,932.0,27028.0,2024-07-02
2024070201025857,NABIL,32,57,40.0,478.0,19120.0,2024-07-02
2024070201025856,NABIL,32,3,50.0,478.0,23900.0,2024-07-02
2024070201025855,NABIL,32,42,110.0,478.0,52580.0,2024-07-02
2024070203014905,NFS,41,13,10.0,877.0,8770.0,2024-07-02
2024070203014904,JFL,29,11,112.0,631.2,70694.4,2024-07-02
2024070203014903,JFL,47,11,200.0,631.3,126260.0,2024-07-02
2024070203014902,SJLIC,58,34,20.0,408.9,8178.0,2024-07-02
2024070203014901,PFL,8,17,80.0,600.7,48056.0,2024-07-02
2024070203014900,PFL,66,17,40.0,600.8,24032.0,2024-07-02
2024070204013053,NHPC,53,41,300.0,145.5,43650.0,2024-07-02
2024070201025854,PPL,49,53,100.0,464.0,46400.0,2024-07-02
2024070203014899,KMCDB,5,56,100.0,1070.0,107000.0,2024-07-02
2024070203014898,KMCDB,77,56,110.0,1074.9,118239.0,2024-07-02
2024070203014897,KMCDB,77,56,110.0,1075.1,118261.0,2024-07-02
2024070203014896,KMCDB,77,56,50.0,1077.6,53880.0,2024-07-02
2024070203014895,KMCDB,77,56,91.0,1078.9,98179.9,2024-07-02
2024070201025853,SONA,43,48,10.0,442.0,4420.0,2024-07-02
2024070203014894,SFCL,42,39,35.0,443.0,15505.0,2024-07-02
2024070203014893,CBBL,11,39,30.0,830.5,24915.0,2024-07-02
2024070203014892,GFCL,22,69,100.0,645.0,64500.0,2024-07-02
2024070201025852,NABIL,88,42,10.0,478.0,4780.0,2024-07-02
2024070204013052,HPPL,8,88,49.0,296.7,14538.3,2024-07-02
2024070204013051,HPPL,14,88,500.0,297.0,148500.0,2024-07-02
2024070204013050,HPPL,65,88,65.0,297.0,19305.0,2024-07-02
2024070204013049,HPPL,11,88,50.0,297.0,14850.0,2024-07-02
2024070204013048,HPPL,32,88,186.0,297.0,55242.0,2024-07-02
2024070204013047,HPPL,77,88,500.0,297.0,148500.0,2024-07-02
2024070204013046,HPPL,38,88,100.0,297.1,29710.0,2024-07-02
2024070204013045,HPPL,86,88,50.0,297.1,14855.0,2024-07-02
2024070201025851,NABIL,35,41,110.0,477.0,52470.0,2024-07-02
2024070203014891,PMLI,7,5,25.0,500.0,12500.0,2024-07-02
2024070203014890,PMLI,41,5,25.0,501.0,12525.0,2024-07-02
2024070204013044,RADHI,53,48,10.0,256.3,2563.0,2024-07-02
2024070203014889,ILBS,18,55,50.0,1240.0,62000.0,2024-07-02
2024070203014888,ILBS,18,14,30.0,1240.0,37200.0,2024-07-02
2024070203014887,ILBS,18,14,20.0,1235.0,24700.0,2024-07-02
2024070203014886,ILBS,18,14,10.0,1234.0,12340.0,2024-07-02
2024070203014885,ILBS,18,25,100.0,1232.0,123200.0,2024-07-02
2024070203014884,ILBS,18,14,20.0,1232.0,24640.0,2024-07-02
2024070203014883,ILBS,18,72,41.0,1232.0,50512.0,2024-07-02
2024070203014882,ILBS,18,4,39.0,1231.0,48009.0,2024-07-02
2024070203014881,ILBS,18,66,10.0,1231.0,12310.0,2024-07-02
2024070203014880,ILBS,18,58,10.0,1231.0,12310.0,2024-07-02
2024070203014879,ILBS,18,77,20.0,1231.0,24620.0,2024-07-02
2024070201025850,GCIL,6,41,10.0,478.9,4789.0,2024-07-02
2024070201025849,JBLB,13,90,30.0,1330.0,39900.0,2024-07-02
2024070204013043,UMHL,39,42,10.0,242.0,2420.0,2024-07-02
2024070201025848,GVL,66,80,73.0,584.1,42639.3,2024-07-02
2024070201025847,HDL,44,42,20.0,1248.0,24960.0,2024-07-02
2024070203014878,SABSL,29,84,80.0,986.0,78880.0,2024-07-02
2024070203014877,SABSL,49,84,50.0,986.5,49325.0,2024-07-02
2024070203014876,SABSL,16,84,50.0,987.0,49350.0,2024-07-02
2024070204013042,HDHPC,59,17,27.0,131.6,3553.2,2024-07-02
2024070201025846,CLI,57,58,10.0,490.0,4900.0,2024-07-02
2024070201025845,TVCL,42,36,500.0,490.0,245000.0,2024-07-02
2024070203014875,CORBL,64,29,75.0,578.0,43350.0,2024-07-02
2024070203014874,CORBL,64,50,125.0,577.0,72125.0,2024-07-02
2024070203014873,CORBL,64,10,50.0,577.0,28850.0,2024-07-02
2024070203014872,CORBL,64,63,50.0,576.0,28800.0,2024-07-02
2024070201025844,NRM,52,42,10.0,398.0,3980.0,2024-07-02
2024070201025843,NRM,52,26,50.0,397.9,19895.0,2024-07-02
2024070201025842,BNHC,52,70,10.0,645.0,6450.0,2024-07-02
2024070201025841,NABIL,55,42,180.0,478.0,86040.0,2024-07-02
2024070201025840,NABIL,55,49,420.0,478.0,200760.0,2024-07-02
2024070201025839,NABIL,55,45,400.0,477.9,191160.0,2024-07-02
2024070201025838,PRVU,55,51,100.0,147.0,14700.0,2024-07-02
2024070203014871,SLBBL,16,42,30.0,810.0,24300.0,2024-07-02
2024070205005338,CHDC,33,39,35.0,1010.0,35350.0,2024-07-02
2024070201025837,MEHL,18,25,1000.0,348.0,348000.0,2024-07-02
2024070201025836,MEHL,45,25,100.0,348.0,34800.0,2024-07-02
2024070201025835,MEHL,55,25,180.0,348.0,62640.0,2024-07-02
2024070201025834,MEHL,13,25,500.0,348.1,174050.0,2024-07-02
2024070201025833,PCBL,47,56,1793.0,202.0,362186.0,2024-07-02
2024070201025832,PCBL,47,17,100.0,202.0,20200.0,2024-07-02
2024070201025831,PCBL,47,6,40.0,202.0,8080.0,2024-07-02
2024070201025830,PCBL,47,44,10.0,202.0,2020.0,2024-07-02
2024070201025829,PCBL,47,41,57.0,202.0,11514.0,2024-07-02
2024070201025828,PCBL,47,29,2000.0,201.8,403600.0,2024-07-02
2024070201025827,PCBL,47,29,950.0,201.8,191710.0,2024-07-02
2024070203014870,PFL,42,41,50.0,600.9,30045.0,2024-07-02
2024070201025826,MKLB,58,17,50.0,1189.0,59450.0,2024-07-02
2024070201025825,MKLB,58,26,90.0,1189.0,107010.0,2024-07-02
2024070201025824,MKLB,58,26,400.0,1189.0,475600.0,2024-07-02
2024070205005337,HRL,57,6,190.0,552.0,104880.0,2024-07-02
2024070201025823,CLI,57,49,10.0,490.0,4900.0,2024-07-02
2024070201025822,CLI,57,42,10.0,490.0,4900.0,2024-07-02
2024070201025821,CLI,57,38,26.0,490.0,12740.0,2024-07-02
2024070201025820,CLI,57,41,10.0,490.0,4900.0,2024-07-02
2024070201025819,CLI,57,25,10.0,490.0,4900.0,2024-07-02
2024070201025818,CLI,57,35,10.0,490.0,4900.0,2024-07-02
2024070201025817,CLI,57,49,10.0,490.0,4900.0,2024-07-02
2024070201025816,CLI,57,49,10.0,490.0,4900.0,2024-07-02
2024070201025815,CLI,57,16,10.0,490.0,4900.0,2024-07-02
2024070201025814,CLI,57,32,10.0,490.0,4900.0,2024-07-02
2024070204013041,LEC,44,14,127.0,180.0,22860.0,2024-07-02
2024070204013040,LEC,58,14,1023.0,180.1,184242.3,2024-07-02
2024070204013039,LEC,35,14,100.0,180.2,18020.0,2024-07-02
2024070201025813,GBIME,25,49,52.0,181.0,9412.0,2024-07-02
2024070201025812,GBIME,25,25,150.0,181.0,27150.0,2024-07-02
2024070201025811,GBIME,25,44,218.0,181.0,39458.0,2024-07-02
2024070201025810,GBIME,25,6,190.0,181.0,34390.0,2024-07-02
2024070201025809,GBIME,25,53,834.0,181.0,150954.0,2024-07-02
2024070204013038,RIDI,25,88,250.0,164.9,41225.0,2024-07-02
2024070201025808,JBLB,57,90,40.0,1330.0,53200.0,2024-07-02
2024070201025807,JBLB,47,90,22.0,1330.0,29260.0,2024-07-02
2024070204013037,UPPER,28,54,19.0,158.8,3017.2,2024-07-02
2024070203014869,ICFC,35,38,100.0,566.0,56600.0,2024-07-02
2024070203014868,JFL,42,34,10.0,632.0,6320.0,2024-07-02
2024070201025806,SNLI,36,6,10.0,465.2,4652.0,2024-07-02
2024070204013036,PMHPL,19,57,250.0,231.0,57750.0,2024-07-02
2024070205005336,PSF,57,4,1100.0,9.48,10428.0,2024-07-02
2024070205005335,PSF,57,1,100.0,9.3,930.0,2024-07-02
2024070204013035,RADHI,34,33,23.0,255.0,5865.0,2024-07-02
2024070201025805,SPL,42,16,60.0,751.1,45066.0,2024-07-02
2024070201025804,SPL,38,16,30.0,752.0,22560.0,2024-07-02
2024070201025803,NBL,29,43,40.0,217.9,8716.0,2024-07-02
2024070201025802,NBL,29,10,200.0,217.9,43580.0,2024-07-02
2024070201025801,NBL,29,40,50.0,217.9,10895.0,2024-07-02
2024070203014867,GUFL,17,36,100.0,702.5,70250.0,2024-07-02
2024070203014866,GUFL,38,5,28.0,704.0,19712.0,2024-07-02
2024070204013034,DHPL,14,49,440.0,204.0,89760.0,2024-07-02
2024070204013033,DHPL,57,49,220.0,204.0,44880.0,2024-07-02
2024070204013032,DHPL,71,49,500.0,204.3,102150.0,2024-07-02
2024070204013031,DHPL,52,49,200.0,205.0,41000.0,2024-07-02
2024070204013030,DHPL,52,49,400.0,205.0,82000.0,2024-07-02
2024070204013029,DHPL,46,49,200.0,205.0,41000.0,2024-07-02
2024070204013028,DHPL,42,49,10.0,205.5,2055.0,2024-07-02
2024070204013027,DHPL,42,49,10.0,206.1,2061.0,2024-07-02
2024070204013026,DHPL,42,49,10.0,206.5,2065.0,2024-07-02
2024070204013025,DHPL,42,49,10.0,207.5,2075.0,2024-07-02
2024070204013024,PRIN,49,42,1000.0,805.0,805000.0,2024-07-02
2024070204013023,PRIN,49,54,30.0,805.0,24150.0,2024-07-02
2024070204013022,PRIN,49,34,100.0,804.6,80460.0,2024-07-02
2024070204013021,PRIN,49,59,100.0,804.0,80400.0,2024-07-02
2024070204013020,PRIN,49,7,70.0,804.0,56280.0,2024-07-02
2024070204013019,PRIN,49,22,59.0,803.7,47418.3,2024-07-02
2024070204013018,PRIN,49,78,500.0,803.6,401800.0,2024-07-02
2024070204013017,PRIN,49,49,40.0,803.4,32136.0,2024-07-02
2024070201025800,PRVU,93,35,19.0,147.6,2804.4,2024-07-02
2024070201025799,PRVU,93,34,51.0,147.0,7497.0,2024-07-02
2024070201025798,MHCL,59,16,10.0,408.0,4080.0,2024-07-02
2024070201025797,HBL,14,45,50.0,182.8,9140.0,2024-07-02
2024070201025796,HBL,14,32,83.0,182.8,15172.4,2024-07-02
2024070201025795,MAKAR,4,74,545.0,467.0,254515.0,2024-07-02
