transaction,symbol,buyer,seller,quantity,rate,amount,date
2024102901018803,USHEC,22,54,10.0,580.0,5800.0,2024-10-29
2024102905013812,HIDCL,56,45,100.0,279.1,27910.0,2024-10-29
2024102903019602,NABBC,45,53,100.0,659.5,65950.0,2024-10-29
2024102903019601,ICFC,57,99,15.0,818.1,12271.5,2024-10-29
2024102903019600,ICFC,40,99,85.0,819.0,69615.0,2024-10-29
2024102903019599,ICFC,98,99,200.0,819.1,163820.0,2024-10-29
2024102901018802,RAWA,96,49,100.0,776.0,77600.0,2024-10-29
2024102903019598,GMFIL,81,33,57.0,650.0,37050.0,2024-10-29
2024102903019597,GMFIL,81,72,93.0,649.0,60357.0,2024-10-29
2024102901018801,MSHL,64,38,81.0,965.0,78165.0,2024-10-29
2024102901018800,MSHL,64,84,10.0,962.0,9620.0,2024-10-29
2024102901018799,MSHL,64,58,20.0,960.0,19200.0,2024-10-29
2024102901018798,MSHL,64,55,100.0,960.0,96000.0,2024-10-29
2024102901018797,MSHL,64,6,62.0,960.0,59520.0,2024-10-29
2024102901018796,MSHL,64,50,20.0,958.0,19160.0,2024-10-29
2024102901018795,MSHL,64,48,10.0,957.9,9579.0,2024-10-29
2024102901018794,MSHL,64,58,75.0,955.0,71625.0,2024-10-29
2024102901018793,MSHL,64,45,122.0,955.0,116510.0,2024-10-29
2024102904016397,SALICO,13,44,10.0,774.0,7740.0,2024-10-29
2024102905013811,PSF,94,13,10000.0,9.93,99300.0,2024-10-29
2024102903019596,GRDBL,20,38,10.0,775.0,7750.0,2024-10-29
2024102905013810,SFMF,41,37,116.0,10.18,1180.88,2024-10-29
2024102905013809,HRL,67,50,192.0,880.0,168960.0,2024-10-29
2024102905013808,HRL,67,34,100.0,879.9,87990.0,2024-10-29
2024102905013807,HRL,67,49,100.0,878.0,87800.0,2024-10-29
2024102905013806,HRL,67,70,100.0,878.0,87800.0,2024-10-29
2024102905013805,HRL,67,54,31.0,878.0,27218.0,2024-10-29
2024102905013804,HRL,67,50,467.0,878.0,410026.0,2024-10-29
2024102905013803,HRL,67,38,10.0,877.4,8774.0,2024-10-29
2024102904016396,SPDL,41,38,10.0,317.9,3179.0,2024-10-29
2024102903019595,NLIC,16,45,10.0,840.0,8400.0,2024-10-29
2024102901018792,BHPL,36,55,10.0,688.0,6880.0,2024-10-29
2024102903019594,MPFL,71,57,10.0,774.0,7740.0,2024-10-29
2024102905013802,PHCL,71,41,10.0,544.0,5440.0,2024-10-29
2024102904016395,UPPER,29,57,55.0,221.0,12155.0,2024-10-29
2024102901018791,MLBS,26,29,75.0,1610.0,120750.0,2024-10-29
2024102901018790,MLBS,42,29,15.0,1610.9,24163.5,2024-10-29
2024102901018789,CZBIL,29,22,80.0,242.0,19360.0,2024-10-29
2024102903019593,SFCL,41,14,139.0,798.5,110991.5,2024-10-29
2024102903019592,SFCL,14,14,50.0,798.6,39930.0,2024-10-29
2024102903019591,SFCL,17,14,100.0,798.6,79860.0,2024-10-29
2024102903019590,SFCL,34,14,50.0,798.6,39930.0,2024-10-29
2024102903019589,SFCL,38,14,100.0,798.6,79860.0,2024-10-29
2024102903019588,SFCL,50,14,100.0,798.6,79860.0,2024-10-29
2024102903019587,SFCL,42,14,461.0,798.6,368154.6,2024-10-29
2024102905013801,PHCL,38,74,50.0,542.0,27100.0,2024-10-29
2024102901018788,TAMOR,95,80,10.0,517.0,5170.0,2024-10-29
2024102903019586,GILB,40,77,17.0,1235.0,20995.0,2024-10-29
2024102903019585,HLBSL,57,48,10.0,968.0,9680.0,2024-10-29
2024102903019584,RLFL,57,57,10.0,653.0,6530.0,2024-10-29
2024102904016394,SPIL,57,55,10.0,883.0,8830.0,2024-10-29
2024102903019583,KRBL,96,57,40.0,655.0,26200.0,2024-10-29
2024102901018787,NIMBPO,34,37,10.0,175.0,1750.0,2024-10-29
2024102901018786,MHCL,34,38,25.0,430.2,10755.0,2024-10-29
2024102905013800,NRM,6,52,10.0,451.5,4515.0,2024-10-29
2024102904016393,BARUN,34,39,10.0,399.9,3999.0,2024-10-29
2024102903019582,ACLBSL,52,50,10.0,1042.9,10429.0,2024-10-29
2024102903019581,NUBL,34,44,10.0,733.0,7330.0,2024-10-29
2024102905013799,MEL,34,45,100.0,297.0,29700.0,2024-10-29
2024102905013798,SMJC,51,34,180.0,598.0,107640.0,2024-10-29
2024102904016392,SPDL,88,34,10.0,317.1,3171.0,2024-10-29
2024102903019580,SMFBS,44,40,38.0,1547.0,58786.0,2024-10-29
2024102903019579,SMFBS,44,35,42.0,1545.0,64890.0,2024-10-29
2024102903019578,SMFBS,44,13,10.0,1544.9,15449.0,2024-10-29
2024102903019577,SMFBS,44,13,10.0,1544.8,15448.0,2024-10-29
2024102903019576,NABBC,56,53,50.0,659.5,32975.0,2024-10-29
2024102903019575,EDBL,43,33,11.0,655.0,7205.0,2024-10-29
2024102904016391,PRIN,56,52,10.0,1004.0,10040.0,2024-10-29
2024102904016390,NLG,55,92,500.0,1355.0,677500.0,2024-10-29
2024102901018785,EBL,59,38,100.0,599.9,59990.0,2024-10-29
2024102903019574,ICFC,88,18,78.0,820.0,63960.0,2024-10-29
2024102901018784,MEHL,55,95,100.0,398.4,39840.0,2024-10-29
2024102904016389,HPPL,17,90,10.0,339.0,3390.0,2024-10-29
2024102904016388,JOSHI,17,25,32.0,316.0,10112.0,2024-10-29
2024102904016387,JOSHI,17,45,20.0,315.0,6300.0,2024-10-29
2024102904016386,JOSHI,17,38,198.0,315.0,62370.0,2024-10-29
2024102905013797,NRN,58,62,10.0,908.0,9080.0,2024-10-29
2024102903019573,PFL,58,44,10.0,669.0,6690.0,2024-10-29
2024102904016385,LEC,62,34,440.0,279.0,122760.0,2024-10-29
2024102905013796,RNLI,62,45,10.0,509.2,5092.0,2024-10-29
2024102904016384,LEC,62,20,210.0,279.0,58590.0,2024-10-29
2024102904016383,LEC,62,18,350.0,278.7,97545.0,2024-10-29
2024102903019572,PMLI,50,57,10.0,570.0,5700.0,2024-10-29
2024102903019571,PMLI,50,14,10.0,570.0,5700.0,2024-10-29
2024102903019570,PMLI,50,5,13.0,570.0,7410.0,2024-10-29
2024102901018783,USHL,62,51,10.0,792.8,7928.0,2024-10-29
2024102901018782,RFPL,62,34,20.0,629.0,12580.0,2024-10-29
2024102903019569,MDB,62,37,45.0,650.0,29250.0,2024-10-29
2024102903019568,MDB,62,71,155.0,650.0,100750.0,2024-10-29
2024102901018781,ULHC,45,57,10.0,443.0,4430.0,2024-10-29
2024102901018780,NWCL,45,90,10.0,1028.0,10280.0,2024-10-29
2024102905013795,SONA,1,58,10.0,487.0,4870.0,2024-10-29
2024102901018779,HBL,39,1,11.0,256.1,2817.1,2024-10-29
2024102901018778,CZBIL,1,22,30.0,242.0,7260.0,2024-10-29
2024102901018777,CZBIL,1,46,70.0,240.0,16800.0,2024-10-29
2024102903019567,JSLBB,54,62,10.0,1501.0,15010.0,2024-10-29
2024102901018776,SAMAJ,62,38,21.0,3629.0,76209.0,2024-10-29
2024102901018775,SAMAJ,62,50,20.0,3600.0,72000.0,2024-10-29
2024102903019566,MATRI,45,101,39.0,1425.0,55575.0,2024-10-29
2024102903019565,MATRI,45,6,10.0,1425.0,14250.0,2024-10-29
2024102903019564,MATRI,45,39,10.0,1425.0,14250.0,2024-10-29
2024102903019563,MATRI,45,58,61.0,1423.0,86803.0,2024-10-29
2024102903019562,MATRI,45,4,50.0,1422.0,71100.0,2024-10-29
2024102903019561,MATRI,45,90,80.0,1421.0,113680.0,2024-10-29
2024102904016382,HPPL,69,90,10.0,339.0,3390.0,2024-10-29
2024102904016381,RADHI,96,44,100.0,407.0,40700.0,2024-10-29
2024102904016380,RADHI,96,11,100.0,405.0,40500.0,2024-10-29
2024102903019560,MFIL,58,37,154.0,772.0,118888.0,2024-10-29
2024102903019559,MFIL,58,57,100.0,772.0,77200.0,2024-10-29
2024102903019558,MFIL,58,8,87.0,772.0,67164.0,2024-10-29
2024102903019557,MFIL,58,6,244.0,772.0,188368.0,2024-10-29
2024102903019556,MFIL,58,38,500.0,771.0,385500.0,2024-10-29
2024102903019555,MFIL,58,49,456.0,770.0,351120.0,2024-10-29
2024102903019554,MFIL,58,35,27.0,770.0,20790.0,2024-10-29
2024102903019553,MFIL,58,45,45.0,770.0,34650.0,2024-10-29
2024102903019552,MFIL,58,57,90.0,770.0,69300.0,2024-10-29
2024102903019551,MFIL,58,33,100.0,770.0,77000.0,2024-10-29
2024102903019550,MFIL,58,36,217.0,769.0,166873.0,2024-10-29
2024102903019549,MFIL,58,51,100.0,768.2,76820.0,2024-10-29
2024102903019548,MFIL,58,49,380.0,768.0,291840.0,2024-10-29
2024102901018774,MAKAR,4,5,10.0,569.0,5690.0,2024-10-29
2024102904016379,HDHPC,67,35,50.0,216.0,10800.0,2024-10-29
2024102905013794,SHIVM,41,47,110.0,606.0,66660.0,2024-10-29
2024102905013793,SHIVM,41,66,90.0,605.0,54450.0,2024-10-29
2024102905013792,HIDCL,56,16,100.0,279.1,27910.0,2024-10-29
2024102901018773,MKHL,8,58,11.0,560.0,6160.0,2024-10-29
2024102903019547,JSLBB,48,44,10.0,1516.0,15160.0,2024-10-29
2024102905013791,GCIL,58,48,355.0,506.1,179665.5,2024-10-29
2024102905013790,GCIL,1,48,10.0,506.2,5062.0,2024-10-29
2024102905013789,GCIL,41,48,100.0,506.3,50630.0,2024-10-29
2024102905013788,GCIL,17,48,23.0,506.4,11647.2,2024-10-29
2024102905013787,GCIL,60,48,50.0,506.5,25325.0,2024-10-29
2024102905013786,GCIL,32,48,50.0,506.7,25335.0,2024-10-29
2024102905013785,GCIL,54,48,80.0,506.7,40536.0,2024-10-29
2024102905013784,GCIL,57,48,100.0,507.0,50700.0,2024-10-29
2024102905013783,GCIL,32,48,100.0,507.0,50700.0,2024-10-29
2024102905013782,GCIL,32,48,100.0,507.0,50700.0,2024-10-29
2024102905013781,GCIL,35,48,100.0,507.0,50700.0,2024-10-29
2024102905013780,GCIL,34,48,77.0,507.0,39039.0,2024-10-29
2024102905013779,GCIL,1,48,10.0,507.1,5071.0,2024-10-29
2024102905013778,GCIL,18,48,130.0,507.2,65936.0,2024-10-29
2024102905013777,GCIL,55,48,11.0,507.2,5579.2,2024-10-29
2024102905013776,GCIL,36,48,84.0,507.5,42630.0,2024-10-29
2024102901018772,SNLI,35,51,915.0,615.0,562725.0,2024-10-29
2024102901018771,SNLI,35,52,85.0,614.0,52190.0,2024-10-29
2024102903019546,SINDU,74,56,30.0,736.0,22080.0,2024-10-29
2024102904016378,KPCL,59,60,15.0,505.8,7587.0,2024-10-29
2024102904016377,KPCL,21,60,25.0,508.0,12700.0,2024-10-29
2024102904016376,SALICO,33,44,10.0,774.0,7740.0,2024-10-29
2024102901018770,MEHL,67,7,500.0,396.0,198000.0,2024-10-29
2024102904016375,HPPL,54,90,10.0,339.0,3390.0,2024-10-29
2024102903019545,MDB,77,71,10.0,650.0,6500.0,2024-10-29
2024102901018769,MHCL,57,38,25.0,430.2,10755.0,2024-10-29
2024102903019544,RSDC,34,43,19.0,747.0,14193.0,2024-10-29
2024102903019543,RSDC,34,57,20.0,746.0,14920.0,2024-10-29
2024102903019542,RSDC,34,81,310.0,745.0,230950.0,2024-10-29
2024102903019541,RSDC,34,54,50.0,745.0,37250.0,2024-10-29
2024102903019540,RSDC,34,34,30.0,745.0,22350.0,2024-10-29
2024102903019539,RSDC,34,26,10.0,745.0,7450.0,2024-10-29
2024102903019538,RSDC,34,1,56.0,745.0,41720.0,2024-10-29
2024102903019537,RSDC,34,22,200.0,744.9,148980.0,2024-10-29
2024102903019536,RSDC,34,48,50.0,744.9,37245.0,2024-10-29
2024102903019535,RSDC,34,10,50.0,744.9,37245.0,2024-10-29
2024102903019534,RSDC,34,45,15.0,744.0,11160.0,2024-10-29
2024102903019533,RSDC,34,48,190.0,744.0,141360.0,2024-10-29
2024102903019532,SINDU,34,56,40.0,736.0,29440.0,2024-10-29
2024102903019531,SINDU,34,35,10.0,735.0,7350.0,2024-10-29
2024102904016374,API,41,34,206.0,294.5,60667.0,2024-10-29
2024102904016373,API,49,34,194.0,294.5,57133.0,2024-10-29
2024102904016372,API,6,34,160.0,294.6,47136.0,2024-10-29
2024102904016371,API,26,34,42.0,294.6,12373.2,2024-10-29
2024102904016370,API,51,34,740.0,294.7,218078.0,2024-10-29
2024102904016369,API,80,34,50.0,294.8,14740.0,2024-10-29
2024102903019530,RLFL,34,57,15.0,653.0,9795.0,2024-10-29
2024102904016368,API,58,34,290.0,294.9,85521.0,2024-10-29
2024102903019529,SFCL,42,34,20.0,798.6,15972.0,2024-10-29
2024102904016367,HURJA,34,43,10.0,225.0,2250.0,2024-10-29
2024102901018768,MMKJL,91,44,50.0,572.0,28600.0,2024-10-29
2024102901018767,NABIL,34,13,18.0,591.8,10652.4,2024-10-29
2024102901018766,HBL,56,42,10.0,257.0,2570.0,2024-10-29
2024102904016366,NLG,55,44,400.0,1355.0,542000.0,2024-10-29
2024102904016365,SPIL,44,55,10.0,883.0,8830.0,2024-10-29
2024102903019528,NMLBBL,56,32,19.0,789.9,15008.1,2024-10-29
2024102903019527,NMLBBL,56,35,121.0,789.0,95469.0,2024-10-29
2024102903019526,NMLBBL,56,77,10.0,788.9,7889.0,2024-10-29
2024102903019525,SFCL,88,74,10.0,867.0,8670.0,2024-10-29
2024102903019524,SFCL,88,58,59.0,850.0,50150.0,2024-10-29
2024102903019523,SFCL,88,17,100.0,834.0,83400.0,2024-10-29
2024102903019522,SFCL,88,35,90.0,816.0,73440.0,2024-10-29
2024102903019521,SFCL,88,56,100.0,816.0,81600.0,2024-10-29
2024102903019520,SFCL,88,44,100.0,816.0,81600.0,2024-10-29
2024102903019519,SFCL,88,63,300.0,816.0,244800.0,2024-10-29
2024102903019518,SFCL,88,42,100.0,816.0,81600.0,2024-10-29
2024102903019517,SFCL,88,36,100.0,816.0,81600.0,2024-10-29
2024102903019516,SFCL,88,57,50.0,816.0,40800.0,2024-10-29
2024102903019515,SFCL,88,22,50.0,816.0,40800.0,2024-10-29
2024102903019514,SFCL,88,26,100.0,816.0,81600.0,2024-10-29
2024102903019513,SFCL,88,32,700.0,816.0,571200.0,2024-10-29
2024102903019512,SFCL,88,49,650.0,816.0,530400.0,2024-10-29
2024102903019511,SFCL,88,26,100.0,816.0,81600.0,2024-10-29
2024102903019510,SFCL,88,42,10.0,816.0,8160.0,2024-10-29
2024102903019509,SFCL,88,52,100.0,816.0,81600.0,2024-10-29
2024102903019508,SFCL,88,38,10.0,816.0,8160.0,2024-10-29
2024102903019507,SFCL,88,52,250.0,816.0,204000.0,2024-10-29
2024102903019506,SFCL,88,17,1200.0,816.0,979200.0,2024-10-29
2024102903019505,SFCL,88,34,300.0,816.0,244800.0,2024-10-29
2024102903019504,SFCL,88,16,200.0,816.0,163200.0,2024-10-29
2024102903019503,SFCL,88,58,600.0,816.0,489600.0,2024-10-29
2024102903019502,SFCL,88,57,150.0,816.0,122400.0,2024-10-29
2024102903019501,SFCL,88,16,10.0,816.0,8160.0,2024-10-29
2024102903019500,SFCL,88,61,100.0,816.0,81600.0,2024-10-29
2024102903019499,SFCL,88,44,100.0,816.0,81600.0,2024-10-29
2024102903019498,SFCL,88,42,238.0,816.0,194208.0,2024-10-29
2024102903019497,SFCL,88,26,350.0,816.0,285600.0,2024-10-29
2024102903019496,SFCL,88,8,100.0,816.0,81600.0,2024-10-29
2024102903019495,SFCL,88,4,50.0,815.4,40770.0,2024-10-29
2024102903019494,SFCL,88,45,100.0,815.0,81500.0,2024-10-29
2024102903019493,SFCL,88,58,600.0,815.0,489000.0,2024-10-29
2024102903019492,SFCL,88,45,50.0,815.0,40750.0,2024-10-29
2024102903019491,SFCL,88,47,20.0,815.0,16300.0,2024-10-29
2024102903019490,SFCL,88,38,10.0,815.0,8150.0,2024-10-29
2024102903019489,SFCL,88,16,100.0,815.0,81500.0,2024-10-29
2024102903019488,SFCL,88,45,300.0,815.0,244500.0,2024-10-29
2024102903019487,SFCL,88,63,100.0,814.9,81490.0,2024-10-29
2024102903019486,SFCL,88,1,128.0,814.9,104307.2,2024-10-29
2024102903019485,SFCL,88,34,590.0,814.9,480791.0,2024-10-29
2024102903019484,SFCL,88,41,50.0,814.9,40745.0,2024-10-29
2024102903019483,SFCL,88,38,50.0,814.9,40745.0,2024-10-29
2024102903019482,SFCL,88,58,100.0,814.9,81490.0,2024-10-29
2024102903019481,SFCL,88,58,10.0,814.9,8149.0,2024-10-29
2024102903019480,SFCL,88,57,50.0,814.9,40745.0,2024-10-29
2024102903019479,SFCL,88,44,200.0,814.9,162980.0,2024-10-29
2024102903019478,SFCL,88,51,300.0,814.9,244470.0,2024-10-29
2024102903019477,SFCL,88,42,100.0,814.9,81490.0,2024-10-29
2024102903019476,SFCL,88,57,500.0,814.9,407450.0,2024-10-29
2024102903019475,SFCL,88,19,81.0,814.9,66006.9,2024-10-29
2024102903019474,SFCL,88,56,1064.0,814.9,867053.6,2024-10-29
2024102903019473,SFCL,88,34,14.0,814.9,11408.6,2024-10-29
2024102903019472,SFCL,88,38,30.0,814.9,24447.0,2024-10-29
2024102903019471,SFCL,88,42,290.0,814.9,236321.0,2024-10-29
2024102903019470,SFCL,88,58,110.0,814.9,89639.0,2024-10-29
2024102903019469,SFCL,88,34,500.0,814.9,407450.0,2024-10-29
2024102903019468,SFCL,88,39,15.0,814.9,12223.5,2024-10-29
2024102903019467,SFCL,88,35,100.0,814.9,81490.0,2024-10-29
2024102903019466,SFCL,88,17,1500.0,814.9,1222350.0,2024-10-29
2024102903019465,SFCL,88,61,260.0,814.8,211848.0,2024-10-29
2024102903019464,SFCL,88,1,10.0,814.8,8148.0,2024-10-29
2024102903019463,SFCL,88,77,600.0,814.8,488880.0,2024-10-29
2024102903019462,SFCL,88,43,190.0,814.8,154812.0,2024-10-29
2024102903019461,SFCL,88,43,30.0,814.8,24444.0,2024-10-29
2024102901018765,MHCL,56,38,15.0,430.2,6453.0,2024-10-29
2024102903019460,SFCL,88,22,50.0,814.8,40740.0,2024-10-29
2024102903019459,SFCL,88,94,100.0,814.7,81470.0,2024-10-29
2024102901018764,MHCL,56,57,15.0,430.0,6450.0,2024-10-29
2024102903019458,SFCL,88,44,200.0,814.6,162920.0,2024-10-29
2024102903019457,SFCL,88,45,382.0,814.6,311177.2,2024-10-29
2024102903019456,SFCL,88,57,50.0,814.5,40725.0,2024-10-29
2024102903019455,SFCL,88,55,100.0,814.5,81450.0,2024-10-29
2024102903019454,SFCL,88,48,100.0,814.5,81450.0,2024-10-29
2024102903019453,SFCL,88,49,100.0,814.5,81450.0,2024-10-29
2024102903019452,SFCL,88,22,200.0,814.5,162900.0,2024-10-29
2024102903019451,SFCL,88,5,200.0,814.5,162900.0,2024-10-29
2024102903019450,SFCL,88,57,100.0,814.5,81450.0,2024-10-29
2024102903019449,SFCL,88,49,397.0,814.5,323356.5,2024-10-29
2024102903019448,SFCL,88,13,60.0,814.5,48870.0,2024-10-29
2024102903019447,SFCL,88,57,180.0,814.5,146610.0,2024-10-29
2024102903019446,SFCL,88,63,350.0,814.5,285075.0,2024-10-29
2024102903019445,SFCL,88,40,100.0,814.5,81450.0,2024-10-29
2024102903019444,SFCL,88,43,200.0,814.5,162900.0,2024-10-29
2024102903019443,SFCL,88,49,120.0,814.5,97740.0,2024-10-29
2024102903019442,SFCL,88,1,200.0,814.5,162900.0,2024-10-29
2024102903019441,SFCL,88,47,100.0,814.5,81450.0,2024-10-29
2024102903019440,SFCL,88,41,600.0,814.5,488700.0,2024-10-29
2024102903019439,SFCL,88,45,50.0,814.5,40725.0,2024-10-29
2024102903019438,SFCL,88,58,15.0,814.5,12217.5,2024-10-29
2024102903019437,SFCL,88,11,20.0,814.5,16290.0,2024-10-29
2024102903019436,SFCL,88,45,400.0,814.5,325800.0,2024-10-29
2024102903019435,SFCL,88,38,10.0,814.5,8145.0,2024-10-29
2024102903019434,SFCL,88,94,20.0,814.5,16290.0,2024-10-29
2024102903019433,SFCL,88,48,100.0,814.5,81450.0,2024-10-29
2024102903019432,SFCL,88,35,200.0,814.5,162900.0,2024-10-29
2024102903019431,SFCL,88,40,50.0,814.4,40720.0,2024-10-29
2024102903019430,SFCL,88,87,10.0,814.4,8144.0,2024-10-29
2024102903019429,SFCL,88,33,100.0,814.4,81440.0,2024-10-29
2024102903019428,SFCL,88,49,100.0,814.4,81440.0,2024-10-29
2024102903019427,SFCL,88,45,20.0,814.4,16288.0,2024-10-29
2024102903019426,SFCL,88,21,695.0,814.4,566008.0,2024-10-29
2024102903019425,SFCL,88,82,50.0,814.4,40720.0,2024-10-29
2024102903019424,SFCL,88,58,250.0,814.4,203600.0,2024-10-29
2024102903019423,SFCL,88,22,102.0,814.4,83068.8,2024-10-29
2024102903019422,SFCL,88,57,50.0,814.4,40720.0,2024-10-29
2024102903019421,SFCL,88,42,500.0,814.4,407200.0,2024-10-29
2024102903019420,SFCL,88,46,62.0,814.4,50492.8,2024-10-29
2024102903019419,SFCL,88,54,50.0,814.4,40720.0,2024-10-29
2024102903019418,SFCL,88,45,300.0,814.4,244320.0,2024-10-29
2024102903019417,SFCL,88,26,100.0,814.4,81440.0,2024-10-29
2024102903019416,SFCL,88,16,200.0,814.4,162880.0,2024-10-29
2024102903019415,SFCL,88,42,200.0,814.0,162800.0,2024-10-29
2024102903019414,SFCL,88,4,122.0,814.0,99308.0,2024-10-29
2024102903019413,SFCL,88,16,50.0,814.0,40700.0,2024-10-29
2024102903019412,SFCL,88,36,10.0,814.0,8140.0,2024-10-29
2024102903019411,SFCL,88,55,100.0,814.0,81400.0,2024-10-29
2024102903019410,SFCL,88,57,20.0,814.0,16280.0,2024-10-29
2024102903019409,SFCL,88,50,100.0,814.0,81400.0,2024-10-29
2024102903019408,SFCL,88,58,20.0,814.0,16280.0,2024-10-29
2024102903019407,SFCL,88,48,200.0,814.0,162800.0,2024-10-29
2024102903019406,SFCL,88,59,50.0,814.0,40700.0,2024-10-29
2024102903019405,SFCL,88,13,30.0,814.0,24420.0,2024-10-29
2024102903019404,SFCL,88,52,200.0,814.0,162800.0,2024-10-29
2024102903019403,SFCL,88,62,300.0,814.0,244200.0,2024-10-29
2024102903019402,SFCL,88,52,50.0,814.0,40700.0,2024-10-29
2024102903019401,SFCL,88,58,45.0,814.0,36630.0,2024-10-29
2024102903019400,SFCL,88,25,100.0,814.0,81400.0,2024-10-29
2024102903019399,SFCL,88,28,20.0,814.0,16280.0,2024-10-29
2024102903019398,SFCL,88,36,3110.0,814.0,2531540.0,2024-10-29
2024102903019397,SFCL,88,45,475.0,814.0,386650.0,2024-10-29
2024102903019396,SFCL,88,45,50.0,814.0,40700.0,2024-10-29
2024102903019395,SFCL,88,86,200.0,814.0,162800.0,2024-10-29
2024102903019394,SFCL,88,45,100.0,814.0,81400.0,2024-10-29
2024102903019393,SFCL,88,36,50.0,814.0,40700.0,2024-10-29
2024102903019392,SFCL,88,7,70.0,814.0,56980.0,2024-10-29
2024102903019391,SFCL,88,45,20.0,814.0,16280.0,2024-10-29
2024102903019390,SFCL,88,46,10.0,814.0,8140.0,2024-10-29
2024102903019389,SFCL,88,42,200.0,814.0,162800.0,2024-10-29
2024102903019388,SFCL,88,44,150.0,814.0,122100.0,2024-10-29
2024102903019387,SFCL,88,53,200.0,814.0,162800.0,2024-10-29
2024102903019386,SFCL,88,6,100.0,814.0,81400.0,2024-10-29
2024102903019385,SFCL,88,43,290.0,814.0,236060.0,2024-10-29
2024102903019384,SFCL,88,43,10.0,814.0,8140.0,2024-10-29
2024102903019383,SFCL,88,58,220.0,814.0,179080.0,2024-10-29
2024102903019382,SFCL,88,58,500.0,814.0,407000.0,2024-10-29
2024102903019381,SFCL,88,49,108.0,814.0,87912.0,2024-10-29
2024102903019380,SFCL,88,58,50.0,814.0,40700.0,2024-10-29
2024102903019379,SFCL,88,21,100.0,814.0,81400.0,2024-10-29
2024102903019378,SFCL,88,71,250.0,814.0,203500.0,2024-10-29
2024102903019377,SFCL,88,43,500.0,814.0,407000.0,2024-10-29
2024102903019376,SFCL,88,22,20.0,814.0,16280.0,2024-10-29
2024102903019375,SFCL,88,34,150.0,814.0,122100.0,2024-10-29
2024102903019374,SFCL,88,8,30.0,814.0,24420.0,2024-10-29
2024102903019373,SFCL,88,17,50.0,814.0,40700.0,2024-10-29
2024102903019372,SFCL,88,17,97.0,814.0,78958.0,2024-10-29
2024102903019371,SFCL,88,33,100.0,814.0,81400.0,2024-10-29
2024102903019370,SFCL,88,41,150.0,814.0,122100.0,2024-10-29
2024102903019369,SFCL,88,38,170.0,814.0,138380.0,2024-10-29
2024102903019368,SFCL,88,58,150.0,814.0,122100.0,2024-10-29
2024102903019367,SFCL,88,46,100.0,814.0,81400.0,2024-10-29
2024102903019366,SFCL,88,34,150.0,814.0,122100.0,2024-10-29
2024102903019365,SFCL,88,62,500.0,814.0,407000.0,2024-10-29
2024102903019364,SFCL,88,69,100.0,814.0,81400.0,2024-10-29
2024102903019363,SFCL,88,58,100.0,814.0,81400.0,2024-10-29
2024102903019362,SFCL,88,44,50.0,814.0,40700.0,2024-10-29
2024102903019361,SFCL,88,6,100.0,814.0,81400.0,2024-10-29
2024102903019360,SFCL,88,45,100.0,814.0,81400.0,2024-10-29
2024102903019359,SFCL,88,61,250.0,814.0,203500.0,2024-10-29
2024102903019358,SFCL,88,22,50.0,814.0,40700.0,2024-10-29
2024102903019357,SFCL,88,45,25.0,814.0,20350.0,2024-10-29
2024102903019356,SFCL,88,58,15.0,814.0,12210.0,2024-10-29
2024102903019355,SFCL,88,34,20.0,814.0,16280.0,2024-10-29
2024102903019354,SFCL,88,54,250.0,814.0,203500.0,2024-10-29
2024102903019353,SFCL,88,21,117.0,814.0,95238.0,2024-10-29
2024102903019352,SFCL,88,57,16.0,814.0,13024.0,2024-10-29
2024102903019351,SFCL,88,57,100.0,814.0,81400.0,2024-10-29
2024102903019350,SFCL,88,49,30.0,814.0,24420.0,2024-10-29
2024102903019349,SFCL,88,58,100.0,814.0,81400.0,2024-10-29
2024102903019348,SFCL,88,53,25.0,814.0,20350.0,2024-10-29
2024102903019347,SFCL,88,92,500.0,814.0,407000.0,2024-10-29
2024102903019346,SFCL,88,11,20.0,814.0,16280.0,2024-10-29
2024102903019345,SFCL,88,49,100.0,814.0,81400.0,2024-10-29
2024102903019344,SFCL,88,21,500.0,814.0,407000.0,2024-10-29
2024102903019343,SFCL,88,47,150.0,814.0,122100.0,2024-10-29
2024102903019342,SFCL,88,55,35.0,814.0,28490.0,2024-10-29
2024102903019341,SFCL,88,46,100.0,814.0,81400.0,2024-10-29
2024102903019340,SFCL,88,58,250.0,814.0,203500.0,2024-10-29
2024102903019339,SFCL,88,38,100.0,814.0,81400.0,2024-10-29
2024102903019338,SFCL,88,45,200.0,814.0,162800.0,2024-10-29
2024102903019337,SFCL,88,28,500.0,814.0,407000.0,2024-10-29
2024102903019336,SFCL,88,4,100.0,814.0,81400.0,2024-10-29
2024102903019335,SFCL,88,87,1100.0,814.0,895400.0,2024-10-29
2024102903019334,SFCL,88,34,250.0,813.0,203250.0,2024-10-29
2024102903019333,SFCL,88,4,300.0,812.0,243600.0,2024-10-29
2024102903019332,SFCL,88,41,100.0,812.0,81200.0,2024-10-29
2024102903019331,SFCL,88,58,500.0,812.0,406000.0,2024-10-29
2024102903019330,SFCL,88,58,50.0,812.0,40600.0,2024-10-29
2024102903019329,SFCL,88,58,130.0,811.9,105547.0,2024-10-29
2024102903019328,SFCL,88,28,600.0,811.0,486600.0,2024-10-29
2024102903019327,SFCL,88,38,50.0,810.0,40500.0,2024-10-29
2024102903019326,SFCL,88,29,332.0,810.0,268920.0,2024-10-29
2024102903019325,SFCL,88,38,500.0,810.0,405000.0,2024-10-29
2024102903019324,SFCL,88,63,200.0,810.0,162000.0,2024-10-29
2024102903019323,SFCL,88,52,100.0,810.0,81000.0,2024-10-29
2024102903019322,SFCL,88,38,100.0,810.0,81000.0,2024-10-29
2024102903019321,SFCL,88,45,50.0,810.0,40500.0,2024-10-29
2024102903019320,SFCL,88,17,100.0,810.0,81000.0,2024-10-29
2024102903019319,SFCL,88,40,300.0,810.0,243000.0,2024-10-29
2024102903019318,SFCL,88,20,150.0,810.0,121500.0,2024-10-29
2024102903019317,SFCL,88,46,200.0,810.0,162000.0,2024-10-29
2024102903019316,SFCL,88,55,50.0,810.0,40500.0,2024-10-29
2024102903019315,SFCL,88,50,500.0,810.0,405000.0,2024-10-29
2024102903019314,SFCL,88,63,285.0,810.0,230850.0,2024-10-29
2024102903019313,SFCL,88,45,70.0,810.0,56700.0,2024-10-29
2024102903019312,SFCL,88,34,20.0,810.0,16200.0,2024-10-29
2024102903019311,SFCL,88,58,10.0,810.0,8100.0,2024-10-29
2024102903019310,SFCL,88,45,150.0,808.0,121200.0,2024-10-29
2024102903019309,SFCL,88,45,20.0,808.0,16160.0,2024-10-29
2024102903019308,SFCL,88,42,600.0,806.0,483600.0,2024-10-29
2024102903019307,SFCL,88,14,100.0,805.0,80500.0,2024-10-29
2024102903019306,SFCL,88,45,10.0,805.0,8050.0,2024-10-29
2024102903019305,SFCL,88,42,20.0,805.0,16100.0,2024-10-29
2024102903019304,SFCL,88,58,200.0,805.0,161000.0,2024-10-29
2024102903019303,SFCL,88,42,280.0,805.0,225400.0,2024-10-29
2024102903019302,SFCL,88,8,350.0,805.0,281750.0,2024-10-29
2024102903019301,SFCL,88,8,400.0,805.0,322000.0,2024-10-29
2024102903019300,SFCL,88,46,130.0,805.0,104650.0,2024-10-29
2024102903019299,SFCL,88,20,10.0,805.0,8050.0,2024-10-29
2024102903019298,SFCL,88,22,10.0,804.9,8049.0,2024-10-29
2024102903019297,SFCL,88,34,500.0,803.0,401500.0,2024-10-29
2024102903019296,SFCL,88,45,100.0,802.0,80200.0,2024-10-29
2024102903019295,SFCL,88,57,50.0,802.0,40100.0,2024-10-29
2024102903019294,SFCL,88,54,100.0,802.0,80200.0,2024-10-29
2024102903019293,SFCL,88,57,72.0,801.0,57672.0,2024-10-29
2024102903019292,SFCL,88,39,420.0,801.0,336420.0,2024-10-29
2024102903019291,SFCL,88,38,150.0,801.0,120150.0,2024-10-29
2024102903019290,SFCL,88,46,100.0,800.0,80000.0,2024-10-29
2024102903019289,SFCL,88,46,50.0,800.0,40000.0,2024-10-29
2024102903019288,SFCL,88,45,185.0,800.0,148000.0,2024-10-29
2024102903019287,SFCL,88,58,100.0,800.0,80000.0,2024-10-29
2024102903019286,SFCL,88,19,205.0,800.0,164000.0,2024-10-29
2024102903019285,SFCL,88,42,100.0,800.0,80000.0,2024-10-29
2024102903019284,SFCL,88,14,100.0,800.0,80000.0,2024-10-29
2024102903019283,SFCL,88,17,100.0,800.0,80000.0,2024-10-29
2024102903019282,SFCL,88,21,10.0,800.0,8000.0,2024-10-29
2024102903019281,SFCL,88,56,100.0,800.0,80000.0,2024-10-29
2024102903019280,SFCL,88,45,400.0,800.0,320000.0,2024-10-29
2024102903019279,SFCL,88,86,100.0,800.0,80000.0,2024-10-29
2024102903019278,SFCL,88,1,150.0,800.0,120000.0,2024-10-29
2024102903019277,SFCL,88,38,600.0,800.0,480000.0,2024-10-29
2024102903019276,SFCL,88,71,130.0,800.0,104000.0,2024-10-29
2024102903019275,SFCL,88,6,50.0,800.0,40000.0,2024-10-29
2024102903019274,SFCL,88,58,250.0,799.0,199750.0,2024-10-29
2024102903019273,SFCL,88,58,510.0,799.0,407490.0,2024-10-29
2024102903019272,SFCL,88,7,80.0,799.0,63920.0,2024-10-29
2024102903019271,SFCL,88,53,100.0,799.0,79900.0,2024-10-29
2024102903019270,SFCL,88,51,529.0,799.0,422671.0,2024-10-29
2024102903019269,SFCL,88,16,20.0,799.0,15980.0,2024-10-29
2024102903019268,SFCL,88,35,100.0,799.0,79900.0,2024-10-29
2024102903019267,SFCL,88,49,38.0,799.0,30362.0,2024-10-29
2024102903019266,SFCL,42,26,1707.0,798.6,1363210.2,2024-10-29
2024102904016364,RIDI,43,32,250.0,245.5,61375.0,2024-10-29
2024102903019265,KRBL,42,17,10.0,664.0,6640.0,2024-10-29
2024102903019264,SMPDA,28,42,10.0,917.0,9170.0,2024-10-29
2024102903019263,PFL,42,44,10.0,669.0,6690.0,2024-10-29
2024102905013775,NSIF2,43,55,4000.0,10.75,43000.0,2024-10-29
2024102905013774,NSIF2,48,55,1000.0,10.76,10760.0,2024-10-29
2024102901018763,BGWT,47,48,60.0,950.0,57000.0,2024-10-29
2024102901018762,BGWT,47,21,30.0,950.0,28500.0,2024-10-29
2024102901018761,BGWT,47,58,40.0,948.9,37956.0,2024-10-29
2024102901018760,BGWT,47,41,10.0,947.4,9474.0,2024-10-29
2024102901018759,BGWT,47,63,50.0,944.0,47200.0,2024-10-29
2024102901018758,BGWT,47,41,210.0,943.0,198030.0,2024-10-29
2024102905013773,PHCL,38,47,200.0,542.0,108400.0,2024-10-29
2024102901018757,ULBSL,49,58,10.0,3099.0,30990.0,2024-10-29
2024102901018756,ULBSL,49,45,81.0,3060.0,247860.0,2024-10-29
2024102904016363,HEI,17,55,100.0,680.0,68000.0,2024-10-29
2024102904016362,HEI,17,32,50.0,680.0,34000.0,2024-10-29
2024102904016361,HEI,17,42,30.0,680.0,20400.0,2024-10-29
2024102904016360,HEI,17,58,50.0,680.0,34000.0,2024-10-29
2024102904016359,HEI,17,44,138.0,680.0,93840.0,2024-10-29
2024102904016358,LEC,49,18,150.0,278.7,41805.0,2024-10-29
2024102901018755,SPC,36,50,116.0,522.3,60586.8,2024-10-29
2024102901018754,SBL,50,14,11.0,338.9,3727.9,2024-10-29
2024102903019262,MDB,62,71,10.0,650.0,6500.0,2024-10-29
2024102903019261,BFC,55,62,10.0,659.4,6594.0,2024-10-29
2024102903019260,ALICL,62,38,10.0,736.0,7360.0,2024-10-29
2024102903019259,JFL,41,45,130.0,789.5,102635.0,2024-10-29
2024102904016357,IGI,13,1,100.0,633.9,63390.0,2024-10-29
2024102905013772,GCIL,13,48,10.0,508.0,5080.0,2024-10-29
2024102901018753,SPC,37,50,115.0,523.0,60145.0,2024-10-29
2024102901018752,MMKJL,58,42,10.0,579.0,5790.0,2024-10-29
2024102903019258,GMFIL,51,72,10.0,649.0,6490.0,2024-10-29
2024102901018751,MKHL,41,58,200.0,560.0,112000.0,2024-10-29
2024102901018750,TSHL,8,6,21.0,897.0,18837.0,2024-10-29
2024102904016356,API,58,94,50.0,294.9,14745.0,2024-10-29
2024102904016355,RIDI,16,81,1000.0,246.0,246000.0,2024-10-29
2024102901018749,RAWA,66,49,50.0,776.0,38800.0,2024-10-29
2024102905013771,PHCL,65,71,4500.0,541.0,2434500.0,2024-10-29
2024102901018748,SIKLES,48,34,50.0,704.8,35240.0,2024-10-29
2024102901018747,SIKLES,48,80,50.0,704.0,35200.0,2024-10-29
2024102905013770,MEL,29,45,10.0,297.0,2970.0,2024-10-29
2024102905013769,HDL,29,57,25.0,1379.5,34487.5,2024-10-29
2024102903019257,NUBL,36,8,300.0,730.0,219000.0,2024-10-29
2024102903019256,NUBL,36,34,40.0,730.0,29200.0,2024-10-29
2024102905013768,MBJC,32,89,19.0,337.0,6403.0,2024-10-29
2024102904016354,PPCL,75,33,80.0,269.9,21592.0,2024-10-29
2024102904016353,PPCL,75,42,20.0,269.0,5380.0,2024-10-29
2024102901018746,SMHL,14,35,10.0,701.0,7010.0,2024-10-29
2024102901018745,NBL,32,35,44.0,286.6,12610.4,2024-10-29
2024102901018744,NBL,45,35,21.0,286.6,6018.6,2024-10-29
2024102901018743,NBL,49,35,35.0,286.6,10031.0,2024-10-29
2024102905013767,SFMF,10,37,1900.0,10.18,19342.0,2024-10-29
2024102904016352,API,58,33,60.0,294.9,17694.0,2024-10-29
2024102905013766,SONA,56,7,10.0,486.6,4866.0,2024-10-29
2024102904016351,MEN,51,54,50.0,687.0,34350.0,2024-10-29
2024102904016350,SGIC,72,7,1000.0,709.5,709500.0,2024-10-29
2024102904016349,BARUN,7,39,466.0,399.9,186353.4,2024-10-29
2024102904016348,BARUN,7,58,300.0,398.0,119400.0,2024-10-29
2024102904016347,BARUN,7,8,100.0,398.0,39800.0,2024-10-29
2024102904016346,BARUN,7,80,134.0,398.0,53332.0,2024-10-29
2024102901018742,SMHL,65,49,497.0,701.0,348397.0,2024-10-29
2024102901018741,SMHL,65,49,10.0,701.0,7010.0,2024-10-29
2024102901018740,SMHL,65,51,10.0,700.0,7000.0,2024-10-29
2024102901018739,SMHL,65,45,130.0,700.0,91000.0,2024-10-29
2024102901018738,SMHL,65,45,815.0,700.0,570500.0,2024-10-29
2024102901018737,SMHL,65,57,30.0,700.0,21000.0,2024-10-29
2024102901018736,SMHL,65,48,298.0,700.0,208600.0,2024-10-29
2024102901018735,SMHL,65,33,100.0,700.0,70000.0,2024-10-29
2024102901018734,SMHL,65,33,100.0,700.0,70000.0,2024-10-29
2024102901018733,SMHL,65,19,170.0,699.9,118983.0,2024-10-29
2024102901018732,SMHL,65,25,50.0,699.9,34995.0,2024-10-29
2024102901018731,SMHL,65,13,10.0,699.8,6998.0,2024-10-29
2024102901018730,SMHL,65,19,130.0,699.7,90961.0,2024-10-29
2024102901018729,SMHL,65,45,500.0,699.0,349500.0,2024-10-29
2024102901018728,SMHL,65,50,10.0,699.0,6990.0,2024-10-29
2024102901018727,SMHL,65,19,140.0,698.9,97846.0,2024-10-29
2024102901018726,MEHL,57,95,200.0,398.4,79680.0,2024-10-29
2024102904016345,AKJCL,57,32,500.0,216.5,108250.0,2024-10-29
2024102905013765,GCIL,21,48,48.0,508.0,24384.0,2024-10-29
2024102905013764,GCIL,21,42,11.0,508.0,5588.0,2024-10-29
2024102905013763,GCIL,21,52,41.0,508.0,20828.0,2024-10-29
2024102904016344,RURU,34,59,56.0,755.0,42280.0,2024-10-29
2024102901018725,KBL,83,45,10.0,234.0,2340.0,2024-10-29
2024102903019255,GBLBS,32,42,10.0,778.0,7780.0,2024-10-29
2024102903019254,PMLI,55,5,10.0,570.0,5700.0,2024-10-29
2024102903019253,PMLI,55,42,10.0,570.0,5700.0,2024-10-29
2024102903019252,PMLI,55,7,10.0,570.0,5700.0,2024-10-29
2024102904016343,NHPC,47,62,20.0,231.5,4630.0,2024-10-29
2024102904016342,NHPC,47,42,480.0,230.7,110736.0,2024-10-29
2024102903019251,GMFBS,49,45,10.0,1542.0,15420.0,2024-10-29
2024102903019250,RSDC,49,48,10.0,744.0,7440.0,2024-10-29
2024102903019249,JFL,41,50,230.0,789.5,181585.0,2024-10-29
2024102904016341,KPCL,11,14,10.0,509.0,5090.0,2024-10-29
2024102901018724,MBL,1,50,10.0,255.0,2550.0,2024-10-29
2024102904016340,CHCL,45,48,470.0,583.0,274010.0,2024-10-29
2024102904016339,SHPC,45,62,500.0,549.0,274500.0,2024-10-29
2024102904016338,SHPC,45,19,30.0,549.0,16470.0,2024-10-29
2024102904016337,SHPC,45,63,360.0,549.0,197640.0,2024-10-29
2024102904016336,SHPC,45,34,90.0,548.7,49383.0,2024-10-29
2024102904016335,API,58,20,100.0,294.9,29490.0,2024-10-29
2024102901018723,GBIME,51,51,356.0,255.9,91100.4,2024-10-29
2024102901018722,GBIME,51,42,44.0,255.6,11246.4,2024-10-29
2024102903019248,PFL,98,44,10.0,669.0,6690.0,2024-10-29
2024102901018721,MCHL,58,3,10.0,550.0,5500.0,2024-10-29
2024102901018720,TSHL,58,52,10.0,897.0,8970.0,2024-10-29
2024102904016334,AKJCL,58,32,10.0,216.5,2165.0,2024-10-29
2024102903019247,CORBL,29,16,20.0,999.5,19990.0,2024-10-29
2024102903019246,NLIC,58,4,300.0,838.0,251400.0,2024-10-29
2024102903019245,MLBL,4,52,24.0,405.8,9739.2,2024-10-29
2024102901018719,MANDU,58,42,10.0,919.9,9199.0,2024-10-29
2024102901018718,BGWT,17,35,10.0,940.0,9400.0,2024-10-29
2024102903019244,MDB,6,71,325.0,650.0,211250.0,2024-10-29
2024102903019243,MDB,6,59,10.0,649.9,6499.0,2024-10-29
2024102903019242,MDB,6,62,18.0,649.6,11692.8,2024-10-29
2024102904016333,AHPC,65,25,20.0,279.9,5598.0,2024-10-29
2024102904016332,AHPC,65,25,210.0,279.9,58779.0,2024-10-29
2024102904016331,AHPC,65,1,460.0,279.1,128386.0,2024-10-29
2024102905013762,ILI,19,32,12.0,499.7,5996.4,2024-10-29
2024102905013761,PHCL,65,41,490.0,544.0,266560.0,2024-10-29
2024102905013760,PHCL,65,49,10.0,544.0,5440.0,2024-10-29
2024102905013759,PHCL,65,34,10.0,543.9,5439.0,2024-10-29
2024102905013758,PHCL,65,4,10.0,543.0,5430.0,2024-10-29
2024102905013757,PHCL,65,42,130.0,543.0,70590.0,2024-10-29
2024102905013756,PHCL,65,14,10.0,543.0,5430.0,2024-10-29
2024102905013755,PHCL,65,41,10.0,542.9,5429.0,2024-10-29
2024102905013754,PHCL,65,41,10.0,542.9,5429.0,2024-10-29
2024102905013753,PHCL,65,68,10.0,542.9,5429.0,2024-10-29
2024102905013752,PHCL,65,7,10.0,542.6,5426.0,2024-10-29
2024102905013751,PHCL,65,25,100.0,542.1,54210.0,2024-10-29
2024102905013750,PHCL,65,16,200.0,542.1,108420.0,2024-10-29
2024102905013749,PHCL,65,29,10.0,542.0,5420.0,2024-10-29
2024102905013748,PHCL,65,45,500.0,542.0,271000.0,2024-10-29
2024102905013747,PHCL,65,45,490.0,542.0,265580.0,2024-10-29
2024102901018717,SPHL,57,1,10.0,689.9,6899.0,2024-10-29
2024102901018716,RHGCL,52,25,10.0,410.9,4109.0,2024-10-29
2024102901018715,RHGCL,52,57,10.0,410.0,4100.0,2024-10-29
2024102901018714,RFPL,29,34,36.0,629.0,22644.0,2024-10-29
2024102901018713,RFPL,94,34,40.0,630.0,25200.0,2024-10-29
2024102903019241,NLIC,44,46,10.0,839.9,8399.0,2024-10-29
2024102903019240,NLIC,44,62,40.0,839.8,33592.0,2024-10-29
2024102901018712,TVCL,38,56,46.0,471.0,21666.0,2024-10-29
2024102904016330,NLG,55,59,300.0,1355.0,406500.0,2024-10-29
2024102904016329,SSHL,26,45,10.0,223.9,2239.0,2024-10-29
2024102901018711,AHL,42,28,10.0,706.5,7065.0,2024-10-29
2024102903019239,SMB,55,17,10.0,1800.0,18000.0,2024-10-29
2024102901018710,SMHL,17,19,10.0,698.9,6989.0,2024-10-29
2024102905013746,NIFRA,25,22,50.0,286.0,14300.0,2024-10-29
2024102905013745,SMJC,62,66,300.0,599.0,179700.0,2024-10-29
2024102904016328,UNHPL,64,44,10.0,282.5,2825.0,2024-10-29
2024102901018709,LSL,45,50,96.0,251.0,24096.0,2024-10-29
2024102901018708,LSL,45,66,100.0,250.8,25080.0,2024-10-29
2024102901018707,LSL,45,26,360.0,250.7,90252.0,2024-10-29
2024102901018706,LSL,45,49,150.0,250.5,37575.0,2024-10-29
2024102901018705,LSL,45,62,300.0,250.0,75000.0,2024-10-29
2024102901018704,LSL,45,80,494.0,250.0,123500.0,2024-10-29
2024102904016327,MEN,51,17,100.0,687.0,68700.0,2024-10-29
2024102903019238,SFCL,42,71,500.0,798.6,399300.0,2024-10-29
2024102904016326,NLG,55,35,200.0,1355.0,271000.0,2024-10-29
2024102904016325,RHPL,35,58,10.0,384.0,3840.0,2024-10-29
2024102901018703,KBL,58,45,50.0,234.0,11700.0,2024-10-29
2024102901018702,BNHC,58,58,20.0,484.0,9680.0,2024-10-29
2024102901018701,BNHC,59,58,20.0,484.1,9682.0,2024-10-29
2024102901018700,BNHC,45,58,90.0,485.0,43650.0,2024-10-29
2024102903019237,ICFC,33,18,50.0,820.0,41000.0,2024-10-29
2024102905013744,NICFC,19,13,100.0,9.22,922.0,2024-10-29
2024102903019236,GUFL,43,19,50.0,776.0,38800.0,2024-10-29
2024102903019235,GUFL,45,19,91.0,776.0,70616.0,2024-10-29
2024102904016324,KPCL,57,14,486.0,509.0,247374.0,2024-10-29
2024102901018699,TVCL,34,54,10.0,472.0,4720.0,2024-10-29
2024102901018698,MAKAR,65,63,230.0,565.0,129950.0,2024-10-29
2024102901018697,MAKAR,86,63,270.0,565.1,152577.0,2024-10-29
2024102903019234,GFCL,71,34,50.0,1035.0,51750.0,2024-10-29
2024102903019233,GBLBS,56,42,10.0,778.0,7780.0,2024-10-29
2024102905013743,HRL,57,72,190.0,877.0,166630.0,2024-10-29
2024102905013742,HRL,34,72,10.0,877.0,8770.0,2024-10-29
2024102905013741,HRL,55,72,300.0,877.0,263100.0,2024-10-29
2024102904016323,SPDL,70,44,19.0,319.0,6061.0,2024-10-29
2024102904016322,CGH,59,34,50.0,936.9,46845.0,2024-10-29
2024102901018696,ULHC,82,59,220.0,440.3,96866.0,2024-10-29
2024102901018695,ULHC,26,59,100.0,440.4,44040.0,2024-10-29
2024102901018694,ULHC,75,59,50.0,440.4,22020.0,2024-10-29
2024102901018693,ULHC,75,59,100.0,440.6,44060.0,2024-10-29
2024102901018692,ULHC,88,59,30.0,440.7,13221.0,2024-10-29
2024102904016321,SALICO,7,26,62.0,762.2,47256.4,2024-10-29
2024102904016320,SALICO,58,26,28.0,763.0,21364.0,2024-10-29
2024102905013740,ILI,58,42,65.0,499.0,32435.0,2024-10-29
2024102905013739,ILI,7,42,10.0,499.7,4997.0,2024-10-29
2024102904016319,PMHPL,55,13,10.0,277.0,2770.0,2024-10-29
2024102905013738,PHCL,45,45,10.0,542.0,5420.0,2024-10-29
2024102901018691,PPL,86,39,10.0,495.5,4955.0,2024-10-29
2024102903019232,RLFL,41,57,290.0,653.0,189370.0,2024-10-29
2024102903019231,RLFL,41,35,10.0,653.0,6530.0,2024-10-29
2024102903019230,RLFL,34,66,159.0,648.0,103032.0,2024-10-29
2024102903019229,RLFL,32,66,30.0,648.0,19440.0,2024-10-29
2024102903019228,RLFL,1,66,50.0,648.0,32400.0,2024-10-29
2024102903019227,RLFL,16,66,175.0,648.0,113400.0,2024-10-29
2024102903019226,RLFL,58,66,50.0,648.1,32405.0,2024-10-29
2024102903019225,RLFL,50,66,151.0,648.2,97878.2,2024-10-29
2024102903019224,RLFL,49,66,50.0,649.0,32450.0,2024-10-29
2024102903019223,RLFL,58,66,10.0,650.0,6500.0,2024-10-29
2024102903019222,RLFL,57,66,45.0,650.0,29250.0,2024-10-29
2024102903019221,RLFL,11,66,30.0,650.0,19500.0,2024-10-29
2024102903019220,RLFL,45,66,50.0,651.0,32550.0,2024-10-29
2024102903019219,GFCL,71,56,170.0,1035.0,175950.0,2024-10-29
2024102903019218,GFCL,71,34,90.0,1034.0,93060.0,2024-10-29
2024102903019217,SFCL,35,49,12.0,799.0,9588.0,2024-10-29
2024102903019216,SFCL,35,22,108.0,799.0,86292.0,2024-10-29
2024102901018690,NICA,53,49,250.0,450.9,112725.0,2024-10-29
2024102901018689,MSHL,33,45,20.0,955.0,19100.0,2024-10-29
2024102901018688,MSHL,33,42,10.0,950.0,9500.0,2024-10-29
2024102903019215,PMLI,41,77,50.0,567.0,28350.0,2024-10-29
2024102904016318,HDHPC,58,41,99.0,215.7,21354.3,2024-10-29
2024102904016317,BARUN,54,22,200.0,395.0,79000.0,2024-10-29
2024102904016316,BARUN,54,5,190.0,395.0,75050.0,2024-10-29
2024102905013737,NSIF2,63,55,800.0,10.85,8680.0,2024-10-29
2024102904016315,SALICO,58,44,72.0,763.0,54936.0,2024-10-29
2024102904016314,SALICO,62,44,100.0,763.0,76300.0,2024-10-29
2024102904016313,SALICO,11,44,100.0,763.0,76300.0,2024-10-29
2024102904016312,SALICO,57,44,10.0,763.0,7630.0,2024-10-29
2024102904016311,SALICO,86,44,500.0,763.1,381550.0,2024-10-29
2024102904016310,SALICO,4,44,68.0,763.1,51890.8,2024-10-29
2024102904016309,SALICO,45,44,150.0,763.2,114480.0,2024-10-29
2024102904016308,RHPL,55,56,270.0,380.0,102600.0,2024-10-29
2024102903019214,SIFC,26,59,55.0,653.0,35915.0,2024-10-29
2024102901018687,HIDCLP,32,17,485.0,183.4,88949.0,2024-10-29
2024102903019213,ACLBSL,47,50,10.0,1042.9,10429.0,2024-10-29
2024102903019212,ACLBSL,47,32,10.0,1040.0,10400.0,2024-10-29
2024102901018686,MLBS,42,58,35.0,1610.9,56381.5,2024-10-29
2024102903019211,NFS,82,42,71.0,1400.0,99400.0,2024-10-29
2024102903019210,PFL,38,44,10.0,669.0,6690.0,2024-10-29
2024102905013736,PHCL,55,11,100.0,541.8,54180.0,2024-10-29
2024102903019209,MDB,58,64,30.0,649.0,19470.0,2024-10-29
2024102905013735,RNLI,86,45,500.0,509.2,254600.0,2024-10-29
2024102905013734,ILI,45,33,100.0,499.9,49990.0,2024-10-29
2024102905013733,SAHAS,33,13,1000.0,532.1,532100.0,2024-10-29
2024102903019208,NMBMF,36,6,450.0,713.0,320850.0,2024-10-29
2024102903019207,NMBMF,36,56,32.0,712.9,22812.8,2024-10-29
2024102903019206,PMLI,41,22,25.0,567.0,14175.0,2024-10-29
2024102905013732,HRL,55,39,12.0,877.0,10524.0,2024-10-29
2024102901018685,ULHC,48,57,50.0,443.0,22150.0,2024-10-29
2024102905013731,CLI,18,51,10.0,657.0,6570.0,2024-10-29
2024102904016307,HURJA,49,6,870.0,223.5,194445.0,2024-10-29
2024102904016306,HURJA,49,6,1076.0,223.5,240486.0,2024-10-29
2024102904016305,HURJA,49,6,54.0,224.0,12096.0,2024-10-29
2024102903019205,JFL,41,5,100.0,789.5,78950.0,2024-10-29
2024102904016304,UPPER,48,57,75.0,221.0,16575.0,2024-10-29
2024102904016303,UPPER,13,57,70.0,221.3,15491.0,2024-10-29
2024102901018684,SPHL,34,1,10.0,689.9,6899.0,2024-10-29
2024102901018683,KDL,72,38,10.0,1095.0,10950.0,2024-10-29
2024102901018682,KDL,72,75,100.0,1095.0,109500.0,2024-10-29
2024102901018681,KDL,72,57,100.0,1094.9,109490.0,2024-10-29
2024102901018680,KDL,72,38,30.0,1094.9,32847.0,2024-10-29
2024102901018679,KDL,72,49,41.0,1093.5,44833.5,2024-10-29
2024102905013730,SONA,56,56,50.0,486.6,24330.0,2024-10-29
2024102903019204,SKBBL,39,26,27.0,943.4,25471.8,2024-10-29
2024102903019203,SKBBL,35,26,13.0,943.5,12265.5,2024-10-29
2024102903019202,SKBBL,1,26,50.0,943.5,47175.0,2024-10-29
2024102903019201,SKBBL,50,26,30.0,943.5,28305.0,2024-10-29
2024102903019200,SKBBL,35,26,13.0,943.6,12266.8,2024-10-29
2024102903019199,SKBBL,45,26,50.0,943.6,47180.0,2024-10-29
2024102903019198,SKBBL,42,26,17.0,946.0,16082.0,2024-10-29
2024102905013729,HIDCL,56,26,450.0,279.1,125595.0,2024-10-29
2024102905013728,HIDCL,56,26,1000.0,279.1,279100.0,2024-10-29
2024102905013727,HIDCL,56,26,50.0,279.1,13955.0,2024-10-29
2024102901018678,MMKJL,58,42,10.0,579.0,5790.0,2024-10-29
2024102904016302,IGI,58,1,300.0,633.9,190170.0,2024-10-29
2024102904016301,IGI,58,8,50.0,633.9,31695.0,2024-10-29
2024102901018677,UNLB,62,45,67.0,2618.9,175466.3,2024-10-29
2024102901018676,UNLB,62,17,10.0,2615.0,26150.0,2024-10-29
2024102901018675,UNLB,62,56,50.0,2614.0,130700.0,2024-10-29
2024102901018674,UNLB,62,21,10.0,2610.0,26100.0,2024-10-29
2024102901018673,UNLB,62,58,13.0,2610.0,33930.0,2024-10-29
2024102903019197,ICFC,45,18,122.0,820.0,100040.0,2024-10-29
2024102903019196,ICFC,45,56,78.0,820.0,63960.0,2024-10-29
2024102903019195,WNLB,41,64,20.0,2600.0,52000.0,2024-10-29
2024102901018672,MBL,6,50,30.0,255.0,7650.0,2024-10-29
2024102903019194,SIFC,26,54,300.0,653.0,195900.0,2024-10-29
2024102905013726,NTC,28,38,10.0,987.0,9870.0,2024-10-29
2024102905013725,NTC,28,44,35.0,987.0,34545.0,2024-10-29
2024102905013724,NTC,28,13,100.0,987.0,98700.0,2024-10-29
2024102905013723,NTC,28,54,30.0,987.0,29610.0,2024-10-29
2024102905013722,NTC,28,25,114.0,986.9,112506.6,2024-10-29
2024102905013721,NTC,28,49,20.0,985.0,19700.0,2024-10-29
2024102905013720,NTC,28,17,30.0,985.0,29550.0,2024-10-29
2024102905013719,NTC,28,6,75.0,985.0,73875.0,2024-10-29
2024102905013718,NTC,28,42,75.0,985.0,73875.0,2024-10-29
2024102905013717,NTC,28,18,10.0,985.0,9850.0,2024-10-29
2024102905013716,NTC,28,47,10.0,985.0,9850.0,2024-10-29
2024102905013715,NTC,28,1,30.0,985.0,29550.0,2024-10-29
2024102905013714,NTC,28,3,420.0,985.0,413700.0,2024-10-29
2024102905013713,NTC,28,43,41.0,984.0,40344.0,2024-10-29
2024102903019193,GFCL,34,34,10.0,1034.0,10340.0,2024-10-29
2024102904016300,RURU,34,59,10.0,755.0,7550.0,2024-10-29
2024102905013712,KDBY,13,44,100.0,9.51,951.0,2024-10-29
2024102903019192,SWMF,26,52,20.0,820.0,16400.0,2024-10-29
2024102901018671,SMHL,17,61,10.0,698.5,6985.0,2024-10-29
2024102901018670,GBIME,38,42,156.0,255.8,39904.8,2024-10-29
2024102905013711,MEL,57,42,10.0,296.0,2960.0,2024-10-29
2024102901018669,KBL,38,45,100.0,234.0,23400.0,2024-10-29
2024102903019191,JBBL,42,62,40.0,364.0,14560.0,2024-10-29
2024102904016299,NICL,42,22,70.0,1026.0,71820.0,2024-10-29
2024102901018668,NABIL,50,13,10.0,591.8,5918.0,2024-10-29
2024102904016298,CHL,49,42,20.0,357.0,7140.0,2024-10-29
2024102903019190,GMFIL,81,72,20.0,649.0,12980.0,2024-10-29
2024102903019189,GMFIL,81,4,130.0,646.9,84097.0,2024-10-29
2024102901018667,BNHC,45,42,10.0,485.0,4850.0,2024-10-29
2024102901018666,MKHL,58,45,70.0,559.9,39193.0,2024-10-29
2024102901018665,CYCL,8,21,10.0,1564.0,15640.0,2024-10-29
2024102905013710,SAHAS,33,94,204.0,532.1,108548.4,2024-10-29
2024102905013709,SAHAS,33,94,46.0,533.0,24518.0,2024-10-29
2024102905013708,SFMF,8,37,900.0,10.18,9162.0,2024-10-29
2024102901018664,PRVU,28,8,150.0,251.8,37770.0,2024-10-29
2024102901018663,MCHL,58,3,100.0,550.0,55000.0,2024-10-29
2024102901018662,DOLTI,56,71,20.0,609.0,12180.0,2024-10-29
2024102901018661,DOLTI,38,71,20.0,609.0,12180.0,2024-10-29
2024102901018660,TPC,16,57,10.0,470.0,4700.0,2024-10-29
2024102904016297,UPCL,58,39,214.0,275.7,58999.8,2024-10-29
2024102904016296,UPCL,21,39,65.0,275.9,17933.5,2024-10-29
2024102904016295,AHPC,58,1,10.0,279.1,2791.0,2024-10-29
2024102905013707,HIDCL,3,89,50.0,279.4,13970.0,2024-10-29
2024102903019188,SKBBL,35,49,13.0,947.0,12311.0,2024-10-29
2024102904016294,NGPL,58,58,5493.0,469.0,2576217.0,2024-10-29
2024102904016293,NGPL,17,58,500.0,469.0,234500.0,2024-10-29
2024102904016292,NGPL,92,58,1000.0,469.0,469000.0,2024-10-29
2024102904016291,NGPL,58,58,1000.0,469.1,469100.0,2024-10-29
2024102904016290,NGPL,67,58,300.0,469.5,140850.0,2024-10-29
2024102904016289,NGPL,57,58,1000.0,470.0,470000.0,2024-10-29
2024102904016288,NGPL,67,58,50.0,470.0,23500.0,2024-10-29
2024102904016287,NGPL,16,58,1000.0,470.0,470000.0,2024-10-29
2024102904016286,NGPL,47,58,115.0,470.0,54050.0,2024-10-29
2024102905013706,CHDC,43,76,10.0,1728.8,17288.0,2024-10-29
2024102901018659,TPC,48,57,75.0,470.0,35250.0,2024-10-29
2024102901018658,SPHL,57,1,10.0,689.9,6899.0,2024-10-29
2024102903019187,CFCL,59,57,53.0,679.0,35987.0,2024-10-29
2024102903019186,CFCL,58,57,50.0,679.0,33950.0,2024-10-29
2024102903019185,CFCL,38,57,250.0,679.0,169750.0,2024-10-29
2024102903019184,CFCL,52,57,40.0,679.0,27160.0,2024-10-29
2024102903019183,CFCL,6,57,110.0,679.0,74690.0,2024-10-29
2024102903019182,CFCL,14,57,57.0,679.0,38703.0,2024-10-29
2024102903019181,CFCL,4,57,440.0,679.1,298804.0,2024-10-29
2024102903019180,CFCL,70,47,143.0,680.0,97240.0,2024-10-29
2024102901018657,EHPL,83,25,10.0,830.0,8300.0,2024-10-29
2024102901018656,EHPL,83,57,10.0,827.0,8270.0,2024-10-29
2024102904016285,UAIL,32,17,10.0,669.1,6691.0,2024-10-29
2024102905013705,PHCL,55,50,100.0,541.8,54180.0,2024-10-29
2024102901018655,KBL,42,45,320.0,234.0,74880.0,2024-10-29
2024102901018654,KBL,42,52,10.0,234.0,2340.0,2024-10-29
2024102901018653,KBL,42,1,670.0,234.0,156780.0,2024-10-29
2024102901018652,KBL,42,1,30.0,234.0,7020.0,2024-10-29
2024102905013704,CIT,22,49,20.0,2197.0,43940.0,2024-10-29
2024102903019179,GRDBL,96,38,10.0,775.0,7750.0,2024-10-29
2024102903019178,GRDBL,96,10,490.0,775.0,379750.0,2024-10-29
2024102904016284,HPPL,57,45,30.0,336.0,10080.0,2024-10-29
2024102904016283,KKHC,13,6,45.0,285.0,12825.0,2024-10-29
2024102904016282,HPPL,71,90,10.0,339.0,3390.0,2024-10-29
2024102901018651,SRLI,41,42,100.0,460.0,46000.0,2024-10-29
2024102901018650,KBL,48,1,90.0,234.0,21060.0,2024-10-29
2024102905013703,PHCL,35,4,10.0,541.8,5418.0,2024-10-29
2024102904016281,PPCL,36,35,201.0,268.1,53888.1,2024-10-29
2024102904016280,RURU,53,59,10.0,755.0,7550.0,2024-10-29
2024102903019177,SFCL,42,52,10.0,798.6,7986.0,2024-10-29
2024102904016279,HURJA,58,43,56.0,225.0,12600.0,2024-10-29
2024102904016278,HURJA,58,52,200.0,224.9,44980.0,2024-10-29
2024102901018649,MHCL,57,38,10.0,430.2,4302.0,2024-10-29
2024102901018648,MHCL,57,58,35.0,430.0,15050.0,2024-10-29
2024102905013702,NICGF,57,52,1000.0,11.01,11010.0,2024-10-29
2024102905013701,NICGF,57,57,200.0,11.01,2202.0,2024-10-29
2024102901018647,USHEC,58,58,10.0,570.0,5700.0,2024-10-29
2024102904016277,GLH,34,55,50.0,257.3,12865.0,2024-10-29
2024102904016276,SHPC,37,34,10.0,548.7,5487.0,2024-10-29
2024102901018646,UNL,38,28,10.0,48400.0,484000.0,2024-10-29
2024102904016275,IGI,42,59,16.0,632.0,10112.0,2024-10-29
2024102903019176,GBLBS,32,42,21.0,778.9,16356.9,2024-10-29
2024102901018645,EBL,22,38,40.0,599.9,23996.0,2024-10-29
2024102901018644,RFPL,62,22,50.0,638.8,31940.0,2024-10-29
2024102903019175,EDBL,62,33,300.0,655.0,196500.0,2024-10-29
2024102904016274,LEC,8,58,133.0,278.0,36974.0,2024-10-29
2024102904016273,LEC,11,58,17.0,278.0,4726.0,2024-10-29
2024102901018643,BHDC,22,37,200.0,608.0,121600.0,2024-10-29
2024102901018642,BHDC,33,37,90.0,608.0,54720.0,2024-10-29
2024102901018641,BHDC,22,37,300.0,608.1,182430.0,2024-10-29
2024102901018640,BHDC,57,37,171.0,610.0,104310.0,2024-10-29
2024102904016272,NLG,55,45,115.0,1355.0,155825.0,2024-10-29
2024102903019174,JFL,41,51,100.0,789.5,78950.0,2024-10-29
2024102904016271,RIDI,16,45,1000.0,246.0,246000.0,2024-10-29
2024102904016270,AKPL,25,39,352.0,256.3,90217.6,2024-10-29
2024102903019173,MFIL,25,29,60.0,766.2,45972.0,2024-10-29
2024102903019172,MFIL,6,29,30.0,766.3,22989.0,2024-10-29
2024102904016269,MEN,16,14,100.0,686.0,68600.0,2024-10-29
2024102904016268,NHPC,14,42,10.0,230.7,2307.0,2024-10-29
2024102903019171,PROFL,35,59,10.0,702.0,7020.0,2024-10-29
2024102901018639,SNLI,35,45,100.0,610.0,61000.0,2024-10-29
2024102903019170,BFC,55,53,76.0,659.4,50114.4,2024-10-29
2024102903019169,BFC,19,53,84.0,659.4,55389.6,2024-10-29
2024102903019168,BFC,54,53,20.0,659.5,13190.0,2024-10-29
2024102903019167,BFC,62,53,20.0,659.5,13190.0,2024-10-29
2024102903019166,SHINE,53,26,10.0,485.0,4850.0,2024-10-29
2024102905013700,SAHAS,33,58,10.0,533.0,5330.0,2024-10-29
2024102905013699,SAHAS,33,62,400.0,533.0,213200.0,2024-10-29
2024102905013698,SAHAS,33,63,50.0,533.0,26650.0,2024-10-29
2024102905013697,SAHAS,33,54,190.0,533.0,101270.0,2024-10-29
2024102905013696,SAHAS,33,32,304.0,533.0,162032.0,2024-10-29
2024102905013695,HDL,22,7,144.0,1379.0,198576.0,2024-10-29
2024102905013694,HDL,84,7,56.0,1379.0,77224.0,2024-10-29
2024102904016267,UMRH,44,42,10.0,495.0,4950.0,2024-10-29
2024102901018638,NWCL,41,57,100.0,1026.0,102600.0,2024-10-29
2024102901018637,MHL,42,25,90.0,736.0,66240.0,2024-10-29
2024102901018636,USHEC,25,54,55.0,580.0,31900.0,2024-10-29
2024102901018635,USHEC,25,10,100.0,579.0,57900.0,2024-10-29
2024102901018634,USHEC,25,22,20.0,579.0,11580.0,2024-10-29
2024102901018633,USHEC,25,19,50.0,579.0,28950.0,2024-10-29
2024102901018632,USHEC,25,57,10.0,578.0,5780.0,2024-10-29
2024102901018631,USHEC,25,5,297.0,578.0,171666.0,2024-10-29
2024102901018630,USHEC,25,34,83.0,577.4,47924.2,2024-10-29
2024102901018629,USHEC,25,45,19.0,577.3,10968.7,2024-10-29
2024102901018628,USHEC,25,14,50.0,577.3,28865.0,2024-10-29
2024102901018627,USHEC,25,49,50.0,577.0,28850.0,2024-10-29
2024102901018626,USHEC,25,42,380.0,577.0,219260.0,2024-10-29
2024102901018625,USHEC,25,26,100.0,577.0,57700.0,2024-10-29
2024102901018624,USHEC,25,38,89.0,577.0,51353.0,2024-10-29
2024102901018623,BEDC,32,57,10.0,491.4,4914.0,2024-10-29
2024102905013693,MBJC,32,16,21.0,337.0,7077.0,2024-10-29
2024102905013692,GCIL,58,34,11.0,507.9,5586.9,2024-10-29
2024102904016266,SHEL,34,28,884.0,253.0,223652.0,2024-10-29
2024102904016265,SHEL,34,91,116.0,252.0,29232.0,2024-10-29
2024102901018622,TVCL,38,77,20.0,471.0,9420.0,2024-10-29
2024102905013691,VLUCL,81,44,200.0,628.0,125600.0,2024-10-29
2024102905013690,VLUCL,81,47,100.0,627.8,62780.0,2024-10-29
2024102905013689,VLUCL,81,36,10.0,626.5,6265.0,2024-10-29
2024102905013688,MBJC,46,16,19.0,337.0,6403.0,2024-10-29
2024102901018621,LSL,42,80,215.0,250.0,53750.0,2024-10-29
2024102905013687,NIFRA,25,13,54.0,286.0,15444.0,2024-10-29
2024102903019165,SADBL,98,43,200.0,429.0,85800.0,2024-10-29
2024102903019164,SADBL,98,53,200.0,428.9,85780.0,2024-10-29
2024102903019163,SADBL,98,43,40.0,428.9,17156.0,2024-10-29
2024102903019162,JFL,41,41,309.0,789.5,243955.5,2024-10-29
2024102905013686,SMJC,35,66,10.0,599.0,5990.0,2024-10-29
2024102905013685,HDL,84,53,20.0,1379.0,27580.0,2024-10-29
2024102903019161,KMCDB,77,58,18.0,1046.9,18844.2,2024-10-29
2024102903019160,KMCDB,77,4,100.0,1046.5,104650.0,2024-10-29
2024102903019159,KMCDB,77,48,32.0,1045.5,33456.0,2024-10-29
2024102903019158,SAPDBL,72,5,100.0,627.0,62700.0,2024-10-29
2024102904016264,RIDI,52,21,956.0,245.3,234506.8,2024-10-29
2024102901018620,NMB,21,50,200.0,262.0,52400.0,2024-10-29
2024102904016263,UPCL,21,58,300.0,275.9,82770.0,2024-10-29
2024102904016262,UPCL,21,28,385.0,275.9,106221.5,2024-10-29
2024102904016261,NLG,55,63,285.0,1355.0,386175.0,2024-10-29
2024102903019157,RLFL,45,44,50.0,651.0,32550.0,2024-10-29
2024102904016260,MHNL,14,56,25.0,270.0,6750.0,2024-10-29
2024102904016259,MHNL,52,56,45.0,270.0,12150.0,2024-10-29
2024102904016258,MHNL,59,56,100.0,270.1,27010.0,2024-10-29
2024102904016257,MHNL,59,56,80.0,270.1,21608.0,2024-10-29
2024102905013684,HIDCL,32,89,10.0,279.4,2794.0,2024-10-29
2024102901018619,CITY,13,55,41.0,850.2,34858.2,2024-10-29
2024102901018618,CITY,57,55,81.0,851.0,68931.0,2024-10-29
2024102903019156,NUBL,46,34,10.0,730.0,7300.0,2024-10-29
2024102904016256,BARUN,42,5,10.0,395.0,3950.0,2024-10-29
2024102903019155,ICFC,13,56,50.0,820.0,41000.0,2024-10-29
2024102901018617,RFPL,8,22,32.0,638.8,20441.6,2024-10-29
2024102901018616,RFPL,8,51,110.0,637.7,70147.0,2024-10-29
2024102901018615,RFPL,8,58,18.0,635.0,11430.0,2024-10-29
2024102901018614,RFPL,8,47,40.0,633.5,25340.0,2024-10-29
2024102901018613,MAKAR,86,39,100.0,565.1,56510.0,2024-10-29
2024102903019154,WNLB,40,64,100.0,2600.0,260000.0,2024-10-29
2024102901018612,SMHL,65,60,451.0,692.0,312092.0,2024-10-29
2024102901018611,SMHL,17,60,40.0,692.1,27684.0,2024-10-29
2024102903019153,MDB,14,62,82.0,649.6,53267.2,2024-10-29
2024102905013683,PHCL,65,58,200.0,541.0,108200.0,2024-10-29
2024102901018610,SBL,14,14,10.0,338.9,3389.0,2024-10-29
2024102903019152,SKBBL,42,58,29.0,946.0,27434.0,2024-10-29
2024102903019151,GUFL,45,33,30.0,776.0,23280.0,2024-10-29
2024102901018609,USHL,58,51,10.0,792.8,7928.0,2024-10-29
2024102901018608,USHL,58,34,10.0,788.9,7889.0,2024-10-29
2024102901018607,SPC,36,7,34.0,522.3,17758.2,2024-10-29
2024102903019150,CFCL,6,47,10.0,680.0,6800.0,2024-10-29
2024102903019149,CFCL,6,20,40.0,680.0,27200.0,2024-10-29
2024102903019148,CFCL,19,20,100.0,680.0,68000.0,2024-10-29
2024102905013682,HRL,56,50,50.0,878.0,43900.0,2024-10-29
2024102901018606,MHL,56,26,10.0,742.6,7426.0,2024-10-29
2024102901018605,NMB,57,50,200.0,262.0,52400.0,2024-10-29
2024102901018604,NMB,57,50,99.0,262.0,25938.0,2024-10-29
2024102901018603,GVL,55,43,100.0,540.0,54000.0,2024-10-29
2024102901018602,KBL,38,1,200.0,234.0,46800.0,2024-10-29
2024102903019147,GFCL,38,56,10.0,1035.0,10350.0,2024-10-29
2024102901018601,HHL,29,85,100.0,458.2,45820.0,2024-10-29
2024102904016255,SHL,45,4,475.0,536.0,254600.0,2024-10-29
2024102904016254,SHL,45,63,500.0,536.0,268000.0,2024-10-29
2024102904016253,SHL,45,6,100.0,536.0,53600.0,2024-10-29
2024102904016252,SHL,45,6,100.0,536.0,53600.0,2024-10-29
2024102904016251,SHL,45,6,100.0,536.0,53600.0,2024-10-29
2024102904016250,SHL,45,35,100.0,535.9,53590.0,2024-10-29
2024102904016249,SHL,45,39,100.0,535.0,53500.0,2024-10-29
2024102904016248,SHL,45,54,100.0,535.0,53500.0,2024-10-29
2024102904016247,SHL,45,53,500.0,535.0,267500.0,2024-10-29
2024102904016246,SHL,45,33,425.0,535.0,227375.0,2024-10-29
2024102904016245,SHL,45,34,500.0,534.9,267450.0,2024-10-29
2024102905013681,HRL,71,50,100.0,878.0,87800.0,2024-10-29
2024102905013680,ENL,41,39,20.0,1166.0,23320.0,2024-10-29
2024102901018600,TPC,48,58,10.0,470.0,4700.0,2024-10-29
2024102901018599,TPC,48,64,115.0,470.0,54050.0,2024-10-29
2024102904016244,CHCL,42,48,30.0,583.0,17490.0,2024-10-29
2024102901018598,GVL,48,43,50.0,540.0,27000.0,2024-10-29
2024102903019146,FMDBL,89,19,20.0,770.0,15400.0,2024-10-29
2024102901018597,HBL,7,42,463.0,257.0,118991.0,2024-10-29
2024102904016243,UNHPL,65,41,96.0,282.0,27072.0,2024-10-29
2024102904016242,UNHPL,65,50,50.0,282.0,14100.0,2024-10-29
2024102904016241,UNHPL,65,13,34.0,282.0,9588.0,2024-10-29
2024102904016240,SHEL,5,91,284.0,252.0,71568.0,2024-10-29
2024102904016239,SHEL,5,50,66.0,252.0,16632.0,2024-10-29
2024102904016238,PRIN,56,52,10.0,1004.0,10040.0,2024-10-29
2024102901018596,TVCL,58,92,100.0,470.0,47000.0,2024-10-29
2024102901018595,TVCL,33,92,50.0,470.0,23500.0,2024-10-29
2024102904016237,UMHL,62,43,300.0,335.0,100500.0,2024-10-29
2024102901018594,ULHC,48,56,10.0,442.0,4420.0,2024-10-29
2024102903019145,GFCL,42,56,10.0,1035.0,10350.0,2024-10-29
2024102903019144,MFIL,6,45,20.0,766.3,15326.0,2024-10-29
2024102903019143,ALBSL,32,45,18.0,1082.0,19476.0,2024-10-29
2024102901018593,ULHC,45,13,10.0,442.9,4429.0,2024-10-29
2024102903019142,GUFL,45,19,69.0,776.0,53544.0,2024-10-29
2024102903019141,GUFL,45,55,50.0,776.0,38800.0,2024-10-29
2024102903019140,GUFL,45,58,60.0,776.0,46560.0,2024-10-29
2024102903019139,SLBSL,35,16,42.0,1370.0,57540.0,2024-10-29
2024102903019138,SLBSL,49,16,10.0,1371.2,13712.0,2024-10-29
2024102905013679,CHDC,41,76,200.0,1728.8,345760.0,2024-10-29
2024102904016236,UPCL,4,28,100.0,275.9,27590.0,2024-10-29
2024102905013678,SAHAS,33,7,10.0,532.1,5321.0,2024-10-29
2024102903019137,PROFL,6,59,75.0,702.0,52650.0,2024-10-29
2024102903019136,PROFL,6,41,225.0,700.0,157500.0,2024-10-29
2024102901018592,NABIL,52,13,120.0,591.8,71016.0,2024-10-29
2024102903019135,PROFL,88,41,303.0,700.0,212100.0,2024-10-29
2024102901018591,PRVU,28,44,500.0,251.8,125900.0,2024-10-29
2024102901018590,PRVU,28,55,800.0,251.8,201440.0,2024-10-29
2024102901018589,PRVU,28,36,500.0,251.7,125850.0,2024-10-29
2024102901018588,PRVU,28,57,47.0,251.0,11797.0,2024-10-29
2024102901018587,PRVU,28,42,220.0,251.0,55220.0,2024-10-29
2024102901018586,PRVU,28,59,81.0,251.0,20331.0,2024-10-29
2024102905013677,HATHY,45,36,2.0,1330.0,2660.0,2024-10-29
2024102904016235,SPDL,58,44,100.0,319.0,31900.0,2024-10-29
2024102905013676,HIDCL,56,41,200.0,279.8,55960.0,2024-10-29
2024102901018585,MKHC,45,56,180.0,377.1,67878.0,2024-10-29
2024102901018584,MKHC,21,56,100.0,378.0,37800.0,2024-10-29
2024102903019134,JFL,41,58,200.0,789.5,157900.0,2024-10-29
2024102905013675,NICGF,57,58,100.0,11.0,1100.0,2024-10-29
2024102905013674,NICGF,57,19,500.0,11.0,5500.0,2024-10-29
2024102903019133,ALBSL,32,55,44.0,1082.0,47608.0,2024-10-29
2024102905013673,SAHAS,33,46,100.0,532.1,53210.0,2024-10-29
2024102901018583,MEHL,67,22,100.0,396.0,39600.0,2024-10-29
2024102905013672,HATHY,22,35,10.0,1340.0,13400.0,2024-10-29
2024102904016234,NGPL,49,58,2000.0,471.0,942000.0,2024-10-29
2024102905013671,ENL,45,39,75.0,1166.0,87450.0,2024-10-29
2024102901018582,MKHL,58,61,10.0,559.9,5599.0,2024-10-29
2024102901018581,MANDU,34,48,110.0,910.0,100100.0,2024-10-29
2024102904016233,HDHPC,34,41,400.0,215.7,86280.0,2024-10-29
2024102904016232,HDHPC,50,41,130.0,215.8,28054.0,2024-10-29
2024102903019132,PROFL,40,41,25.0,700.0,17500.0,2024-10-29
2024102905013670,ENL,4,39,40.0,1166.0,46640.0,2024-10-29
2024102905013669,GCIL,54,52,159.0,508.0,80772.0,2024-10-29
2024102905013668,GCIL,54,6,11.0,508.0,5588.0,2024-10-29
2024102905013667,GCIL,54,94,11.0,508.0,5588.0,2024-10-29
2024102905013666,GCIL,54,49,11.0,508.0,5588.0,2024-10-29
2024102905013665,GCIL,54,17,308.0,507.9,156433.2,2024-10-29
2024102903019131,GFCL,5,56,110.0,1035.0,113850.0,2024-10-29
2024102904016231,KPCL,43,14,100.0,509.0,50900.0,2024-10-29
2024102904016230,IGI,62,59,84.0,633.0,53172.0,2024-10-29
2024102904016229,CGH,56,50,10.0,936.0,9360.0,2024-10-29
2024102905013664,CHDC,56,76,500.0,1728.8,864400.0,2024-10-29
2024102904016228,UPPER,57,13,300.0,222.0,66600.0,2024-10-29
2024102904016227,UPPER,57,50,200.0,221.5,44300.0,2024-10-29
2024102901018580,KBL,58,1,30.0,234.0,7020.0,2024-10-29
2024102901018579,NICAD8182,22,57,90.0,1060.0,95400.0,2024-10-29
2024102901018578,NICAD8182,22,45,10.0,1059.9,10599.0,2024-10-29
2024102903019130,PFL,38,44,10.0,669.0,6690.0,2024-10-29
2024102905013663,NIFRA,25,42,54.0,286.0,15444.0,2024-10-29
2024102905013662,GCIL,49,17,13.0,507.9,6602.7,2024-10-29
2024102905013661,GCIL,49,16,13.0,507.8,6601.4,2024-10-29
2024102905013660,SMATA,22,58,10.0,884.5,8845.0,2024-10-29
2024102904016226,UMRH,8,42,10.0,495.0,4950.0,2024-10-29
2024102903019129,SWMF,53,52,10.0,820.0,8200.0,2024-10-29
2024102903019128,SKBBL,77,49,10.0,947.0,9470.0,2024-10-29
2024102903019127,JFL,41,63,300.0,789.5,236850.0,2024-10-29
2024102904016225,KPCL,21,52,70.0,508.0,35560.0,2024-10-29
2024102905013659,SONA,52,7,10.0,486.6,4866.0,2024-10-29
2024102903019126,JFL,41,36,1000.0,789.5,789500.0,2024-10-29
2024102904016224,NGPL,47,32,50.0,470.0,23500.0,2024-10-29
2024102904016223,SSHL,6,32,165.0,223.0,36795.0,2024-10-29
2024102904016222,SSHL,57,32,200.0,223.0,44600.0,2024-10-29
2024102904016221,SSHL,58,32,115.0,223.1,25656.5,2024-10-29
2024102904016220,SSHL,4,32,200.0,223.2,44640.0,2024-10-29
2024102904016219,SSHL,42,32,100.0,223.3,22330.0,2024-10-29
2024102904016218,SSHL,42,32,20.0,223.5,4470.0,2024-10-29
2024102904016217,SSHL,1,32,200.0,223.6,44720.0,2024-10-29
2024102904016216,NICL,32,22,10.0,1026.0,10260.0,2024-10-29
2024102901018577,BNHC,86,58,10.0,485.9,4859.0,2024-10-29
2024102904016215,SSHL,22,45,10.0,223.9,2239.0,2024-10-29
2024102901018576,GBIME,38,3,200.0,255.8,51160.0,2024-10-29
2024102901018575,GBIME,38,52,100.0,255.8,25580.0,2024-10-29
2024102901018574,GBIME,38,11,130.0,255.8,33254.0,2024-10-29
2024102901018573,GBIME,38,42,114.0,255.7,29149.8,2024-10-29
2024102904016214,NHPC,32,42,10.0,231.2,2312.0,2024-10-29
2024102905013658,HATHY,54,91,70.0,1336.0,93520.0,2024-10-29
2024102901018572,MEHL,67,42,80.0,396.0,31680.0,2024-10-29
2024102903019125,DDBL,49,63,220.0,936.0,205920.0,2024-10-29
2024102903019124,DDBL,49,49,12.0,935.0,11220.0,2024-10-29
2024102903019123,DDBL,49,63,68.0,935.0,63580.0,2024-10-29
2024102903019122,PROFL,45,41,50.0,700.0,35000.0,2024-10-29
2024102903019121,CFCL,48,20,300.0,680.0,204000.0,2024-10-29
2024102901018571,SNLI,35,51,39.0,615.0,23985.0,2024-10-29
2024102901018570,SNLI,35,72,61.0,614.0,37454.0,2024-10-29
2024102905013657,HATHY,88,35,50.0,1340.0,67000.0,2024-10-29
2024102905013656,HATHY,46,35,20.0,1340.0,26800.0,2024-10-29
2024102905013655,HATHY,42,35,10.0,1340.0,13400.0,2024-10-29
2024102905013654,HATHY,6,35,10.0,1340.0,13400.0,2024-10-29
2024102905013653,HATHY,55,35,76.0,1340.0,101840.0,2024-10-29
2024102905013652,HATHY,61,35,40.0,1340.0,53600.0,2024-10-29
2024102905013651,HATHY,26,35,30.0,1340.0,40200.0,2024-10-29
2024102905013650,HATHY,34,35,10.0,1340.1,13401.0,2024-10-29
2024102905013649,HATHY,45,35,20.0,1343.0,26860.0,2024-10-29
2024102905013648,HATHY,44,35,10.0,1343.5,13435.0,2024-10-29
2024102905013647,HATHY,50,35,10.0,1344.0,13440.0,2024-10-29
2024102905013646,HATHY,67,35,27.0,1345.0,36315.0,2024-10-29
2024102903019120,FMDBL,14,19,348.0,770.0,267960.0,2024-10-29
2024102903019119,FMDBL,14,14,155.0,770.0,119350.0,2024-10-29
2024102903019118,FMDBL,14,34,100.0,770.0,77000.0,2024-10-29
2024102903019117,FMDBL,14,19,50.0,770.0,38500.0,2024-10-29
2024102903019116,GFCL,34,7,190.0,1034.0,196460.0,2024-10-29
2024102903019115,GFCL,17,7,10.0,1034.0,10340.0,2024-10-29
2024102903019114,KRBL,96,6,333.0,655.0,218115.0,2024-10-29
2024102903019113,KRBL,55,6,30.0,655.0,19650.0,2024-10-29
2024102904016213,NGPL,47,19,35.0,470.0,16450.0,2024-10-29
2024102904016212,NGPL,26,19,200.0,470.0,94000.0,2024-10-29
2024102901018569,SIKLES,80,34,10.0,704.8,7048.0,2024-10-29
2024102903019112,NMFBS,63,49,100.0,1448.0,144800.0,2024-10-29
2024102901018568,BHPL,55,55,40.0,688.0,27520.0,2024-10-29
2024102901018567,BHPL,57,55,100.0,688.5,68850.0,2024-10-29
2024102901018566,BHPL,13,55,100.0,688.6,68860.0,2024-10-29
2024102901018565,BHPL,49,55,25.0,688.6,17215.0,2024-10-29
2024102904016211,HDHPC,50,57,300.0,215.8,64740.0,2024-10-29
2024102905013645,HRL,37,50,200.0,878.0,175600.0,2024-10-29
2024102901018564,NICA,42,49,440.0,450.9,198396.0,2024-10-29
2024102904016210,SHEL,6,8,150.0,251.3,37695.0,2024-10-29
2024102903019111,PROFL,43,41,100.0,700.0,70000.0,2024-10-29
2024102903019110,PROFL,45,41,50.0,700.0,35000.0,2024-10-29
2024102903019109,PROFL,58,41,100.0,700.0,70000.0,2024-10-29
2024102903019108,PROFL,49,41,100.0,700.0,70000.0,2024-10-29
2024102903019107,PROFL,41,41,46.0,700.0,32200.0,2024-10-29
2024102905013644,HDL,41,34,70.0,1379.8,96586.0,2024-10-29
2024102904016209,SHPC,60,63,10.0,549.0,5490.0,2024-10-29
2024102903019106,SFCL,42,33,300.0,798.6,239580.0,2024-10-29
2024102904016208,AKJCL,58,32,25.0,216.5,5412.5,2024-10-29
2024102904016207,AKJCL,58,45,300.0,216.5,64950.0,2024-10-29
2024102904016206,AKJCL,58,19,760.0,216.5,164540.0,2024-10-29
2024102904016205,AKJCL,58,50,415.0,216.4,89806.0,2024-10-29
2024102904016204,AKPL,7,48,203.0,258.0,52374.0,2024-10-29
2024102904016203,AKPL,7,63,393.0,258.0,101394.0,2024-10-29
2024102904016202,AKPL,7,91,350.0,257.9,90265.0,2024-10-29
2024102904016201,AKPL,7,25,200.0,257.5,51500.0,2024-10-29
2024102904016200,AKPL,7,25,500.0,257.0,128500.0,2024-10-29
2024102904016199,AKPL,7,62,200.0,257.0,51400.0,2024-10-29
2024102904016198,AKPL,7,6,154.0,257.0,39578.0,2024-10-29
2024102905013643,NIFRA,25,6,100.0,286.0,28600.0,2024-10-29
2024102905013642,NIFRA,25,92,54.0,286.0,15444.0,2024-10-29
2024102903019105,JBBL,43,62,500.0,364.0,182000.0,2024-10-29
2024102904016197,AKPL,21,6,500.0,257.0,128500.0,2024-10-29
2024102901018563,AHL,21,36,150.0,705.5,105825.0,2024-10-29
2024102904016196,AKPL,55,6,10.0,257.0,2570.0,2024-10-29
2024102904016195,HEI,17,50,40.0,679.0,27160.0,2024-10-29
2024102904016194,HEI,17,25,50.0,678.0,33900.0,2024-10-29
2024102904016193,HEI,17,51,60.0,678.0,40680.0,2024-10-29
2024102904016192,HEI,17,17,53.0,678.0,35934.0,2024-10-29
2024102903019104,ICFC,58,56,100.0,820.0,82000.0,2024-10-29
2024102904016191,AHPC,35,32,762.0,278.0,211836.0,2024-10-29
2024102904016190,AHPC,49,32,470.0,278.0,130660.0,2024-10-29
2024102904016189,AHPC,58,32,10.0,279.0,2790.0,2024-10-29
2024102904016188,AHPC,5,32,58.0,279.0,16182.0,2024-10-29
2024102901018562,HIDCLP,56,17,10.0,183.4,1834.0,2024-10-29
2024102903019103,GFCL,21,57,50.0,1034.0,51700.0,2024-10-29
2024102905013641,HIDCL,56,57,35.0,279.1,9768.5,2024-10-29
2024102903019102,CFCL,58,20,60.0,680.0,40800.0,2024-10-29
2024102905013640,NTC,38,43,10.0,984.0,9840.0,2024-10-29
2024102904016187,SHPC,38,63,630.0,549.0,345870.0,2024-10-29
2024102904016186,SHPC,38,42,630.0,549.0,345870.0,2024-10-29
2024102904016185,SHPC,38,35,190.0,548.8,104272.0,2024-10-29
2024102901018561,MKJC,8,37,28.0,488.5,13678.0,2024-10-29
2024102901018560,MKJC,56,37,75.0,488.6,36645.0,2024-10-29
2024102901018559,MKJC,46,37,659.0,489.0,322251.0,2024-10-29
2024102905013639,PHCL,65,42,10.0,541.0,5410.0,2024-10-29
2024102903019101,GRDBL,20,10,10.0,775.0,7750.0,2024-10-29
2024102901018558,NBL,45,26,57.0,287.0,16359.0,2024-10-29
2024102903019100,SHINE,48,45,450.0,484.1,217845.0,2024-10-29
2024102903019099,SHINE,45,45,50.0,484.2,24210.0,2024-10-29
2024102903019098,SFCL,42,71,450.0,798.6,359370.0,2024-10-29
2024102903019097,SFCL,17,71,50.0,798.9,39945.0,2024-10-29
2024102904016184,SHPC,14,35,10.0,548.8,5488.0,2024-10-29
2024102904016183,KKHC,4,6,100.0,285.0,28500.0,2024-10-29
2024102904016182,KKHC,58,6,55.0,285.0,15675.0,2024-10-29
2024102903019096,NABBC,42,6,20.0,660.0,13200.0,2024-10-29
2024102901018557,EHPL,83,28,75.0,826.0,61950.0,2024-10-29
2024102901018556,EHPL,83,68,50.0,825.0,41250.0,2024-10-29
2024102901018555,EHPL,83,58,295.0,825.0,243375.0,2024-10-29
2024102905013638,NIFRA,25,42,64.0,286.0,18304.0,2024-10-29
2024102903019095,SIFC,26,4,153.0,653.9,100046.7,2024-10-29
2024102904016181,NICL,81,22,210.0,1026.0,215460.0,2024-10-29
2024102905013637,VLUCL,1,48,10.0,626.0,6260.0,2024-10-29
2024102905013636,VLUCL,1,41,15.0,626.0,9390.0,2024-10-29
2024102904016180,SHPC,37,19,90.0,548.7,49383.0,2024-10-29
2024102901018554,BEDC,43,38,10.0,485.0,4850.0,2024-10-29
2024102901018553,NABIL,38,13,10.0,591.8,5918.0,2024-10-29
2024102903019094,GFCL,42,56,40.0,1035.0,41400.0,2024-10-29
2024102905013635,NRM,58,42,98.0,452.0,44296.0,2024-10-29
2024102905013634,NRM,41,42,30.0,452.0,13560.0,2024-10-29
2024102904016179,NLG,55,58,80.0,1355.0,108400.0,2024-10-29
2024102904016178,NLG,8,58,50.0,1355.1,67755.0,2024-10-29
2024102901018552,KBL,45,1,150.0,234.0,35100.0,2024-10-29
2024102901018551,SBL,94,14,500.0,338.9,169450.0,2024-10-29
2024102901018550,MHCL,47,58,25.0,430.0,10750.0,2024-10-29
2024102903019093,JFL,49,89,50.0,789.6,39480.0,2024-10-29
2024102904016177,CHL,16,74,500.0,356.5,178250.0,2024-10-29
2024102901018549,USHEC,4,38,11.0,577.0,6347.0,2024-10-29
2024102901018548,USHEC,4,58,10.0,576.5,5765.0,2024-10-29
2024102901018547,USHEC,4,4,10.0,575.0,5750.0,2024-10-29
2024102901018546,USHEC,4,56,10.0,575.0,5750.0,2024-10-29
2024102901018545,USHEC,4,1,400.0,575.0,230000.0,2024-10-29
2024102901018544,USHEC,4,58,49.0,574.0,28126.0,2024-10-29
2024102903019092,SHINE,45,29,50.0,484.2,24210.0,2024-10-29
2024102904016176,UMHL,14,36,117.0,339.0,39663.0,2024-10-29
2024102904016175,UMHL,14,46,43.0,339.0,14577.0,2024-10-29
2024102904016174,UMHL,14,49,990.0,338.9,335511.0,2024-10-29
2024102903019091,PROFL,41,19,54.0,700.0,37800.0,2024-10-29
2024102903019090,PROFL,49,19,46.0,700.1,32204.6,2024-10-29
2024102903019089,PROFL,58,19,300.0,701.0,210300.0,2024-10-29
2024102904016173,AKPL,47,6,50.0,257.0,12850.0,2024-10-29
2024102903019088,SFCL,17,50,150.0,798.9,119835.0,2024-10-29
2024102904016172,JOSHI,22,38,150.0,315.0,47250.0,2024-10-29
2024102903019087,MNBBL,34,1,100.0,401.0,40100.0,2024-10-29
2024102901018543,CYCL,49,21,10.0,1564.0,15640.0,2024-10-29
2024102904016171,MEN,13,46,50.0,687.0,34350.0,2024-10-29
2024102904016170,MEN,13,52,50.0,687.0,34350.0,2024-10-29
2024102903019086,NABBC,42,44,180.0,660.0,118800.0,2024-10-29
2024102903019085,KRBL,25,8,200.0,656.0,131200.0,2024-10-29
2024102901018542,MHL,49,8,30.0,740.0,22200.0,2024-10-29
2024102903019084,SAPDBL,72,16,200.0,627.0,125400.0,2024-10-29
2024102903019083,MATRI,41,48,18.0,1415.0,25470.0,2024-10-29
2024102901018541,SMHL,17,35,60.0,692.1,41526.0,2024-10-29
2024102901018540,SMHL,65,35,940.0,693.0,651420.0,2024-10-29
2024102903019082,KMCDB,77,59,20.0,1045.0,20900.0,2024-10-29
2024102903019081,KMCDB,77,62,80.0,1044.9,83592.0,2024-10-29
2024102903019080,KMCDB,77,41,14.0,1044.0,14616.0,2024-10-29
2024102903019079,KMCDB,77,25,364.0,1043.0,379652.0,2024-10-29
2024102903019078,KMCDB,77,77,14.0,1041.0,14574.0,2024-10-29
2024102903019077,SFCL,42,63,20.0,798.6,15972.0,2024-10-29
2024102903019076,SFCL,26,63,80.0,798.7,63896.0,2024-10-29
2024102904016169,MEN,16,21,98.0,686.0,67228.0,2024-10-29
2024102901018539,MEHL,44,95,586.0,398.4,233462.4,2024-10-29
2024102901018538,MEHL,44,14,200.0,398.3,79660.0,2024-10-29
2024102901018537,MEHL,44,38,10.0,398.0,3980.0,2024-10-29
2024102901018536,MEHL,44,34,10.0,398.0,3980.0,2024-10-29
2024102901018535,MEHL,44,35,10.0,398.0,3980.0,2024-10-29
2024102901018534,MEHL,44,16,10.0,398.0,3980.0,2024-10-29
2024102901018533,MEHL,44,57,100.0,398.0,39800.0,2024-10-29
2024102901018532,MEHL,44,57,200.0,398.0,79600.0,2024-10-29
2024102901018531,MEHL,44,55,34.0,398.0,13532.0,2024-10-29
2024102901018530,MEHL,44,95,500.0,397.8,198900.0,2024-10-29
2024102901018529,MEHL,44,28,90.0,397.5,35775.0,2024-10-29
2024102901018528,MEHL,44,22,50.0,397.0,19850.0,2024-10-29
2024102901018527,MEHL,44,47,200.0,397.0,79400.0,2024-10-29
2024102901018526,MEHL,44,41,10.0,397.0,3970.0,2024-10-29
2024102901018525,MEHL,44,26,90.0,396.9,35721.0,2024-10-29
2024102904016168,UMHL,62,69,1652.0,335.0,553420.0,2024-10-29
2024102904016167,UMHL,37,69,100.0,335.1,33510.0,2024-10-29
2024102904016166,UMHL,58,69,20.0,335.5,6710.0,2024-10-29
2024102904016165,UMHL,41,69,100.0,338.0,33800.0,2024-10-29
2024102904016164,UMHL,62,69,128.0,338.8,43366.4,2024-10-29
2024102905013633,GCIL,36,69,205.0,507.5,104037.5,2024-10-29
2024102905013632,GCIL,5,69,95.0,507.8,48241.0,2024-10-29
2024102903019075,BFC,62,26,80.0,659.5,52760.0,2024-10-29
2024102905013631,NICGF,57,19,9500.0,11.0,104500.0,2024-10-29
2024102905013630,NICGF,57,35,500.0,11.0,5500.0,2024-10-29
2024102903019074,SJLIC,49,13,500.0,491.1,245550.0,2024-10-29
2024102903019073,SJLIC,34,13,100.0,492.0,49200.0,2024-10-29
2024102901018524,MHCL,47,42,25.0,430.0,10750.0,2024-10-29
2024102901018523,MHCL,57,42,10.0,430.1,4301.0,2024-10-29
2024102905013629,SHIVM,51,55,200.0,605.0,121000.0,2024-10-29
2024102903019072,HLI,53,40,250.0,488.0,122000.0,2024-10-29
2024102903019071,MDB,58,55,100.0,649.0,64900.0,2024-10-29
2024102903019070,MDB,58,29,100.0,649.0,64900.0,2024-10-29
2024102903019069,MDB,58,8,500.0,648.9,324450.0,2024-10-29
2024102903019068,MDB,58,32,200.0,648.8,129760.0,2024-10-29
2024102901018522,MMKJL,58,41,10.0,578.0,5780.0,2024-10-29
2024102901018521,MMKJL,58,34,30.0,577.5,17325.0,2024-10-29
2024102905013628,PHCL,65,21,700.0,541.0,378700.0,2024-10-29
2024102905013627,PHCL,65,58,10.0,541.0,5410.0,2024-10-29
2024102905013626,PHCL,65,4,10.0,541.0,5410.0,2024-10-29
2024102905013625,PHCL,65,65,100.0,541.0,54100.0,2024-10-29
2024102905013624,PHCL,65,6,10.0,540.5,5405.0,2024-10-29
2024102905013623,PHCL,65,16,10.0,540.0,5400.0,2024-10-29
2024102905013622,PHCL,65,21,700.0,540.0,378000.0,2024-10-29
2024102905013621,PHCL,65,44,10.0,540.0,5400.0,2024-10-29
2024102905013620,PHCL,65,66,100.0,540.0,54000.0,2024-10-29
2024102905013619,PHCL,65,57,10.0,540.0,5400.0,2024-10-29
2024102905013618,PHCL,65,52,10.0,540.0,5400.0,2024-10-29
2024102905013617,PHCL,65,17,500.0,540.0,270000.0,2024-10-29
2024102905013616,PHCL,65,7,10.0,540.0,5400.0,2024-10-29
2024102905013615,PHCL,65,51,55.0,540.0,29700.0,2024-10-29
2024102905013614,PHCL,65,1,10.0,540.0,5400.0,2024-10-29
2024102905013613,PHCL,65,49,10.0,540.0,5400.0,2024-10-29
2024102905013612,PHCL,65,38,10.0,540.0,5400.0,2024-10-29
2024102905013611,PHCL,65,45,10.0,540.0,5400.0,2024-10-29
2024102905013610,PHCL,65,46,10.0,540.0,5400.0,2024-10-29
2024102905013609,PHCL,65,50,10.0,540.0,5400.0,2024-10-29
2024102905013608,PHCL,65,38,100.0,540.0,54000.0,2024-10-29
2024102905013607,PHCL,65,42,110.0,540.0,59400.0,2024-10-29
2024102905013606,PHCL,65,65,30.0,540.0,16200.0,2024-10-29
2024102905013605,PHCL,65,46,10.0,540.0,5400.0,2024-10-29
2024102905013604,PHCL,65,35,10.0,540.0,5400.0,2024-10-29
2024102905013603,PHCL,65,46,100.0,540.0,54000.0,2024-10-29
2024102905013602,PHCL,65,58,10.0,540.0,5400.0,2024-10-29
2024102905013601,PHCL,65,49,10.0,540.0,5400.0,2024-10-29
2024102905013600,PHCL,65,7,10.0,540.0,5400.0,2024-10-29
2024102905013599,PHCL,65,34,280.0,540.0,151200.0,2024-10-29
2024102905013598,PHCL,65,45,10.0,540.0,5400.0,2024-10-29
2024102905013597,PHCL,65,45,10.0,540.0,5400.0,2024-10-29
2024102905013596,PHCL,65,40,100.0,539.9,53990.0,2024-10-29
2024102905013595,PHCL,65,22,10.0,539.9,5399.0,2024-10-29
2024102905013594,PHCL,65,70,500.0,539.9,269950.0,2024-10-29
2024102905013593,PHCL,65,41,100.0,539.0,53900.0,2024-10-29
2024102905013592,PHCL,65,49,10.0,539.0,5390.0,2024-10-29
2024102905013591,PHCL,65,1,20.0,539.0,10780.0,2024-10-29
2024102905013590,PHCL,65,49,10.0,539.0,5390.0,2024-10-29
2024102905013589,PHCL,65,55,10.0,539.0,5390.0,2024-10-29
2024102905013588,PHCL,65,43,500.0,538.9,269450.0,2024-10-29
2024102905013587,PHCL,65,44,10.0,538.0,5380.0,2024-10-29
2024102905013586,PHCL,65,43,200.0,538.0,107600.0,2024-10-29
2024102905013585,PHCL,65,17,10.0,538.0,5380.0,2024-10-29
2024102905013584,PHCL,65,39,830.0,538.0,446540.0,2024-10-29
2024102903019067,SJLIC,5,38,75.0,494.0,37050.0,2024-10-29
2024102904016163,HPPL,57,6,165.0,336.0,55440.0,2024-10-29
2024102904016162,HPPL,42,6,160.0,336.0,53760.0,2024-10-29
2024102904016161,HPPL,69,6,575.0,336.0,193200.0,2024-10-29
2024102904016160,HPPL,80,6,100.0,336.1,33610.0,2024-10-29
2024102901018520,SPHL,50,69,10.0,684.0,6840.0,2024-10-29
2024102905013583,SMATA,50,52,47.0,884.5,41571.5,2024-10-29
2024102903019066,PROFL,64,59,10.0,702.0,7020.0,2024-10-29
2024102905013582,MEL,57,42,30.0,295.0,8850.0,2024-10-29
2024102905013581,MEL,57,21,647.0,295.0,190865.0,2024-10-29
2024102903019065,ICFC,36,56,10.0,820.0,8200.0,2024-10-29
2024102901018519,KBL,1,1,300.0,234.0,70200.0,2024-10-29
2024102901018518,MCHL,38,3,50.0,550.0,27500.0,2024-10-29
2024102904016159,IGI,62,38,500.0,633.0,316500.0,2024-10-29
2024102904016158,UMRH,3,4,40.0,492.6,19704.0,2024-10-29
2024102904016157,MEN,16,7,200.0,686.0,137200.0,2024-10-29
2024102903019064,JFL,49,36,50.0,789.6,39480.0,2024-10-29
2024102901018517,SNLI,21,43,12.0,608.0,7296.0,2024-10-29
2024102903019063,GMFIL,82,6,100.0,643.5,64350.0,2024-10-29
2024102903019062,MPFL,26,57,487.0,774.0,376938.0,2024-10-29
2024102903019061,MPFL,26,57,125.0,772.0,96500.0,2024-10-29
2024102903019060,MPFL,26,32,200.0,771.0,154200.0,2024-10-29
2024102903019059,MPFL,26,34,50.0,770.0,38500.0,2024-10-29
2024102903019058,MPFL,26,22,215.0,770.0,165550.0,2024-10-29
2024102903019057,MPFL,26,45,80.0,770.0,61600.0,2024-10-29
2024102903019056,MPFL,26,45,53.0,770.0,40810.0,2024-10-29
2024102903019055,MPFL,26,49,290.0,767.5,222575.0,2024-10-29
2024102901018516,PRVU,64,59,200.0,251.0,50200.0,2024-10-29
2024102904016156,IGI,62,6,39.0,632.5,24667.5,2024-10-29
2024102904016155,IGI,62,32,18.0,632.4,11383.2,2024-10-29
2024102903019054,GFCL,86,56,100.0,1035.0,103500.0,2024-10-29
2024102904016154,OHL,34,45,20.0,964.5,19290.0,2024-10-29
2024102904016153,OHL,34,50,160.0,962.8,154048.0,2024-10-29
2024102904016152,OHL,34,17,16.0,962.0,15392.0,2024-10-29
2024102903019053,SMFBS,38,13,40.0,1523.6,60944.0,2024-10-29
2024102901018515,DORDI,29,49,10.0,457.0,4570.0,2024-10-29
2024102904016151,HURJA,49,32,46.0,224.0,10304.0,2024-10-29
2024102904016150,MEN,16,66,300.0,686.0,205800.0,2024-10-29
2024102904016149,CHCL,45,13,500.0,584.0,292000.0,2024-10-29
2024102905013580,HATHY,67,39,56.0,1345.0,75320.0,2024-10-29
2024102903019052,SFCL,42,10,83.0,798.6,66283.8,2024-10-29
2024102903019051,SFCL,47,10,17.0,798.7,13577.9,2024-10-29
2024102901018514,HHL,88,19,321.0,462.0,148302.0,2024-10-29
2024102901018513,HHL,88,58,20.0,462.0,9240.0,2024-10-29
2024102901018512,HHL,88,56,159.0,460.0,73140.0,2024-10-29
2024102904016148,HPPL,32,92,1000.0,337.0,337000.0,2024-10-29
2024102905013579,ILI,6,33,106.0,499.9,52989.4,2024-10-29
2024102905013578,HRL,55,25,50.0,877.0,43850.0,2024-10-29
2024102905013577,HRL,17,25,50.0,877.5,43875.0,2024-10-29
2024102901018511,MEHL,55,26,10.0,396.9,3969.0,2024-10-29
2024102904016147,LEC,11,42,83.0,278.0,23074.0,2024-10-29
2024102901018510,MKJC,46,58,300.0,489.0,146700.0,2024-10-29
2024102901018509,MKJC,46,32,41.0,489.0,20049.0,2024-10-29
2024102903019050,ACLBSL,36,22,10.0,1040.0,10400.0,2024-10-29
2024102901018508,SCB,58,45,30.0,699.0,20970.0,2024-10-29
2024102904016146,LEC,38,42,50.0,278.0,13900.0,2024-10-29
2024102903019049,MPFL,18,49,200.0,767.5,153500.0,2024-10-29
2024102903019048,HLI,45,44,190.0,488.6,92834.0,2024-10-29
2024102903019047,HLI,45,42,10.0,488.5,4885.0,2024-10-29
2024102905013576,NRM,41,35,10.0,452.0,4520.0,2024-10-29
2024102905013575,NRM,41,42,50.0,452.0,22600.0,2024-10-29
2024102905013574,NRM,41,42,10.0,452.0,4520.0,2024-10-29
2024102901018507,NWCL,41,4,10.0,1026.0,10260.0,2024-10-29
2024102905013573,SAHAS,33,32,196.0,533.0,104468.0,2024-10-29
2024102905013572,SAHAS,33,70,144.0,532.9,76737.6,2024-10-29
2024102905013571,SAHAS,33,44,100.0,532.9,53290.0,2024-10-29
2024102905013570,SAHAS,33,10,60.0,532.8,31968.0,2024-10-29
2024102904016145,AHPC,5,7,52.0,279.0,14508.0,2024-10-29
2024102901018506,HBL,39,35,989.0,256.1,253282.9,2024-10-29
2024102901018505,HBL,70,35,11.0,256.5,2821.5,2024-10-29
2024102901018504,SNLI,35,43,20.0,614.9,12298.0,2024-10-29
2024102901018503,SNLI,35,45,75.0,612.0,45900.0,2024-10-29
2024102901018502,USHEC,77,58,101.0,574.0,57974.0,2024-10-29
2024102901018501,USHEC,77,32,10.0,573.0,5730.0,2024-10-29
2024102901018500,USHEC,77,42,440.0,573.0,252120.0,2024-10-29
2024102901018499,USHEC,77,38,10.0,573.0,5730.0,2024-10-29
2024102901018498,USHEC,77,17,110.0,572.9,63019.0,2024-10-29
2024102901018497,USHEC,77,52,100.0,572.8,57280.0,2024-10-29
2024102901018496,USHEC,77,42,10.0,570.0,5700.0,2024-10-29
2024102901018495,USHEC,77,42,219.0,570.0,124830.0,2024-10-29
2024102903019046,ICFC,72,56,200.0,820.0,164000.0,2024-10-29
2024102903019045,USLB,43,58,10.0,1500.0,15000.0,2024-10-29
2024102903019044,USLB,43,91,10.0,1499.0,14990.0,2024-10-29
2024102905013569,HIDCL,6,41,329.0,279.8,92054.2,2024-10-29
2024102905013568,HIDCL,6,16,422.0,279.8,118075.6,2024-10-29
2024102905013567,HIDCL,6,57,100.0,279.5,27950.0,2024-10-29
2024102905013566,HIDCL,6,33,217.0,279.5,60651.5,2024-10-29
2024102905013565,HIDCL,6,46,76.0,279.5,21242.0,2024-10-29
2024102905013564,HIDCL,6,14,356.0,279.5,99502.0,2024-10-29
2024102904016144,API,44,11,10.0,295.0,2950.0,2024-10-29
2024102901018494,SIKLES,26,34,300.0,704.8,211440.0,2024-10-29
2024102901018493,MKHL,32,58,51.0,560.0,28560.0,2024-10-29
2024102905013563,MEL,38,56,529.0,293.0,154997.0,2024-10-29
2024102905013562,MEL,16,56,700.0,293.2,205240.0,2024-10-29
2024102905013561,MEL,29,56,2000.0,293.3,586600.0,2024-10-29
2024102905013560,MEL,58,56,60.0,294.0,17640.0,2024-10-29
2024102904016143,SHEL,72,50,234.0,252.0,58968.0,2024-10-29
2024102904016142,MHNL,21,56,200.0,270.3,54060.0,2024-10-29
2024102904016141,MHNL,51,56,50.0,271.0,13550.0,2024-10-29
2024102904016140,MHNL,1,56,300.0,271.5,81450.0,2024-10-29
2024102904016139,MHNL,21,56,200.0,271.6,54320.0,2024-10-29
2024102903019043,GFCL,13,56,50.0,1035.0,51750.0,2024-10-29
2024102903019042,GFCL,41,56,10.0,1035.0,10350.0,2024-10-29
2024102901018492,PRVU,1,59,1000.0,251.0,251000.0,2024-10-29
2024102904016138,RADHI,34,44,127.0,407.0,51689.0,2024-10-29
2024102904016137,RADHI,34,34,150.0,406.9,61035.0,2024-10-29
2024102904016136,RADHI,34,6,100.0,405.5,40550.0,2024-10-29
2024102904016135,RADHI,34,22,26.0,405.5,10543.0,2024-10-29
2024102904016134,RADHI,34,59,30.0,405.0,12150.0,2024-10-29
2024102904016133,RADHI,34,39,67.0,405.0,27135.0,2024-10-29
2024102904016132,RADHI,34,16,13.0,405.0,5265.0,2024-10-29
2024102904016131,RADHI,34,40,437.0,405.0,176985.0,2024-10-29
2024102904016130,RADHI,34,77,50.0,404.0,20200.0,2024-10-29
2024102905013559,NIFRA,42,42,200.0,286.0,57200.0,2024-10-29
2024102905013558,NIFRA,41,42,200.0,286.0,57200.0,2024-10-29
2024102903019041,JFL,41,42,160.0,789.5,126320.0,2024-10-29
2024102905013557,NIFRA,25,42,500.0,286.0,143000.0,2024-10-29
2024102905013556,NIFRA,45,42,36.0,286.0,10296.0,2024-10-29
2024102904016129,LEC,58,42,30.0,278.0,8340.0,2024-10-29
2024102903019040,SJLIC,38,38,10.0,494.0,4940.0,2024-10-29
2024102901018491,KBL,42,1,30.0,234.0,7020.0,2024-10-29
2024102904016128,NIL,22,66,500.0,932.1,466050.0,2024-10-29
2024102904016127,NIL,60,66,100.0,933.0,93300.0,2024-10-29
2024102905013555,NRIC,1,48,100.0,806.0,80600.0,2024-10-29
2024102905013554,NRIC,43,48,29.0,806.0,23374.0,2024-10-29
2024102905013553,CLI,18,21,10.0,657.0,6570.0,2024-10-29
2024102903019039,GUFL,7,58,10.0,776.0,7760.0,2024-10-29
2024102904016126,GLH,88,35,110.0,258.0,28380.0,2024-10-29
2024102904016125,GLH,88,58,225.0,258.0,58050.0,2024-10-29
2024102904016124,GLH,88,50,10.0,258.0,2580.0,2024-10-29
2024102904016123,GLH,88,34,145.0,258.0,37410.0,2024-10-29
2024102904016122,AHPC,5,58,10.0,279.0,2790.0,2024-10-29
2024102904016121,AHPC,5,58,10.0,279.0,2790.0,2024-10-29
2024102904016120,AHPC,5,38,120.0,279.0,33480.0,2024-10-29
2024102903019038,MDB,6,3,945.0,648.0,612360.0,2024-10-29
2024102903019037,MPFL,18,26,200.0,767.5,153500.0,2024-10-29
2024102901018490,MKJC,55,32,50.0,489.0,24450.0,2024-10-29
2024102905013552,HRL,32,50,133.0,878.0,116774.0,2024-10-29
2024102905013551,NIFRA,45,22,64.0,286.0,18304.0,2024-10-29
2024102905013550,NIFRA,55,22,86.0,286.0,24596.0,2024-10-29
2024102904016119,UPCL,58,37,110.0,275.7,30327.0,2024-10-29
2024102904016118,IGI,34,32,10.0,632.4,6324.0,2024-10-29
2024102901018489,KBL,58,1,500.0,234.0,117000.0,2024-10-29
2024102903019036,KRBL,58,62,11.0,665.0,7315.0,2024-10-29
2024102903019035,KRBL,58,49,39.0,665.0,25935.0,2024-10-29
2024102903019034,MLBBL,58,6,50.0,1840.0,92000.0,2024-10-29
2024102904016117,KKHC,58,7,340.0,285.5,97070.0,2024-10-29
2024102904016116,AHPC,58,38,10.0,279.0,2790.0,2024-10-29
2024102904016115,UMHL,7,49,10.0,338.9,3389.0,2024-10-29
2024102903019033,RLFL,14,35,10.0,653.0,6530.0,2024-10-29
2024102903019032,SJLIC,99,14,10.0,493.0,4930.0,2024-10-29
2024102905013549,HRL,55,28,138.0,877.0,121026.0,2024-10-29
2024102905013548,HRL,11,28,100.0,877.0,87700.0,2024-10-29
2024102905013547,HRL,47,28,200.0,877.0,175400.0,2024-10-29
2024102905013546,HRL,39,28,100.0,877.0,87700.0,2024-10-29
2024102905013545,HRL,72,28,62.0,877.0,54374.0,2024-10-29
2024102905013544,HRL,66,28,200.0,877.1,175420.0,2024-10-29
2024102905013543,HRL,19,28,200.0,877.1,175420.0,2024-10-29
2024102905013542,HRL,58,43,10.0,877.5,8775.0,2024-10-29
2024102905013541,HRL,47,43,40.0,877.5,35100.0,2024-10-29
2024102904016114,NLG,55,43,300.0,1355.0,406500.0,2024-10-29
2024102905013540,HATHY,69,55,10.0,1349.9,13499.0,2024-10-29
2024102905013539,SHIVM,88,21,112.0,604.0,67648.0,2024-10-29
2024102905013538,SHIVM,53,21,338.0,604.0,204152.0,2024-10-29
2024102905013537,SHIVM,25,21,50.0,604.5,30225.0,2024-10-29
2024102901018488,KBL,22,50,910.0,233.9,212849.0,2024-10-29
2024102903019031,GRDBL,34,32,11.0,769.0,8459.0,2024-10-29
2024102903019030,GRDBL,34,53,10.0,769.0,7690.0,2024-10-29
2024102905013536,HRL,47,49,10.0,877.5,8775.0,2024-10-29
2024102904016113,NICL,81,98,220.0,1026.0,225720.0,2024-10-29
2024102901018487,NABIL,38,13,18.0,591.8,10652.4,2024-10-29
2024102904016112,UMRH,8,42,10.0,495.0,4950.0,2024-10-29
2024102904016111,SPIL,56,48,20.0,876.0,17520.0,2024-10-29
2024102904016110,SPIL,17,48,20.0,876.1,17522.0,2024-10-29
2024102904016109,SPIL,91,48,150.0,876.1,131415.0,2024-10-29
2024102904016108,SPIL,57,48,10.0,883.0,8830.0,2024-10-29
2024102901018486,BGWT,17,74,20.0,940.0,18800.0,2024-10-29
2024102901018485,BHPL,36,33,30.0,690.0,20700.0,2024-10-29
2024102905013535,NIFRA,38,7,54.0,286.1,15449.4,2024-10-29
2024102901018484,SMHL,65,53,10.0,693.0,6930.0,2024-10-29
2024102903019029,JFL,41,5,20.0,789.5,15790.0,2024-10-29
2024102903019028,JFL,41,52,200.0,789.5,157900.0,2024-10-29
2024102904016107,API,70,11,75.0,295.0,22125.0,2024-10-29
2024102905013534,CLI,44,94,50.0,658.0,32900.0,2024-10-29
2024102905013533,CLI,44,58,10.0,657.0,6570.0,2024-10-29
2024102905013532,CLI,44,49,10.0,657.0,6570.0,2024-10-29
2024102905013531,CLI,44,4,10.0,657.0,6570.0,2024-10-29
2024102905013530,HIDCL,56,86,915.0,279.1,255376.5,2024-10-29
2024102905013529,HIDCL,49,86,85.0,279.1,23723.5,2024-10-29
2024102901018483,IHL,34,56,10.0,548.2,5482.0,2024-10-29
2024102901018482,IHL,4,56,50.0,548.5,27425.0,2024-10-29
2024102901018481,IHL,94,56,100.0,548.9,54890.0,2024-10-29
2024102901018480,IHL,35,56,40.0,549.0,21960.0,2024-10-29
2024102901018479,SARBTM,56,42,10.0,784.9,7849.0,2024-10-29
2024102905013528,MBJC,32,35,40.0,337.0,13480.0,2024-10-29
2024102905013527,MBJC,32,22,10.0,337.0,3370.0,2024-10-29
2024102905013526,SAHAS,33,57,500.0,532.0,266000.0,2024-10-29
2024102903019027,JFL,41,49,100.0,789.5,78950.0,2024-10-29
2024102903019026,GLBSL,22,45,70.0,1617.1,113197.0,2024-10-29
2024102903019025,GLBSL,1,45,50.0,1625.0,81250.0,2024-10-29
2024102903019024,JBBL,41,47,200.0,363.9,72780.0,2024-10-29
2024102901018478,NABIL,51,18,60.0,591.5,35490.0,2024-10-29
2024102901018477,NABIL,34,18,39.0,591.5,23068.5,2024-10-29
2024102905013525,PHCL,52,39,10.0,538.0,5380.0,2024-10-29
2024102905013524,CHDC,76,65,110.0,1727.9,190069.0,2024-10-29
2024102901018476,TAMOR,45,47,111.0,516.0,57276.0,2024-10-29
2024102901018475,UNLB,1,59,10.0,2598.0,25980.0,2024-10-29
2024102904016106,NHPC,59,6,892.0,231.5,206498.0,2024-10-29
2024102904016105,NHPC,59,36,58.0,231.4,13421.2,2024-10-29
2024102904016104,NHPC,59,38,50.0,231.2,11560.0,2024-10-29
2024102901018474,NWCL,41,46,10.0,1026.0,10260.0,2024-10-29
2024102904016103,DHPL,70,1,281.0,252.0,70812.0,2024-10-29
2024102901018473,MKHC,45,57,100.0,377.1,37710.0,2024-10-29
2024102903019023,JFL,41,34,999.0,789.5,788710.5,2024-10-29
2024102901018472,MCHL,98,45,190.0,548.1,104139.0,2024-10-29
2024102901018471,MCHL,49,45,10.0,548.2,5482.0,2024-10-29
2024102904016102,NLG,55,48,100.0,1355.0,135500.0,2024-10-29
2024102901018470,SBL,14,45,10.0,338.0,3380.0,2024-10-29
2024102904016101,BARUN,19,5,100.0,395.0,39500.0,2024-10-29
2024102904016100,BARUN,55,5,100.0,395.0,39500.0,2024-10-29
2024102901018469,MKCL,19,43,10.0,1537.0,15370.0,2024-10-29
2024102903019022,LICN,6,58,50.0,1250.0,62500.0,2024-10-29
2024102901018468,RAWA,96,49,180.0,776.0,139680.0,2024-10-29
2024102901018467,RAWA,96,10,10.0,775.0,7750.0,2024-10-29
2024102901018466,RAWA,96,49,100.0,775.0,77500.0,2024-10-29
2024102901018465,RAWA,96,6,10.0,773.0,7730.0,2024-10-29
2024102903019021,ICFC,40,38,15.0,819.0,12285.0,2024-10-29
2024102903019020,ICFC,38,38,50.0,819.0,40950.0,2024-10-29
2024102905013523,PHCL,65,58,500.0,537.1,268550.0,2024-10-29
2024102903019019,SFCL,47,45,33.0,798.7,26357.1,2024-10-29
2024102901018464,NABIL,16,13,100.0,591.8,59180.0,2024-10-29
2024102905013522,ENL,45,1,10.0,1165.9,11659.0,2024-10-29
2024102904016099,NLG,55,95,500.0,1355.0,677500.0,2024-10-29
2024102904016098,SPDL,58,44,200.0,319.0,63800.0,2024-10-29
2024102904016097,MEN,16,58,11.0,686.0,7546.0,2024-10-29
2024102904016096,MEN,16,14,50.0,686.0,34300.0,2024-10-29
2024102903019018,RSDC,6,45,28.0,744.0,20832.0,2024-10-29
2024102901018463,BHDC,57,55,60.0,610.0,36600.0,2024-10-29
2024102904016095,IGI,55,32,30.0,632.4,18972.0,2024-10-29
2024102904016094,SGIC,72,62,10.0,709.5,7095.0,2024-10-29
2024102901018462,SNLI,59,45,25.0,612.0,15300.0,2024-10-29
2024102903019017,SWBBL,56,53,20.0,929.0,18580.0,2024-10-29
2024102901018461,SIKLES,57,34,30.0,704.8,21144.0,2024-10-29
2024102901018460,SIKLES,57,59,10.0,702.0,7020.0,2024-10-29
2024102901018459,SIKLES,57,42,10.0,702.0,7020.0,2024-10-29
2024102903019016,SMB,13,55,1.0,1800.0,1800.0,2024-10-29
2024102903019015,SMB,13,42,10.0,1790.0,17900.0,2024-10-29
2024102905013521,NRIC,43,49,50.0,806.0,40300.0,2024-10-29
2024102901018458,GBIME,34,42,886.0,255.7,226550.2,2024-10-29
2024102903019014,SADBL,71,45,220.0,427.3,94006.0,2024-10-29
2024102904016093,AKJCL,49,45,830.0,216.1,179363.0,2024-10-29
2024102904016092,AKJCL,57,45,170.0,216.1,36737.0,2024-10-29
2024102903019013,ICFC,45,56,50.0,820.0,41000.0,2024-10-29
2024102903019012,NFS,74,18,140.0,1423.0,199220.0,2024-10-29
2024102903019011,NFS,74,57,300.0,1422.0,426600.0,2024-10-29
2024102903019010,NFS,74,41,50.0,1422.0,71100.0,2024-10-29
2024102905013520,MEL,4,39,200.0,294.0,58800.0,2024-10-29
2024102905013519,HDL,41,26,30.0,1379.8,41394.0,2024-10-29
2024102901018457,GBIME,18,11,70.0,255.8,17906.0,2024-10-29
2024102901018456,GBIME,18,11,100.0,255.8,25580.0,2024-10-29
2024102903019009,CFCL,14,65,43.0,679.0,29197.0,2024-10-29
2024102901018455,ULHC,88,58,70.0,440.7,30849.0,2024-10-29
2024102905013518,CMF2,83,50,11975.0,9.93,118911.75,2024-10-29
2024102905013517,CMF2,83,58,2500.0,9.93,24825.0,2024-10-29
2024102903019008,SKBBL,52,41,100.0,946.0,94600.0,2024-10-29
2024102901018454,EBL,6,38,101.0,599.9,60589.9,2024-10-29
2024102905013516,NRN,43,47,50.0,899.2,44960.0,2024-10-29
2024102905013515,NRN,45,47,50.0,900.1,45005.0,2024-10-29
2024102905013514,ENL,62,1,10.0,1165.9,11659.0,2024-10-29
2024102903019007,ALBSL,32,35,20.0,1081.0,21620.0,2024-10-29
2024102903019006,ALBSL,32,33,11.0,1081.0,11891.0,2024-10-29
2024102901018453,NICA,42,13,83.0,450.0,37350.0,2024-10-29
2024102901018452,NICA,17,13,20.0,450.0,9000.0,2024-10-29
2024102901018451,NICA,41,13,100.0,450.0,45000.0,2024-10-29
2024102901018450,NICA,22,13,97.0,450.0,43650.0,2024-10-29
2024102901018449,MMKJL,91,34,450.0,572.0,257400.0,2024-10-29
2024102901018448,USHEC,34,42,50.0,570.0,28500.0,2024-10-29
2024102904016091,AKPL,49,6,600.0,257.0,154200.0,2024-10-29
2024102901018447,RAWA,41,40,11.0,772.9,8501.9,2024-10-29
2024102903019005,FOWAD,41,63,45.0,1490.0,67050.0,2024-10-29
2024102901018446,NMB,43,50,300.0,262.0,78600.0,2024-10-29
2024102905013513,MEL,58,21,60.0,295.0,17700.0,2024-10-29
2024102903019004,NABBC,44,44,50.0,660.0,33000.0,2024-10-29
2024102901018445,BGWT,17,11,30.0,940.0,28200.0,2024-10-29
2024102901018444,BHPL,58,58,10.0,694.5,6945.0,2024-10-29
2024102901018443,SPC,53,50,80.0,523.0,41840.0,2024-10-29
2024102904016090,AHPC,50,38,10.0,279.0,2790.0,2024-10-29
2024102901018442,CZBIL,5,46,30.0,240.0,7200.0,2024-10-29
2024102901018441,MMKJL,58,34,70.0,577.5,40425.0,2024-10-29
2024102901018440,MMKJL,58,83,180.0,577.0,103860.0,2024-10-29
2024102901018439,MMKJL,58,13,50.0,576.0,28800.0,2024-10-29
2024102903019003,ICFC,43,56,800.0,820.0,656000.0,2024-10-29
2024102903019002,ICFC,57,56,50.0,820.0,41000.0,2024-10-29
2024102903019001,ICFC,58,56,10.0,820.0,8200.0,2024-10-29
2024102903019000,ICFC,17,56,30.0,820.1,24603.0,2024-10-29
2024102903018999,ICFC,49,56,50.0,820.2,41010.0,2024-10-29
2024102903018998,ICFC,35,56,10.0,820.2,8202.0,2024-10-29
2024102903018997,ICFC,41,56,80.0,821.0,65680.0,2024-10-29
2024102903018996,ICFC,56,56,15.0,821.0,12315.0,2024-10-29
2024102903018995,ICFC,51,56,100.0,821.0,82100.0,2024-10-29
2024102903018994,ICFC,94,56,170.0,821.5,139655.0,2024-10-29
2024102903018993,ICFC,29,56,50.0,821.6,41080.0,2024-10-29
2024102903018992,CFCL,1,65,32.0,679.0,21728.0,2024-10-29
2024102903018991,CFCL,1,16,68.0,679.0,46172.0,2024-10-29
2024102904016089,NLG,55,57,20.0,1355.0,27100.0,2024-10-29
2024102903018990,DDBL,58,63,45.0,935.0,42075.0,2024-10-29
2024102904016088,GLH,34,34,50.0,258.0,12900.0,2024-10-29
2024102904016087,API,42,11,13.0,295.0,3835.0,2024-10-29
2024102901018438,NWCL,41,45,200.0,1026.0,205200.0,2024-10-29
2024102901018437,ULBSL,41,45,10.0,3062.1,30621.0,2024-10-29
2024102901018436,ULBSL,45,45,10.0,3063.0,30630.0,2024-10-29
2024102903018989,MERO,41,25,25.0,780.0,19500.0,2024-10-29
2024102903018988,CORBL,29,16,10.0,999.5,9995.0,2024-10-29
2024102903018987,CORBL,29,58,20.0,999.5,19990.0,2024-10-29
2024102903018986,CORBL,29,80,70.0,980.0,68600.0,2024-10-29
2024102901018435,PRVU,65,59,360.0,251.0,90360.0,2024-10-29
2024102901018434,PRVU,65,57,200.0,250.9,50180.0,2024-10-29
2024102904016086,UMHL,62,35,10.0,338.8,3388.0,2024-10-29
2024102905013512,HIDCL,49,35,415.0,279.1,115826.5,2024-10-29
2024102905013511,HIDCL,56,35,610.0,279.1,170251.0,2024-10-29
2024102903018985,HLBSL,28,26,16.0,960.0,15360.0,2024-10-29
2024102903018984,GRDBL,28,53,40.0,769.0,30760.0,2024-10-29
2024102903018983,GRDBL,28,43,160.0,769.0,123040.0,2024-10-29
2024102903018982,BFC,19,34,216.0,659.4,142430.4,2024-10-29
2024102904016085,RIDI,52,6,1651.0,245.3,404990.3,2024-10-29
2024102904016084,RIDI,49,6,3000.0,245.4,736200.0,2024-10-29
2024102904016083,RIDI,44,6,349.0,245.4,85644.6,2024-10-29
2024102905013510,ILI,19,29,12.0,499.8,5997.6,2024-10-29
2024102905013509,ILI,19,41,12.0,499.8,5997.6,2024-10-29
2024102905013508,ILI,19,22,12.0,499.8,5997.6,2024-10-29
2024102901018433,SBL,55,45,100.0,338.0,33800.0,2024-10-29
2024102903018981,MPFL,18,22,100.0,767.5,76750.0,2024-10-29
2024102903018980,LICN,57,58,20.0,1250.0,25000.0,2024-10-29
2024102903018979,CFCL,57,16,10.0,679.0,6790.0,2024-10-29
2024102901018432,MEHL,17,57,620.0,395.0,244900.0,2024-10-29
2024102905013507,SONA,38,7,10.0,486.6,4866.0,2024-10-29
2024102903018978,MPFL,34,45,37.0,770.0,28490.0,2024-10-29
2024102904016082,RADHI,55,49,30.0,401.6,12048.0,2024-10-29
2024102905013506,MBJC,34,49,30.0,336.0,10080.0,2024-10-29
2024102905013505,MBJC,45,49,10.0,336.0,3360.0,2024-10-29
2024102905013504,NIFRA,51,55,300.0,286.5,85950.0,2024-10-29
2024102901018431,USHEC,82,42,81.0,570.0,46170.0,2024-10-29
2024102903018977,SIFC,60,4,10.0,653.9,6539.0,2024-10-29
2024102905013503,RNLI,58,45,110.0,509.2,56012.0,2024-10-29
2024102905013502,RNLI,58,32,15.0,509.1,7636.5,2024-10-29
2024102903018976,GFCL,1,7,140.0,1035.0,144900.0,2024-10-29
2024102903018975,GFCL,49,7,20.0,1035.1,20702.0,2024-10-29
2024102903018974,SFCL,14,22,200.0,799.0,159800.0,2024-10-29
2024102903018973,ALBSL,43,33,12.0,1081.0,12972.0,2024-10-29
2024102903018972,ALBSL,43,49,18.0,1081.0,19458.0,2024-10-29
2024102903018971,ALBSL,43,58,10.0,1081.0,10810.0,2024-10-29
2024102903018970,ALBSL,43,25,16.0,1081.0,17296.0,2024-10-29
2024102903018969,ALBSL,43,16,35.0,1081.0,37835.0,2024-10-29
2024102901018430,MKHL,58,21,265.0,559.5,148267.5,2024-10-29
2024102904016081,API,55,11,100.0,295.0,29500.0,2024-10-29
2024102905013501,HIDCL,56,62,390.0,279.1,108849.0,2024-10-29
2024102905013500,HIDCL,16,62,10.0,279.2,2792.0,2024-10-29
2024102901018429,SARBTM,40,38,50.0,782.0,39100.0,2024-10-29
2024102904016080,UPPER,34,13,200.0,222.0,44400.0,2024-10-29
2024102904016079,UPPER,34,65,300.0,222.0,66600.0,2024-10-29
2024102901018428,NABIL,8,13,100.0,591.8,59180.0,2024-10-29
2024102901018427,SBI,51,32,40.0,482.0,19280.0,2024-10-29
2024102903018968,SLBBL,40,67,10.0,975.0,9750.0,2024-10-29
2024102905013499,SHIVM,41,81,97.0,605.0,58685.0,2024-10-29
2024102901018426,DOLTI,45,58,200.0,605.0,121000.0,2024-10-29
2024102901018425,DOLTI,29,58,250.0,606.0,151500.0,2024-10-29
2024102901018424,DOLTI,38,58,50.0,608.0,30400.0,2024-10-29
2024102904016078,AKJCL,57,6,30.0,216.1,6483.0,2024-10-29
2024102903018967,JFL,41,6,368.0,789.5,290536.0,2024-10-29
2024102903018966,JFL,38,6,140.0,789.6,110544.0,2024-10-29
2024102901018423,BHL,39,52,18.0,458.0,8244.0,2024-10-29
2024102901018422,BHL,41,52,18.0,458.0,8244.0,2024-10-29
2024102901018421,BHL,25,52,14.0,458.0,6412.0,2024-10-29
2024102904016077,SHPC,71,17,200.0,548.1,109620.0,2024-10-29
2024102903018965,PROFL,5,59,170.0,702.0,119340.0,2024-10-29
2024102903018964,MDB,91,3,55.0,648.0,35640.0,2024-10-29
2024102903018963,MDB,91,32,200.0,648.0,129600.0,2024-10-29
2024102903018962,SINDU,45,32,235.0,732.0,172020.0,2024-10-29
2024102903018961,SINDU,54,32,50.0,732.0,36600.0,2024-10-29
2024102903018960,SINDU,88,32,200.0,732.1,146420.0,2024-10-29
2024102903018959,SINDU,36,32,15.0,734.0,11010.0,2024-10-29
2024102904016076,NLG,55,32,192.0,1355.0,260160.0,2024-10-29
2024102901018420,HIDCLP,26,57,100.0,183.0,18300.0,2024-10-29
2024102903018958,SIFC,26,57,300.0,650.0,195000.0,2024-10-29
2024102903018957,ICFC,13,50,50.0,824.9,41245.0,2024-10-29
2024102904016075,NGPL,56,58,15.0,471.0,7065.0,2024-10-29
2024102903018956,SFCL,42,56,199.0,798.6,158921.4,2024-10-29
2024102903018955,SFCL,38,56,11.0,798.9,8787.9,2024-10-29
2024102901018419,PPL,48,57,50.0,495.0,24750.0,2024-10-29
2024102905013498,SMJC,35,66,289.0,595.0,171955.0,2024-10-29
2024102905013497,SMJC,42,66,147.0,596.0,87612.0,2024-10-29
2024102903018954,PFL,38,44,128.0,669.0,85632.0,2024-10-29
2024102903018953,PFL,38,45,50.0,668.0,33400.0,2024-10-29
2024102903018952,PFL,38,25,150.0,667.9,100185.0,2024-10-29
2024102903018951,PFL,38,49,30.0,667.0,20010.0,2024-10-29
2024102903018950,PFL,38,81,132.0,666.0,87912.0,2024-10-29
2024102903018949,PFL,38,85,10.0,660.0,6600.0,2024-10-29
2024102901018418,PRVU,38,57,100.0,250.9,25090.0,2024-10-29
2024102903018948,JFL,38,13,10.0,789.6,7896.0,2024-10-29
2024102901018417,SCB,34,54,262.0,699.9,183373.8,2024-10-29
2024102901018416,SCB,34,45,50.0,698.9,34945.0,2024-10-29
2024102901018415,SCB,34,33,42.0,698.0,29316.0,2024-10-29
2024102904016074,OHL,34,17,28.0,962.0,26936.0,2024-10-29
2024102904016073,OHL,34,51,12.0,961.0,11532.0,2024-10-29
2024102904016072,OHL,34,48,40.0,960.0,38400.0,2024-10-29
2024102904016071,OHL,34,59,200.0,960.0,192000.0,2024-10-29
2024102904016070,OHL,34,38,200.0,960.0,192000.0,2024-10-29
2024102904016069,OHL,34,59,100.0,960.0,96000.0,2024-10-29
2024102904016068,OHL,34,34,250.0,959.9,239975.0,2024-10-29
2024102904016067,OHL,34,67,20.0,958.0,19160.0,2024-10-29
2024102904016066,SHEL,72,38,100.0,252.0,25200.0,2024-10-29
2024102901018414,SGHC,45,16,10.0,419.2,4192.0,2024-10-29
2024102905013496,MBJC,45,49,50.0,336.0,16800.0,2024-10-29
2024102904016065,RIDI,44,48,101.0,245.4,24785.4,2024-10-29
2024102904016064,RIDI,57,48,169.0,245.4,41472.6,2024-10-29
2024102904016063,RIDI,49,48,1000.0,246.0,246000.0,2024-10-29
2024102903018947,SWMF,44,45,10.0,817.0,8170.0,2024-10-29
2024102903018946,GFCL,40,36,45.0,1040.0,46800.0,2024-10-29
2024102903018945,GFCL,40,33,45.0,1040.0,46800.0,2024-10-29
2024102905013495,SAHAS,33,41,100.0,532.0,53200.0,2024-10-29
2024102901018413,SIKLES,33,41,10.0,700.0,7000.0,2024-10-29
2024102901018412,SIKLES,33,17,10.0,700.0,7000.0,2024-10-29
2024102905013494,NRM,6,36,70.0,451.5,31605.0,2024-10-29
2024102905013493,NRM,55,36,100.0,451.6,45160.0,2024-10-29
2024102903018944,EDBL,56,5,547.0,655.0,358285.0,2024-10-29
2024102901018411,MCHL,58,3,10.0,550.0,5500.0,2024-10-29
2024102904016062,NGPL,55,58,1000.0,471.0,471000.0,2024-10-29
