transaction,symbol,buyer,seller,quantity,rate,amount,date
2024062403026740,MLBSL,17,62,10.0,1900.1,19001.0,2024-06-24
2024062403026739,MLBSL,45,62,49.0,1900.1,93104.9,2024-06-24
2024062403026738,SDLBSL,62,8,20.0,1442.0,28840.0,2024-06-24
2024062401024271,KBL,93,49,10.0,136.5,1365.0,2024-06-24
2024062401024270,MKLB,72,38,10.0,1399.8,13998.0,2024-06-24
2024062401024269,MKLB,72,8,50.0,1385.1,69255.0,2024-06-24
2024062403026737,ILBS,72,70,11.0,1184.9,13033.9,2024-06-24
2024062403026736,ILBS,72,45,19.0,1180.0,22420.0,2024-06-24
2024062401024268,BNHC,60,34,10.0,675.0,6750.0,2024-06-24
2024062405005713,NIFRA,7,42,17.0,189.6,3223.2,2024-06-24
2024062405005712,NIFRA,58,42,264.0,189.6,50054.4,2024-06-24
2024062405005711,NIFRA,59,42,319.0,189.6,60482.4,2024-06-24
2024062405005710,NIFRA,45,42,50.0,190.0,9500.0,2024-06-24
2024062405005709,NIFRA,42,42,250.0,190.0,47500.0,2024-06-24
2024062405005708,NIFRA,39,42,200.0,190.0,38000.0,2024-06-24
2024062403026735,PFL,41,42,1400.0,678.0,949200.0,2024-06-24
2024062403026734,PFL,57,42,100.0,678.2,67820.0,2024-06-24
2024062403026733,PROFL,42,48,100.0,415.0,41500.0,2024-06-24
2024062401024267,SCB,17,55,205.0,560.4,114882.0,2024-06-24
2024062404009793,NHPC,53,38,10.0,142.4,1424.0,2024-06-24
2024062404009792,NLG,53,45,50.0,748.0,37400.0,2024-06-24
2024062401024266,LVF2,17,42,500.0,8.31,4155.0,2024-06-24
2024062404009791,API,85,45,50.0,170.3,8515.0,2024-06-24
2024062403026732,GUFL,41,34,360.0,769.9,277164.0,2024-06-24
2024062401024265,ULBSL,45,22,10.0,1986.0,19860.0,2024-06-24
2024062404009790,UPCL,41,34,470.0,188.3,88501.0,2024-06-24
2024062403026731,PROFL,50,48,10.0,415.0,4150.0,2024-06-24
2024062404009789,RADHI,50,58,10.0,255.0,2550.0,2024-06-24
2024062405005707,ENL,34,49,10.0,979.0,9790.0,2024-06-24
2024062401024264,ADBL,28,29,100.0,265.0,26500.0,2024-06-24
2024062401024263,NRM,28,59,10.0,385.0,3850.0,2024-06-24
2024062401024262,SMJC,91,49,765.0,397.8,304317.0,2024-06-24
2024062401024261,SMJC,91,42,10.0,397.8,3978.0,2024-06-24
2024062401024260,SMJC,91,33,225.0,397.0,89325.0,2024-06-24
2024062404009788,PMHPL,41,46,10.0,229.0,2290.0,2024-06-24
2024062401024259,KBL,41,49,20.0,136.5,2730.0,2024-06-24
2024062403026730,SDLBSL,58,5,10.0,1249.6,12496.0,2024-06-24
2024062404009787,PPCL,88,16,220.0,236.1,51942.0,2024-06-24
2024062401024258,TAMOR,70,48,10.0,390.0,3900.0,2024-06-24
2024062401024257,NESDO,84,42,20.0,2048.0,40960.0,2024-06-24
2024062403026729,PMLI,58,7,10.0,493.0,4930.0,2024-06-24
2024062403026728,HLBSL,70,35,350.0,1298.0,454300.0,2024-06-24
2024062401024256,BHPL,35,35,30.0,679.8,20394.0,2024-06-24
2024062401024255,BHPL,35,35,70.0,679.7,47579.0,2024-06-24
2024062403026727,USLB,71,70,10.0,1769.0,17690.0,2024-06-24
2024062401024254,VLUCL,52,63,10.0,512.5,5125.0,2024-06-24
2024062401024253,JALPA,13,58,10.0,1300.0,13000.0,2024-06-24
2024062403026726,SIFC,13,58,10.0,462.0,4620.0,2024-06-24
2024062403026725,GFCL,26,22,10.0,613.0,6130.0,2024-06-24
2024062401024252,CKHL,26,34,362.0,599.9,217163.8,2024-06-24
2024062401024251,CKHL,26,48,10.0,599.7,5997.0,2024-06-24
2024062401024250,CKHL,26,7,10.0,599.7,5997.0,2024-06-24
2024062401024249,CKHL,26,49,10.0,598.0,5980.0,2024-06-24
2024062401024248,CKHL,26,58,10.0,598.0,5980.0,2024-06-24
2024062401024247,CKHL,26,45,10.0,597.8,5978.0,2024-06-24
2024062401024246,CKHL,26,61,88.0,597.3,52562.4,2024-06-24
2024062403026724,CORBL,96,43,55.0,530.0,29150.0,2024-06-24
2024062403026723,CORBL,96,39,45.0,530.0,23850.0,2024-06-24
2024062401024245,AVYAN,64,64,80.0,954.0,76320.0,2024-06-24
2024062401024244,AVYAN,64,53,10.0,953.0,9530.0,2024-06-24
2024062401024243,AVYAN,64,56,10.0,953.0,9530.0,2024-06-24
2024062401024242,MKJC,88,41,10.0,593.2,5932.0,2024-06-24
2024062403026722,GFCL,88,22,10.0,613.0,6130.0,2024-06-24
2024062401024241,SARBTM,39,52,10.0,778.0,7780.0,2024-06-24
2024062403026721,LLBS,69,28,10.0,1209.0,12090.0,2024-06-24
2024062403026720,SDLBSL,69,8,10.0,1442.0,14420.0,2024-06-24
2024062403026719,SDLBSL,69,8,10.0,1442.0,14420.0,2024-06-24
2024062403026718,WNLB,29,59,20.0,1489.0,29780.0,2024-06-24
2024062403026717,WNLB,29,45,50.0,1480.0,74000.0,2024-06-24
2024062403026716,WNLB,29,22,50.0,1480.0,74000.0,2024-06-24
2024062403026715,WNLB,29,28,10.0,1479.0,14790.0,2024-06-24
2024062403026714,WNLB,29,46,114.0,1478.9,168594.6,2024-06-24
2024062403026713,HLBSL,70,57,50.0,1298.0,64900.0,2024-06-24
2024062403026712,RLFL,57,35,10.0,440.0,4400.0,2024-06-24
2024062403026711,SWBBL,44,43,10.0,865.0,8650.0,2024-06-24
2024062403026710,MFIL,49,43,10.0,563.0,5630.0,2024-06-24
2024062401024240,USHEC,65,47,300.0,449.0,134700.0,2024-06-24
2024062404009786,AKJCL,49,40,10.0,210.0,2100.0,2024-06-24
2024062401024239,BNHC,39,65,1500.0,671.0,1006500.0,2024-06-24
2024062403026709,GFCL,62,22,10.0,613.0,6130.0,2024-06-24
2024062401024238,SMJC,44,7,500.0,394.0,197000.0,2024-06-24
2024062403026708,JFL,72,22,10.0,599.0,5990.0,2024-06-24
2024062403026707,NADEP,60,56,72.0,827.0,59544.0,2024-06-24
2024062403026706,NADEP,60,45,15.0,825.0,12375.0,2024-06-24
2024062403026705,NADEP,60,45,63.0,825.0,51975.0,2024-06-24
2024062403026704,NADEP,60,17,300.0,825.0,247500.0,2024-06-24
2024062403026703,NADEP,60,4,50.0,824.9,41245.0,2024-06-24
2024062401024237,NESDO,32,55,15.0,2030.0,30450.0,2024-06-24
2024062401024236,NESDO,14,55,30.0,2032.0,60960.0,2024-06-24
2024062401024235,NESDO,14,55,10.0,2032.2,20322.0,2024-06-24
2024062403026702,SDLBSL,17,8,11.0,1442.0,15862.0,2024-06-24
2024062401024234,UNLB,54,17,20.0,2020.0,40400.0,2024-06-24
2024062403026701,KMCDB,77,59,26.0,1091.8,28386.8,2024-06-24
2024062403026700,KMCDB,77,59,24.0,1088.9,26133.6,2024-06-24
2024062401024233,SBL,50,45,26.0,246.0,6396.0,2024-06-24
2024062401024232,SBL,50,11,21.0,246.0,5166.0,2024-06-24
2024062401024231,SBL,50,33,78.0,245.0,19110.0,2024-06-24
2024062401024230,SBL,50,58,491.0,244.9,120245.9,2024-06-24
2024062401024229,SBL,50,37,384.0,244.8,94003.2,2024-06-24
2024062403026699,NABBC,22,62,10.0,545.0,5450.0,2024-06-24
2024062403026698,SFCL,50,70,20.0,463.0,9260.0,2024-06-24
2024062401024228,KBSH,29,34,90.0,1530.0,137700.0,2024-06-24
2024062401024227,KBSH,41,34,10.0,1531.0,15310.0,2024-06-24
2024062403026697,JBBL,94,34,300.0,287.0,86100.0,2024-06-24
2024062401024226,TVCL,34,63,10.0,475.0,4750.0,2024-06-24
2024062403026696,MPFL,34,63,10.0,529.0,5290.0,2024-06-24
2024062401024225,NYADI,41,26,10.0,310.0,3100.0,2024-06-24
2024062401024224,NYADI,41,25,10.0,309.5,3095.0,2024-06-24
2024062403026695,PFL,41,35,22.0,679.0,14938.0,2024-06-24
2024062403026694,PFL,41,50,28.0,679.0,19012.0,2024-06-24
2024062401024223,SBI,5,58,340.0,293.0,99620.0,2024-06-24
2024062401024222,SBI,5,41,24.0,293.0,7032.0,2024-06-24
2024062401024221,SBI,5,1,674.0,291.0,196134.0,2024-06-24
2024062401024220,SBI,5,58,30.0,291.0,8730.0,2024-06-24
2024062401024219,SBI,5,45,500.0,290.0,145000.0,2024-06-24
2024062401024218,SBI,5,45,60.0,289.9,17394.0,2024-06-24
2024062404009785,JOSHI,43,38,10.0,298.0,2980.0,2024-06-24
2024062401024217,DORDI,14,7,50.0,417.2,20860.0,2024-06-24
2024062403026693,HLBSL,70,35,93.0,1298.0,120714.0,2024-06-24
2024062403026692,HLBSL,70,14,100.0,1297.4,129740.0,2024-06-24
2024062403026691,HLBSL,70,45,143.0,1297.0,185471.0,2024-06-24
2024062403026690,HLBSL,70,28,12.0,1297.0,15564.0,2024-06-24
2024062403026689,HLBSL,70,38,91.0,1296.0,117936.0,2024-06-24
2024062403026688,SFCL,45,70,10.0,463.0,4630.0,2024-06-24
2024062403026687,MFIL,45,43,10.0,563.0,5630.0,2024-06-24
2024062401024216,BHPL,45,35,10.0,679.7,6797.0,2024-06-24
2024062403026686,GFCL,57,45,290.0,610.0,176900.0,2024-06-24
2024062403026685,GFCL,16,45,50.0,610.0,30500.0,2024-06-24
2024062403026684,GFCL,38,45,50.0,610.0,30500.0,2024-06-24
2024062403026683,GFCL,57,45,25.0,610.0,15250.0,2024-06-24
2024062403026682,GFCL,58,45,85.0,610.0,51850.0,2024-06-24
2024062401024215,NRM,45,68,100.0,385.0,38500.0,2024-06-24
2024062403026681,GBLBS,33,13,47.0,782.0,36754.0,2024-06-24
2024062403026680,GBLBS,33,13,60.0,781.0,46860.0,2024-06-24
2024062403026679,GBLBS,33,4,30.0,780.0,23400.0,2024-06-24
2024062403026678,GBLBS,33,13,40.0,780.0,31200.0,2024-06-24
2024062403026677,GBLBS,33,53,10.0,780.0,7800.0,2024-06-24
2024062403026676,GBLBS,33,56,15.0,780.0,11700.0,2024-06-24
2024062403026675,GBLBS,33,45,17.0,780.0,13260.0,2024-06-24
2024062403026674,GBLBS,33,29,36.0,780.0,28080.0,2024-06-24
2024062403026673,GBLBS,33,13,20.0,779.9,15598.0,2024-06-24
2024062403026672,GBLBS,33,45,15.0,778.5,11677.5,2024-06-24
2024062403026671,GBLBS,33,58,10.0,778.0,7780.0,2024-06-24
2024062404009784,AKJCL,35,40,50.0,210.0,10500.0,2024-06-24
2024062404009783,LEC,83,35,50.0,179.4,8970.0,2024-06-24
2024062401024214,MANDU,50,10,200.0,1036.0,207200.0,2024-06-24
2024062401024213,RFPL,3,58,10.0,368.0,3680.0,2024-06-24
2024062401024212,RFPL,3,44,10.0,368.0,3680.0,2024-06-24
2024062401024211,RFPL,3,57,73.0,368.0,26864.0,2024-06-24
2024062401024210,JALPA,13,58,10.0,1300.0,13000.0,2024-06-24
2024062401024209,MANDU,50,40,10.0,1036.0,10360.0,2024-06-24
2024062401024208,PHCL,11,52,10.0,319.0,3190.0,2024-06-24
2024062401024207,TVCL,58,63,10.0,475.0,4750.0,2024-06-24
2024062404009782,SHPC,45,59,50.0,318.6,15930.0,2024-06-24
2024062403026670,MERO,64,65,85.0,713.9,60681.5,2024-06-24
2024062403026669,MERO,64,40,15.0,713.9,10708.5,2024-06-24
2024062403026668,MERO,64,32,55.0,712.0,39160.0,2024-06-24
2024062403026667,MERO,64,65,45.0,712.0,32040.0,2024-06-24
2024062404009781,PMHPL,48,46,10.0,229.0,2290.0,2024-06-24
2024062401024206,MAKAR,4,38,10.0,428.3,4283.0,2024-06-24
2024062401024205,BNT,22,38,10.0,12680.0,126800.0,2024-06-24
2024062401024204,NRM,38,49,10.0,385.0,3850.0,2024-06-24
2024062401024203,NRM,38,34,10.0,384.0,3840.0,2024-06-24
2024062405005706,CIT,39,34,10.0,2095.0,20950.0,2024-06-24
2024062403026666,SLBBL,56,44,10.0,817.0,8170.0,2024-06-24
2024062401024202,TPC,56,38,10.0,540.5,5405.0,2024-06-24
2024062401024201,TPC,56,42,10.0,540.0,5400.0,2024-06-24
2024062401024200,TPC,56,39,81.0,540.0,43740.0,2024-06-24
2024062401024199,TPC,56,32,40.0,540.0,21600.0,2024-06-24
2024062403026665,MERO,56,22,30.0,711.0,21330.0,2024-06-24
2024062403026664,SLBSL,68,25,10.0,1229.0,12290.0,2024-06-24
2024062401024198,MKCL,28,69,400.0,1114.0,445600.0,2024-06-24
2024062403026663,SDLBSL,69,20,21.0,1331.0,27951.0,2024-06-24
2024062403026662,RLFL,47,35,20.0,440.0,8800.0,2024-06-24
2024062403026661,JFL,41,21,158.0,598.0,94484.0,2024-06-24
2024062403026660,JFL,38,21,122.0,598.0,72956.0,2024-06-24
2024062401024197,PCBL,44,32,10.0,196.0,1960.0,2024-06-24
2024062403026659,MSLB,29,44,20.0,1337.9,26758.0,2024-06-24
2024062403026658,MSLB,55,44,20.0,1338.0,26760.0,2024-06-24
2024062403026657,MSLB,40,44,50.0,1339.0,66950.0,2024-06-24
2024062403026656,MSLB,50,44,10.0,1340.0,13400.0,2024-06-24
2024062404009780,UNHPL,45,57,190.0,231.0,43890.0,2024-06-24
2024062404009779,UNHPL,22,57,10.0,231.0,2310.0,2024-06-24
2024062403026655,JFL,38,57,200.0,598.0,119600.0,2024-06-24
2024062403026654,GILB,62,42,10.0,1410.0,14100.0,2024-06-24
2024062403026653,ALICL,62,41,10.0,560.0,5600.0,2024-06-24
2024062403026652,SFCL,28,49,90.0,458.1,41229.0,2024-06-24
2024062403026651,SFCL,6,49,200.0,458.2,91640.0,2024-06-24
2024062403026650,SFCL,52,49,100.0,458.2,45820.0,2024-06-24
2024062403026649,SFCL,1,49,110.0,458.2,50402.0,2024-06-24
2024062401024196,SONA,42,7,593.0,437.3,259318.9,2024-06-24
2024062401024195,SONA,39,7,261.0,438.0,114318.0,2024-06-24
2024062401024194,GVL,80,34,500.0,596.0,298000.0,2024-06-24
2024062403026648,MFIL,17,43,300.0,563.0,168900.0,2024-06-24
2024062401024193,NIMB,45,53,212.0,153.7,32584.4,2024-06-24
2024062401024192,NIMB,51,53,14.0,153.7,2151.8,2024-06-24
2024062401024191,NIMB,45,53,600.0,153.9,92340.0,2024-06-24
2024062401024190,NIMB,50,53,200.0,154.0,30800.0,2024-06-24
2024062401024189,NIMB,21,53,100.0,154.0,15400.0,2024-06-24
2024062401024188,NIMB,48,53,10.0,154.0,1540.0,2024-06-24
2024062401024187,NIMB,51,53,864.0,154.4,133401.6,2024-06-24
2024062404009778,UPCL,22,51,10.0,190.0,1900.0,2024-06-24
2024062401024186,BNHC,28,34,10.0,675.0,6750.0,2024-06-24
2024062403026647,LICN,41,16,10.0,1346.9,13469.0,2024-06-24
2024062403026646,LICN,16,16,10.0,1346.9,13469.0,2024-06-24
2024062401024185,MMKJL,58,33,660.0,491.0,324060.0,2024-06-24
2024062403026645,MFIL,52,52,200.0,562.1,112420.0,2024-06-24
2024062405005705,NRN,58,13,600.0,662.0,397200.0,2024-06-24
2024062403026644,MERO,43,96,56.0,700.3,39216.8,2024-06-24
2024062403026643,MERO,29,96,350.0,700.4,245140.0,2024-06-24
2024062403026642,MERO,32,96,64.0,702.0,44928.0,2024-06-24
2024062403026641,MERO,14,96,10.0,703.0,7030.0,2024-06-24
2024062403026640,PFL,41,58,25.0,678.0,16950.0,2024-06-24
2024062404009777,SSHL,58,29,100.0,185.6,18560.0,2024-06-24
2024062404009776,SSHL,58,13,100.0,185.6,18560.0,2024-06-24
2024062404009775,SSHL,58,16,285.0,185.6,52896.0,2024-06-24
2024062404009774,SSHL,58,26,175.0,180.5,31587.5,2024-06-24
2024062404009773,SSHL,58,56,1000.0,180.5,180500.0,2024-06-24
2024062404009772,SSHL,58,17,559.0,180.5,100899.5,2024-06-24
2024062404009771,SSHL,58,41,200.0,180.5,36100.0,2024-06-24
2024062404009770,SSHL,58,53,1000.0,180.5,180500.0,2024-06-24
2024062404009769,SSHL,58,91,1500.0,180.5,270750.0,2024-06-24
2024062404009768,SSHL,58,49,100.0,180.5,18050.0,2024-06-24
2024062404009767,SSHL,58,44,20.0,180.5,3610.0,2024-06-24
2024062404009766,SSHL,58,36,500.0,180.4,90200.0,2024-06-24
2024062404009765,SSHL,58,35,500.0,180.0,90000.0,2024-06-24
2024062404009764,SSHL,58,25,100.0,180.0,18000.0,2024-06-24
2024062404009763,SSHL,58,17,200.0,180.0,36000.0,2024-06-24
2024062404009762,SSHL,58,50,500.0,180.0,90000.0,2024-06-24
2024062404009761,SSHL,58,57,317.0,180.0,57060.0,2024-06-24
2024062404009760,SSHL,58,49,900.0,179.5,161550.0,2024-06-24
2024062404009759,SSHL,58,45,50.0,179.5,8975.0,2024-06-24
2024062404009758,SSHL,58,42,100.0,179.5,17950.0,2024-06-24
2024062404009757,SSHL,58,26,500.0,179.5,89750.0,2024-06-24
2024062404009756,SSHL,58,49,600.0,179.5,107700.0,2024-06-24
2024062404009755,SSHL,58,42,150.0,179.5,26925.0,2024-06-24
2024062404009754,SSHL,58,65,500.0,179.5,89750.0,2024-06-24
2024062404009753,SSHL,58,43,100.0,179.5,17950.0,2024-06-24
2024062404009752,SSHL,58,35,350.0,179.5,62825.0,2024-06-24
2024062404009751,SSHL,58,42,37.0,179.0,6623.0,2024-06-24
2024062404009750,SSHL,58,7,500.0,179.0,89500.0,2024-06-24
2024062404009749,SSHL,58,11,100.0,179.0,17900.0,2024-06-24
2024062404009748,SSHL,58,58,770.0,179.0,137830.0,2024-06-24
2024062404009747,SSHL,58,16,51.0,178.5,9103.5,2024-06-24
2024062404009746,SSHL,58,49,100.0,178.0,17800.0,2024-06-24
2024062404009745,SSHL,58,38,100.0,178.0,17800.0,2024-06-24
2024062404009744,SSHL,58,42,20.0,177.5,3550.0,2024-06-24
2024062404009743,SSHL,58,11,200.0,177.0,35400.0,2024-06-24
2024062404009742,SSHL,58,7,50.0,177.0,8850.0,2024-06-24
2024062404009741,SSHL,58,58,53.0,177.0,9381.0,2024-06-24
2024062404009740,SSHL,58,43,210.0,176.9,37149.0,2024-06-24
2024062404009739,SSHL,58,52,990.0,176.8,175032.0,2024-06-24
2024062404009738,NHPC,88,38,10.0,142.4,1424.0,2024-06-24
2024062401024184,BHL,48,49,100.0,342.9,34290.0,2024-06-24
2024062404009737,SGIC,52,66,100.0,529.0,52900.0,2024-06-24
2024062404009736,SGIC,53,66,40.0,529.0,21160.0,2024-06-24
2024062404009735,SGIC,34,66,100.0,529.0,52900.0,2024-06-24
2024062404009734,SGIC,17,66,40.0,530.0,21200.0,2024-06-24
2024062404009733,SGIC,44,66,80.0,530.0,42400.0,2024-06-24
2024062403026639,SADBL,56,66,50.0,316.9,15845.0,2024-06-24
2024062403026638,PFL,41,56,10.0,678.0,6780.0,2024-06-24
2024062404009732,NGPL,65,48,10.0,309.9,3099.0,2024-06-24
2024062401024183,TVCL,62,63,60.0,475.0,28500.0,2024-06-24
2024062401024182,TVCL,62,58,20.0,475.0,9500.0,2024-06-24
2024062401024181,TVCL,62,26,50.0,475.0,23750.0,2024-06-24
2024062401024180,TVCL,62,62,70.0,474.0,33180.0,2024-06-24
2024062403026637,SDLBSL,62,20,259.0,1331.0,344729.0,2024-06-24
2024062403026636,SDLBSL,62,14,10.0,1329.0,13290.0,2024-06-24
2024062403026635,SDLBSL,62,25,59.0,1329.0,78411.0,2024-06-24
2024062403026634,SDLBSL,62,37,10.0,1329.0,13290.0,2024-06-24
2024062403026633,SDLBSL,62,17,1400.0,1329.0,1860600.0,2024-06-24
2024062403026632,SDLBSL,62,35,50.0,1329.0,66450.0,2024-06-24
2024062403026631,SDLBSL,62,8,50.0,1329.0,66450.0,2024-06-24
2024062403026630,SDLBSL,62,19,10.0,1329.0,13290.0,2024-06-24
2024062403026629,SDLBSL,62,58,50.0,1329.0,66450.0,2024-06-24
2024062403026628,SDLBSL,62,94,50.0,1329.0,66450.0,2024-06-24
2024062403026627,SDLBSL,62,63,30.0,1329.0,39870.0,2024-06-24
2024062403026626,SDLBSL,62,95,188.0,1328.0,249664.0,2024-06-24
2024062403026625,SDLBSL,62,6,30.0,1326.0,39780.0,2024-06-24
2024062403026624,SDLBSL,62,41,1000.0,1326.0,1326000.0,2024-06-24
2024062403026623,SDLBSL,62,69,100.0,1323.4,132340.0,2024-06-24
2024062403026622,SDLBSL,62,47,100.0,1323.4,132340.0,2024-06-24
2024062403026621,SDLBSL,62,41,1000.0,1323.0,1323000.0,2024-06-24
2024062403026620,SDLBSL,62,56,17.0,1320.9,22455.3,2024-06-24
2024062403026619,SDLBSL,62,47,100.0,1320.0,132000.0,2024-06-24
2024062403026618,SDLBSL,62,35,310.0,1320.0,409200.0,2024-06-24
2024062403026617,SDLBSL,62,35,60.0,1319.4,79164.0,2024-06-24
2024062403026616,SDLBSL,62,19,100.0,1319.0,131900.0,2024-06-24
2024062403026615,SDLBSL,62,49,109.0,1319.0,143771.0,2024-06-24
2024062403026614,SDLBSL,62,35,50.0,1316.0,65800.0,2024-06-24
2024062403026613,SDLBSL,62,43,500.0,1315.0,657500.0,2024-06-24
2024062403026612,SDLBSL,62,57,300.0,1299.4,389820.0,2024-06-24
2024062403026611,SDLBSL,62,25,18.0,1299.4,23389.2,2024-06-24
2024062403026610,SDLBSL,62,4,180.0,1299.4,233892.0,2024-06-24
2024062403026609,SDLBSL,62,1,100.0,1299.0,129900.0,2024-06-24
2024062403026608,SDLBSL,62,50,47.0,1299.0,61053.0,2024-06-24
2024062403026607,SDLBSL,62,38,50.0,1299.0,64950.0,2024-06-24
2024062403026606,SDLBSL,62,49,20.0,1299.0,25980.0,2024-06-24
2024062403026605,SDLBSL,62,44,500.0,1299.0,649500.0,2024-06-24
2024062403026604,SDLBSL,62,5,100.0,1298.0,129800.0,2024-06-24
2024062403026603,SDLBSL,62,6,27.0,1295.6,34981.2,2024-06-24
2024062403026602,SDLBSL,62,28,22.0,1295.0,28490.0,2024-06-24
2024062403026601,SDLBSL,62,28,30.0,1292.0,38760.0,2024-06-24
2024062403026600,SDLBSL,62,49,10.0,1282.0,12820.0,2024-06-24
2024062403026599,SDLBSL,62,56,150.0,1275.0,191250.0,2024-06-24
2024062403026598,SDLBSL,62,28,100.0,1275.0,127500.0,2024-06-24
2024062403026597,SDLBSL,62,8,40.0,1274.0,50960.0,2024-06-24
2024062403026596,SDLBSL,62,41,634.0,1274.0,807716.0,2024-06-24
2024062403026595,SDLBSL,62,32,30.0,1273.1,38193.0,2024-06-24
2024062401024179,TVCL,62,62,20.0,474.0,9480.0,2024-06-24
2024062401024178,USHEC,25,47,65.0,449.0,29185.0,2024-06-24
2024062401024177,USHEC,25,38,100.0,448.9,44890.0,2024-06-24
2024062401024176,USHEC,25,34,100.0,447.7,44770.0,2024-06-24
2024062401024175,MEHL,22,49,10.0,348.0,3480.0,2024-06-24
2024062403026594,SHINE,49,57,180.0,384.0,69120.0,2024-06-24
2024062403026593,SHINE,49,49,40.0,383.0,15320.0,2024-06-24
2024062401024174,GVL,80,34,100.0,596.0,59600.0,2024-06-24
2024062404009731,GHL,48,28,10.0,149.6,1496.0,2024-06-24
2024062403026592,PROFL,36,16,309.0,414.1,127956.9,2024-06-24
2024062403026591,PFL,14,33,30.0,678.2,20346.0,2024-06-24
2024062401024173,NWCL,51,58,10.0,844.0,8440.0,2024-06-24
2024062401024172,NWCL,51,50,90.0,843.5,75915.0,2024-06-24
2024062403026590,SWBBL,71,43,20.0,865.0,17300.0,2024-06-24
2024062404009730,AKJCL,52,40,10.0,210.0,2100.0,2024-06-24
2024062404009729,SGIC,26,58,10.0,530.8,5308.0,2024-06-24
2024062401024171,BHL,56,26,480.0,341.0,163680.0,2024-06-24
2024062401024170,BHL,44,26,170.0,341.2,58004.0,2024-06-24
2024062404009728,NGPL,45,48,10.0,309.9,3099.0,2024-06-24
2024062403026589,PROFL,58,48,24.0,415.0,9960.0,2024-06-24
2024062404009727,PMHPL,39,46,10.0,229.0,2290.0,2024-06-24
2024062404009726,MHNL,47,41,10.0,238.0,2380.0,2024-06-24
2024062404009725,MHNL,47,57,65.0,236.0,15340.0,2024-06-24
2024062401024169,SMJC,33,38,490.0,395.5,193795.0,2024-06-24
2024062403026588,MPFL,44,63,500.0,529.0,264500.0,2024-06-24
2024062403026587,RLFL,33,48,300.0,434.0,130200.0,2024-06-24
2024062403026586,GUFL,41,26,259.0,769.9,199404.1,2024-06-24
2024062403026585,GUFL,41,38,700.0,768.0,537600.0,2024-06-24
2024062403026584,GUFL,41,45,30.0,767.8,23034.0,2024-06-24
2024062403026583,GUFL,41,4,200.0,766.0,153200.0,2024-06-24
2024062403026582,GUFL,41,32,227.0,766.0,173882.0,2024-06-24
2024062403026581,GUFL,41,49,50.0,765.0,38250.0,2024-06-24
2024062403026580,GUFL,41,6,50.0,765.0,38250.0,2024-06-24
2024062403026579,GUFL,41,52,51.0,765.0,39015.0,2024-06-24
2024062403026578,GUFL,41,34,110.0,765.0,84150.0,2024-06-24
2024062403026577,GUFL,41,36,300.0,765.0,229500.0,2024-06-24
2024062403026576,GUFL,41,36,200.0,765.0,153000.0,2024-06-24
2024062403026575,GUFL,41,33,60.0,761.0,45660.0,2024-06-24
2024062403026574,GUFL,41,42,35.0,761.0,26635.0,2024-06-24
2024062403026573,GUFL,41,56,50.0,761.0,38050.0,2024-06-24
2024062403026572,GUFL,41,41,190.0,760.0,144400.0,2024-06-24
2024062403026571,GUFL,41,54,20.0,760.0,15200.0,2024-06-24
2024062403026570,GUFL,41,39,66.0,760.0,50160.0,2024-06-24
2024062401024168,MHL,62,3,64.0,544.6,34854.4,2024-06-24
2024062401024167,MHL,62,42,50.0,544.0,27200.0,2024-06-24
2024062401024166,MHL,62,38,20.0,543.0,10860.0,2024-06-24
2024062401024165,MHL,62,72,100.0,543.0,54300.0,2024-06-24
2024062401024164,MHL,62,58,14.0,543.0,7602.0,2024-06-24
2024062401024163,MHL,62,1,10.0,542.0,5420.0,2024-06-24
2024062401024162,MHL,62,47,100.0,542.0,54200.0,2024-06-24
2024062401024161,MHL,62,22,10.0,542.0,5420.0,2024-06-24
2024062401024160,MHL,62,6,132.0,541.6,71491.2,2024-06-24
2024062401024159,AVYAN,62,39,10.0,952.9,9529.0,2024-06-24
2024062403026569,MLBL,62,33,500.0,326.0,163000.0,2024-06-24
2024062401024158,SBL,50,25,50.0,243.0,12150.0,2024-06-24
2024062401024157,KBL,14,7,20.0,136.1,2722.0,2024-06-24
2024062404009724,UPCL,7,51,10.0,190.0,1900.0,2024-06-24
2024062403026568,SAPDBL,49,82,30.0,379.0,11370.0,2024-06-24
2024062401024156,SANIMA,57,42,154.0,249.0,38346.0,2024-06-24
2024062401024155,SANIMA,57,6,200.0,249.0,49800.0,2024-06-24
2024062401024154,SANIMA,57,57,46.0,249.0,11454.0,2024-06-24
2024062404009723,PPCL,14,59,80.0,235.8,18864.0,2024-06-24
2024062404009722,PPCL,38,59,200.0,235.9,47180.0,2024-06-24
2024062404009721,PPCL,36,59,200.0,236.0,47200.0,2024-06-24
2024062404009720,PPCL,88,59,20.0,236.0,4720.0,2024-06-24
2024062403026567,ACLBSL,53,21,10.0,1016.0,10160.0,2024-06-24
2024062403026566,ACLBSL,53,38,30.0,1015.0,30450.0,2024-06-24
2024062403026565,CFCL,45,22,100.0,476.0,47600.0,2024-06-24
2024062403026564,CFCL,28,58,21.0,480.0,10080.0,2024-06-24
2024062403026563,CFCL,28,49,140.0,480.0,67200.0,2024-06-24
2024062403026562,CFCL,28,6,200.0,480.0,96000.0,2024-06-24
2024062403026561,CFCL,28,34,100.0,480.0,48000.0,2024-06-24
2024062403026560,CFCL,28,26,50.0,480.0,24000.0,2024-06-24
2024062403026559,CFCL,28,58,300.0,480.0,144000.0,2024-06-24
2024062403026558,CFCL,28,38,938.0,480.0,450240.0,2024-06-24
2024062403026557,CFCL,28,54,50.0,480.0,24000.0,2024-06-24
2024062403026556,CFCL,28,7,115.0,480.0,55200.0,2024-06-24
2024062403026555,CFCL,28,49,50.0,480.0,24000.0,2024-06-24
2024062403026554,CFCL,28,36,200.0,480.0,96000.0,2024-06-24
2024062403026553,CFCL,28,41,50.0,480.0,24000.0,2024-06-24
2024062403026552,CFCL,28,45,250.0,480.0,120000.0,2024-06-24
2024062403026551,CFCL,28,37,357.0,480.0,171360.0,2024-06-24
2024062403026550,CFCL,28,14,179.0,479.9,85902.1,2024-06-24
2024062403026549,SWMF,34,36,40.0,892.9,35716.0,2024-06-24
2024062403026548,SWMF,34,33,10.0,889.0,8890.0,2024-06-24
2024062404009719,SPDL,34,5,183.0,245.0,44835.0,2024-06-24
2024062404009718,SPDL,34,22,117.0,245.0,28665.0,2024-06-24
2024062403026547,BFC,5,38,100.0,490.9,49090.0,2024-06-24
2024062404009717,GLH,14,34,247.0,212.1,52388.7,2024-06-24
2024062405005704,STC,54,42,10.0,4615.0,46150.0,2024-06-24
2024062404009716,MEN,45,13,115.0,585.0,67275.0,2024-06-24
2024062403026546,SFCL,13,70,20.0,463.0,9260.0,2024-06-24
2024062403026545,GFCL,40,22,50.0,613.0,30650.0,2024-06-24
2024062403026544,SFCL,96,70,80.0,463.0,37040.0,2024-06-24
2024062403026543,SFCL,96,22,130.0,462.9,60177.0,2024-06-24
2024062403026542,SFCL,96,49,100.0,462.8,46280.0,2024-06-24
2024062403026541,SFCL,96,1,300.0,462.8,138840.0,2024-06-24
2024062403026540,SFCL,96,45,100.0,462.8,46280.0,2024-06-24
2024062403026539,SFCL,96,62,290.0,461.0,133690.0,2024-06-24
2024062401024153,MKHC,45,42,35.0,326.8,11438.0,2024-06-24
2024062401024152,MKHC,45,52,10.0,326.0,3260.0,2024-06-24
2024062401024151,MKHC,45,35,10.0,326.0,3260.0,2024-06-24
2024062401024150,MKHC,45,94,10.0,326.0,3260.0,2024-06-24
2024062401024149,MKHC,45,49,10.0,326.0,3260.0,2024-06-24
2024062401024148,MKHC,45,46,10.0,325.9,3259.0,2024-06-24
2024062401024147,MKHC,45,58,10.0,325.0,3250.0,2024-06-24
2024062401024146,MKHC,45,62,300.0,325.0,97500.0,2024-06-24
2024062401024145,MKHC,45,44,10.0,325.0,3250.0,2024-06-24
2024062401024144,MKHC,45,13,10.0,325.0,3250.0,2024-06-24
2024062401024143,MKHC,45,49,10.0,325.0,3250.0,2024-06-24
2024062401024142,MKHC,45,58,10.0,325.0,3250.0,2024-06-24
2024062401024141,MKHC,45,47,10.0,325.0,3250.0,2024-06-24
2024062401024140,MKHC,45,21,10.0,325.0,3250.0,2024-06-24
2024062401024139,MKHC,45,38,10.0,324.0,3240.0,2024-06-24
2024062401024138,MKHC,45,29,10.0,324.0,3240.0,2024-06-24
2024062401024137,MKHC,45,42,200.0,324.0,64800.0,2024-06-24
2024062401024136,MKHC,45,57,130.0,323.0,41990.0,2024-06-24
2024062401024135,MKHC,45,43,10.0,323.0,3230.0,2024-06-24
2024062401024134,MKHC,45,45,175.0,322.0,56350.0,2024-06-24
2024062401024133,MKHC,45,49,10.0,321.8,3218.0,2024-06-24
2024062401024132,TVCL,39,62,10.0,474.0,4740.0,2024-06-24
2024062403026538,SLBBL,42,35,100.0,816.0,81600.0,2024-06-24
2024062401024131,MLBS,81,91,10.0,1356.5,13565.0,2024-06-24
2024062401024130,HIDCLP,47,26,20.0,99.0,1980.0,2024-06-24
2024062405005703,NRN,21,51,220.0,662.2,145684.0,2024-06-24
2024062403026537,SIFC,32,58,100.0,462.0,46200.0,2024-06-24
2024062404009715,PPCL,32,40,10.0,239.9,2399.0,2024-06-24
2024062404009714,PPCL,32,37,141.0,239.0,33699.0,2024-06-24
2024062401024129,GVL,46,44,380.0,591.0,224580.0,2024-06-24
2024062401024128,MANDU,65,58,149.0,1050.0,156450.0,2024-06-24
2024062401024127,MANDU,65,38,10.0,1050.0,10500.0,2024-06-24
2024062401024126,MANDU,65,34,10.0,1050.0,10500.0,2024-06-24
2024062401024125,MANDU,65,98,10.0,1050.0,10500.0,2024-06-24
2024062401024124,MANDU,65,25,10.0,1050.0,10500.0,2024-06-24
2024062401024123,MANDU,65,38,10.0,1050.0,10500.0,2024-06-24
2024062401024122,MANDU,65,81,10.0,1050.0,10500.0,2024-06-24
2024062401024121,MANDU,65,17,200.0,1049.9,209980.0,2024-06-24
2024062401024120,MANDU,65,35,199.0,1049.8,208910.2,2024-06-24
2024062401024119,MANDU,65,34,20.0,1049.5,20990.0,2024-06-24
2024062401024118,MANDU,65,45,10.0,1049.0,10490.0,2024-06-24
2024062401024117,MANDU,65,36,300.0,1048.0,314400.0,2024-06-24
2024062401024116,MANDU,65,62,10.0,1048.0,10480.0,2024-06-24
2024062401024115,MANDU,65,35,10.0,1048.0,10480.0,2024-06-24
2024062401024114,MANDU,65,55,50.0,1048.0,52400.0,2024-06-24
2024062401024113,MANDU,65,77,52.0,1048.0,54496.0,2024-06-24
2024062401024112,MANDU,65,48,30.0,1047.0,31410.0,2024-06-24
2024062401024111,MANDU,65,33,50.0,1046.0,52300.0,2024-06-24
2024062401024110,MANDU,65,29,100.0,1045.0,104500.0,2024-06-24
2024062401024109,MANDU,65,41,10.0,1045.0,10450.0,2024-06-24
2024062401024108,MANDU,65,58,10.0,1045.0,10450.0,2024-06-24
2024062401024107,MANDU,65,42,10.0,1044.9,10449.0,2024-06-24
2024062401024106,MANDU,65,20,100.0,1043.9,104390.0,2024-06-24
2024062401024105,MANDU,65,45,10.0,1042.0,10420.0,2024-06-24
2024062401024104,MANDU,65,42,100.0,1040.0,104000.0,2024-06-24
2024062401024103,MANDU,65,58,10.0,1040.0,10400.0,2024-06-24
2024062401024102,MANDU,65,10,10.0,1040.0,10400.0,2024-06-24
2024062401024101,MANDU,65,28,10.0,1040.0,10400.0,2024-06-24
2024062401024100,MANDU,65,11,10.0,1040.0,10400.0,2024-06-24
2024062401024099,MANDU,65,20,50.0,1040.0,52000.0,2024-06-24
2024062401024098,MANDU,65,22,10.0,1040.0,10400.0,2024-06-24
2024062401024097,MANDU,65,49,10.0,1040.0,10400.0,2024-06-24
2024062401024096,MANDU,65,58,10.0,1040.0,10400.0,2024-06-24
2024062401024095,MANDU,65,42,10.0,1040.0,10400.0,2024-06-24
2024062401024094,MANDU,65,38,10.0,1040.0,10400.0,2024-06-24
2024062401024093,MANDU,65,56,10.0,1040.0,10400.0,2024-06-24
2024062401024092,MANDU,65,56,10.0,1039.0,10390.0,2024-06-24
2024062401024091,MANDU,65,49,10.0,1038.9,10389.0,2024-06-24
2024062401024090,MANDU,65,57,10.0,1038.9,10389.0,2024-06-24
2024062401024089,MANDU,65,11,300.0,1038.0,311400.0,2024-06-24
2024062401024088,MANDU,65,22,10.0,1038.0,10380.0,2024-06-24
2024062401024087,MANDU,65,21,10.0,1038.0,10380.0,2024-06-24
2024062401024086,MANDU,65,16,10.0,1038.0,10380.0,2024-06-24
2024062401024085,MANDU,65,50,10.0,1037.0,10370.0,2024-06-24
2024062403026536,SFCL,1,25,150.0,458.2,68730.0,2024-06-24
2024062403026535,SABSL,91,25,20.0,1052.0,21040.0,2024-06-24
2024062403026534,SABSL,26,25,100.0,1053.0,105300.0,2024-06-24
2024062404009713,SPDL,17,22,11.0,245.0,2695.0,2024-06-24
2024062401024084,ILI,1,57,10.0,421.0,4210.0,2024-06-24
2024062403026533,KMCDB,3,43,200.0,1088.0,217600.0,2024-06-24
2024062403026532,CORBL,60,34,200.0,524.0,104800.0,2024-06-24
2024062401024083,MEL,49,14,500.0,222.6,111300.0,2024-06-24
2024062403026531,PFL,41,14,118.0,678.0,80004.0,2024-06-24
2024062403026530,GUFL,51,39,70.0,760.0,53200.0,2024-06-24
2024062403026529,GUFL,51,19,30.0,760.0,22800.0,2024-06-24
2024062401024082,BHPL,35,35,75.0,679.7,50977.5,2024-06-24
2024062401024081,BHPL,35,14,15.0,678.0,10170.0,2024-06-24
2024062401024080,BHPL,35,34,100.0,677.0,67700.0,2024-06-24
2024062401024079,BHPL,35,21,10.0,677.0,6770.0,2024-06-24
2024062401024078,MSHL,47,45,200.0,674.0,134800.0,2024-06-24
2024062403026528,PROFL,42,48,10.0,415.0,4150.0,2024-06-24
2024062401024077,ADBL,42,42,100.0,263.0,26300.0,2024-06-24
2024062403026527,HLI,42,1,12.0,377.5,4530.0,2024-06-24
2024062404009712,AHPC,29,29,1000.0,153.2,153200.0,2024-06-24
2024062403026526,KSBBL,33,71,10.0,368.0,3680.0,2024-06-24
2024062404009711,TRH,42,32,40.0,755.0,30200.0,2024-06-24
2024062401024076,BHDC,44,7,11.0,591.0,6501.0,2024-06-24
2024062401024075,USHL,50,57,10.0,542.0,5420.0,2024-06-24
2024062403026525,NMLBBL,14,17,410.0,683.0,280030.0,2024-06-24
2024062403026524,HLI,70,1,100.0,377.5,37750.0,2024-06-24
2024062405005702,HRL,50,19,20.0,540.0,10800.0,2024-06-24
2024062405005701,HRL,50,17,31.0,540.0,16740.0,2024-06-24
2024062405005700,HRL,50,34,200.0,540.0,108000.0,2024-06-24
2024062401024074,SPL,16,85,173.0,755.0,130615.0,2024-06-24
2024062401024073,SIKLES,35,40,677.0,660.0,446820.0,2024-06-24
2024062401024072,SIKLES,35,45,10.0,660.0,6600.0,2024-06-24
2024062401024071,SIKLES,35,21,10.0,660.0,6600.0,2024-06-24
2024062401024070,SIKLES,35,46,10.0,660.0,6600.0,2024-06-24
2024062401024069,SIKLES,35,47,10.0,660.0,6600.0,2024-06-24
2024062401024068,SIKLES,35,45,50.0,660.0,33000.0,2024-06-24
2024062401024067,SIKLES,35,32,10.0,660.0,6600.0,2024-06-24
2024062401024066,SIKLES,35,83,295.0,660.0,194700.0,2024-06-24
2024062401024065,SIKLES,35,63,500.0,659.0,329500.0,2024-06-24
2024062401024064,SIKLES,35,5,10.0,659.0,6590.0,2024-06-24
2024062401024063,SIKLES,35,49,10.0,657.9,6579.0,2024-06-24
2024062401024062,SIKLES,35,22,10.0,657.9,6579.0,2024-06-24
2024062401024061,SIKLES,35,45,10.0,657.0,6570.0,2024-06-24
2024062401024060,SIKLES,35,63,388.0,656.8,254838.4,2024-06-24
2024062403026523,GUFL,44,19,50.0,760.0,38000.0,2024-06-24
2024062404009710,UMRH,45,34,500.0,408.0,204000.0,2024-06-24
2024062404009709,GHL,48,35,1200.0,149.6,179520.0,2024-06-24
2024062403026522,SFCL,1,38,100.0,458.2,45820.0,2024-06-24
2024062403026521,KRBL,42,39,100.0,453.1,45310.0,2024-06-24
2024062403026520,GMFIL,39,7,60.0,455.0,27300.0,2024-06-24
2024062403026519,GMFIL,39,42,1000.0,455.0,455000.0,2024-06-24
2024062403026518,GMFIL,39,44,60.0,455.0,27300.0,2024-06-24
2024062403026517,GMFIL,39,18,730.0,454.9,332077.0,2024-06-24
2024062403026516,GMFIL,39,19,100.0,454.9,45490.0,2024-06-24
2024062403026515,GMFIL,39,22,50.0,454.8,22740.0,2024-06-24
2024062403026514,MFIL,25,42,100.0,562.5,56250.0,2024-06-24
2024062403026513,MFIL,14,42,90.0,562.5,50625.0,2024-06-24
2024062401024059,MEHL,42,33,10.0,349.0,3490.0,2024-06-24
2024062401024058,HDL,38,74,100.0,1236.0,123600.0,2024-06-24
2024062401024057,MCHL,67,58,135.0,437.1,59008.5,2024-06-24
2024062401024056,MCHL,67,21,857.0,436.0,373652.0,2024-06-24
2024062401024055,USHEC,47,58,53.0,445.0,23585.0,2024-06-24
2024062401024054,USHEC,47,53,900.0,445.0,400500.0,2024-06-24
2024062401024053,USHEC,47,51,10.0,445.0,4450.0,2024-06-24
2024062401024052,USHEC,47,55,10.0,444.0,4440.0,2024-06-24
2024062401024051,USHEC,47,84,260.0,444.0,115440.0,2024-06-24
2024062404009708,JOSHI,26,29,250.0,296.0,74000.0,2024-06-24
2024062404009707,JOSHI,35,29,250.0,296.1,74025.0,2024-06-24
2024062404009706,JOSHI,26,29,500.0,297.0,148500.0,2024-06-24
2024062403026512,SLBSL,32,25,10.0,1229.0,12290.0,2024-06-24
2024062401024050,MMKJL,58,36,104.0,493.0,51272.0,2024-06-24
2024062401024049,MMKJL,58,13,141.0,493.0,69513.0,2024-06-24
2024062401024048,MMKJL,58,11,115.0,492.9,56683.5,2024-06-24
2024062401024047,MMKJL,58,59,190.0,492.8,93632.0,2024-06-24
2024062401024046,MMKJL,58,64,450.0,491.1,220995.0,2024-06-24
2024062403026511,SFCL,42,62,10.0,462.0,4620.0,2024-06-24
2024062401024045,USHL,57,62,10.0,544.8,5448.0,2024-06-24
2024062405005699,CMF1,28,57,1000.0,9.07,9070.0,2024-06-24
2024062403026510,SAPDBL,33,77,23.0,375.0,8625.0,2024-06-24
2024062403026509,SAPDBL,6,77,200.0,375.0,75000.0,2024-06-24
2024062403026508,SAPDBL,39,77,300.0,375.2,112560.0,2024-06-24
2024062403026507,SAPDBL,55,77,260.0,375.5,97630.0,2024-06-24
2024062403026506,SAPDBL,32,77,400.0,375.5,150200.0,2024-06-24
2024062403026505,SAPDBL,42,77,810.0,376.0,304560.0,2024-06-24
2024062403026504,SAPDBL,34,77,378.0,378.0,142884.0,2024-06-24
2024062403026503,SAPDBL,34,77,200.0,378.0,75600.0,2024-06-24
2024062403026502,SAPDBL,58,77,75.0,378.0,28350.0,2024-06-24
2024062403026501,SAPDBL,44,77,100.0,378.0,37800.0,2024-06-24
2024062403026500,SAPDBL,81,77,220.0,378.1,83182.0,2024-06-24
2024062403026499,SAPDBL,47,77,34.0,378.2,12858.8,2024-06-24
2024062403026498,GILB,45,71,60.0,1374.7,82482.0,2024-06-24
2024062403026497,GILB,50,71,20.0,1380.0,27600.0,2024-06-24
2024062403026496,GILB,34,71,200.0,1384.7,276940.0,2024-06-24
2024062403026495,GILB,57,71,100.0,1384.7,138470.0,2024-06-24
2024062403026494,GILB,49,71,200.0,1400.0,280000.0,2024-06-24
2024062403026493,GILB,58,71,10.0,1400.0,14000.0,2024-06-24
2024062404009705,UMRH,57,40,100.0,407.5,40750.0,2024-06-24
2024062401024044,PCBL,17,34,200.0,195.2,39040.0,2024-06-24
2024062403026492,SINDU,34,7,83.0,414.0,34362.0,2024-06-24
2024062403026491,SINDU,34,38,20.0,414.0,8280.0,2024-06-24
2024062403026490,SINDU,34,80,100.0,414.0,41400.0,2024-06-24
2024062403026489,SINDU,34,11,10.0,413.2,4132.0,2024-06-24
2024062403026488,SINDU,34,26,272.0,413.1,112363.2,2024-06-24
2024062403026487,SINDU,34,44,110.0,413.0,45430.0,2024-06-24
2024062401024043,EHPL,45,49,10.0,547.0,5470.0,2024-06-24
2024062401024042,JALPA,45,58,10.0,1300.0,13000.0,2024-06-24
2024062401024041,SONA,39,98,10.0,438.0,4380.0,2024-06-24
2024062401024040,SONA,39,41,229.0,438.0,100302.0,2024-06-24
2024062405005698,CHDC,39,39,50.0,1027.0,51350.0,2024-06-24
2024062401024039,GVL,66,34,500.0,596.0,298000.0,2024-06-24
2024062403026486,GMFBS,67,29,400.0,1591.1,636440.0,2024-06-24
2024062403026485,MFIL,21,43,35.0,563.0,19705.0,2024-06-24
2024062401024038,IHL,48,48,500.0,427.9,213950.0,2024-06-24
2024062404009704,BARUN,59,72,600.0,298.0,178800.0,2024-06-24
2024062401024037,GVL,80,34,280.0,596.0,166880.0,2024-06-24
2024062401024036,GVL,80,25,200.0,596.0,119200.0,2024-06-24
2024062401024035,GVL,80,48,100.0,596.0,59600.0,2024-06-24
2024062401024034,GVL,80,51,10.0,596.0,5960.0,2024-06-24
2024062401024033,GVL,80,58,10.0,596.0,5960.0,2024-06-24
2024062401024032,GVL,80,28,10.0,596.0,5960.0,2024-06-24
2024062401024031,GVL,80,6,80.0,595.9,47672.0,2024-06-24
2024062401024030,GVL,80,49,10.0,595.0,5950.0,2024-06-24
2024062403026484,MPFL,59,26,221.0,528.0,116688.0,2024-06-24
2024062403026483,SMB,59,6,10.0,1670.0,16700.0,2024-06-24
2024062404009703,MEN,45,17,103.0,585.0,60255.0,2024-06-24
2024062404009702,MEN,81,17,387.0,585.1,226433.7,2024-06-24
2024062405005697,NRN,58,1,250.0,662.0,165500.0,2024-06-24
2024062401024029,MKCL,28,19,10.0,1120.0,11200.0,2024-06-24
2024062401024028,MAKAR,4,16,470.0,428.3,201301.0,2024-06-24
2024062403026482,PROFL,58,54,145.0,414.1,60044.5,2024-06-24
2024062403026481,PROFL,4,54,50.0,414.2,20710.0,2024-06-24
2024062403026480,PROFL,25,54,105.0,414.6,43533.0,2024-06-24
2024062403026479,PROFL,21,54,100.0,414.7,41470.0,2024-06-24
2024062403026478,PROFL,36,54,50.0,414.7,20735.0,2024-06-24
2024062403026477,NLIC,42,26,15.0,585.7,8785.5,2024-06-24
2024062404009701,SHEL,35,67,20.0,157.5,3150.0,2024-06-24
2024062404009700,KKHC,35,62,40.0,229.5,9180.0,2024-06-24
2024062404009699,KKHC,35,58,90.0,227.0,20430.0,2024-06-24
2024062404009698,SHL,13,42,100.0,421.0,42100.0,2024-06-24
2024062403026476,PFL,41,45,200.0,678.0,135600.0,2024-06-24
2024062403026475,PFL,62,45,400.0,678.1,271240.0,2024-06-24
2024062403026474,SAPDBL,45,82,50.0,379.0,18950.0,2024-06-24
2024062401024027,AHL,22,56,10.0,511.2,5112.0,2024-06-24
2024062401024026,IHL,29,48,123.0,427.9,52631.7,2024-06-24
2024062401024025,IHL,29,45,77.0,427.4,32909.8,2024-06-24
2024062401024024,IHL,29,16,300.0,427.2,128160.0,2024-06-24
2024062403026473,SLBBL,32,44,100.0,814.0,81400.0,2024-06-24
2024062403026472,PMLI,58,7,50.0,493.0,24650.0,2024-06-24
2024062403026471,JBBL,94,7,661.0,287.0,189707.0,2024-06-24
2024062401024023,MKJC,28,49,10.0,590.0,5900.0,2024-06-24
2024062401024022,MANDU,50,58,160.0,1036.0,165760.0,2024-06-24
2024062403026470,RLFL,57,35,10.0,440.0,4400.0,2024-06-24
2024062403026469,KMCDB,77,59,176.0,1088.9,191646.4,2024-06-24
2024062403026468,KMCDB,77,85,200.0,1088.8,217760.0,2024-06-24
2024062403026467,KMCDB,77,45,55.0,1088.0,59840.0,2024-06-24
2024062403026466,KMCDB,77,61,50.0,1080.1,54005.0,2024-06-24
2024062403026465,KMCDB,77,54,119.0,1080.0,128520.0,2024-06-24
2024062404009697,KPCL,77,43,100.0,452.0,45200.0,2024-06-24
2024062404009696,KPCL,77,85,100.0,451.0,45100.0,2024-06-24
2024062401024021,SHIVM,7,6,42.0,481.0,20202.0,2024-06-24
2024062401024020,SHIVM,59,6,10.0,481.0,4810.0,2024-06-24
2024062401024019,SHIVM,6,6,50.0,481.0,24050.0,2024-06-24
2024062401024018,SHIVM,62,6,319.0,481.0,153439.0,2024-06-24
2024062401024017,SHIVM,48,6,500.0,481.1,240550.0,2024-06-24
2024062401024016,SHIVM,58,6,10.0,481.1,4811.0,2024-06-24
2024062401024015,SHIVM,74,6,69.0,481.1,33195.9,2024-06-24
2024062403026464,LBBL,37,16,162.0,382.0,61884.0,2024-06-24
2024062403026463,LBBL,37,34,50.0,382.0,19100.0,2024-06-24
2024062403026462,LBBL,37,33,500.0,382.0,191000.0,2024-06-24
2024062403026461,LBBL,37,32,288.0,382.0,110016.0,2024-06-24
2024062401024014,NICA,14,3,20.0,400.4,8008.0,2024-06-24
2024062405005696,NTC,91,51,100.0,817.0,81700.0,2024-06-24
2024062405005695,NTC,91,44,100.0,816.9,81690.0,2024-06-24
2024062404009695,HEI,34,41,10.0,594.0,5940.0,2024-06-24
2024062401024013,UHEWA,34,32,29.0,466.0,13514.0,2024-06-24
2024062401024012,UHEWA,34,22,10.0,466.0,4660.0,2024-06-24
2024062401024011,UHEWA,34,38,11.0,466.0,5126.0,2024-06-24
2024062401024010,CKHL,34,61,412.0,597.3,246087.6,2024-06-24
2024062401024009,CKHL,34,56,10.0,597.0,5970.0,2024-06-24
2024062401024008,CKHL,34,34,578.0,596.7,344892.6,2024-06-24
2024062401024007,SHIVM,74,35,200.0,481.1,96220.0,2024-06-24
2024062404009694,HPPL,42,16,35.0,279.0,9765.0,2024-06-24
2024062404009693,HPPL,42,42,100.0,279.0,27900.0,2024-06-24
2024062404009692,HPPL,42,53,500.0,277.5,138750.0,2024-06-24
2024062404009691,HPPL,42,16,100.0,277.4,27740.0,2024-06-24
2024062404009690,HPPL,42,42,500.0,277.0,138500.0,2024-06-24
2024062404009689,HPPL,42,55,500.0,277.0,138500.0,2024-06-24
2024062404009688,HPPL,42,34,1000.0,276.0,276000.0,2024-06-24
2024062404009687,HPPL,42,45,20.0,276.0,5520.0,2024-06-24
2024062404009686,HPPL,42,52,245.0,275.0,67375.0,2024-06-24
2024062405005694,HRL,42,1,628.0,540.0,339120.0,2024-06-24
2024062401024006,BHPL,52,56,10.0,672.0,6720.0,2024-06-24
2024062403026460,NADEP,87,45,14.0,822.0,11508.0,2024-06-24
2024062403026459,NADEP,87,58,10.0,822.0,8220.0,2024-06-24
2024062401024005,HATHY,38,25,30.0,888.0,26640.0,2024-06-24
2024062404009685,HURJA,58,32,1825.0,307.0,560275.0,2024-06-24
2024062404009684,HURJA,58,41,1200.0,307.0,368400.0,2024-06-24
2024062404009683,HURJA,58,41,1000.0,307.0,307000.0,2024-06-24
2024062404009682,HURJA,58,41,1000.0,307.0,307000.0,2024-06-24
2024062404009681,HURJA,58,64,1000.0,307.0,307000.0,2024-06-24
2024062404009680,HURJA,58,3,30.0,306.0,9180.0,2024-06-24
2024062404009679,HURJA,58,38,375.0,306.0,114750.0,2024-06-24
2024062404009678,HURJA,58,29,100.0,305.0,30500.0,2024-06-24
2024062404009677,HURJA,58,37,1000.0,305.0,305000.0,2024-06-24
2024062404009676,HURJA,58,16,300.0,305.0,91500.0,2024-06-24
2024062404009675,HURJA,58,32,100.0,305.0,30500.0,2024-06-24
2024062404009674,HURJA,58,42,20.0,305.0,6100.0,2024-06-24
2024062404009673,HURJA,58,6,500.0,305.0,152500.0,2024-06-24
2024062404009672,HURJA,58,1,20.0,305.0,6100.0,2024-06-24
2024062404009671,HURJA,58,49,500.0,305.0,152500.0,2024-06-24
2024062404009670,HURJA,58,38,115.0,304.9,35063.5,2024-06-24
2024062404009669,HURJA,58,3,20.0,304.9,6098.0,2024-06-24
2024062404009668,HURJA,58,7,100.0,304.0,30400.0,2024-06-24
2024062404009667,HURJA,58,55,150.0,304.0,45600.0,2024-06-24
2024062404009666,HURJA,58,3,20.0,304.0,6080.0,2024-06-24
2024062404009665,HURJA,58,68,125.0,303.0,37875.0,2024-06-24
2024062404009664,HURJA,58,5,500.0,301.3,150650.0,2024-06-24
2024062401024004,SONA,42,58,10.0,437.3,4373.0,2024-06-24
2024062403026458,PFL,62,17,100.0,678.1,67810.0,2024-06-24
2024062401024003,VLUCL,14,63,10.0,512.5,5125.0,2024-06-24
2024062404009663,SHPC,51,26,100.0,319.0,31900.0,2024-06-24
2024062401024002,NWCL,46,50,10.0,843.5,8435.0,2024-06-24
2024062403026457,CFCL,26,14,80.0,479.9,38392.0,2024-06-24
2024062403026456,CFCL,26,7,20.0,477.0,9540.0,2024-06-24
2024062401024001,HDL,38,58,130.0,1236.0,160680.0,2024-06-24
2024062401024000,HDL,38,42,70.0,1236.0,86520.0,2024-06-24
2024062403026455,SHINE,32,39,100.0,382.0,38200.0,2024-06-24
2024062403026454,LBBL,45,35,1762.0,380.0,669560.0,2024-06-24
2024062403026453,LBBL,14,35,38.0,381.0,14478.0,2024-06-24
2024062404009662,AHPC,56,14,10.0,153.4,1534.0,2024-06-24
2024062404009661,RIDI,45,39,500.0,167.0,83500.0,2024-06-24
2024062403026452,MLBBL,33,44,50.0,1400.0,70000.0,2024-06-24
2024062403026451,MLBBL,33,56,100.0,1399.9,139990.0,2024-06-24
2024062403026450,MLBBL,33,38,50.0,1399.0,69950.0,2024-06-24
2024062403026449,MLBBL,33,6,50.0,1398.0,69900.0,2024-06-24
2024062403026448,MLBBL,33,58,100.0,1397.0,139700.0,2024-06-24
2024062401023999,BHL,16,49,30.0,342.0,10260.0,2024-06-24
2024062404009660,GHL,48,49,45.0,149.6,6732.0,2024-06-24
2024062403026447,MPFL,58,26,79.0,528.0,41712.0,2024-06-24
2024062403026446,MPFL,58,60,500.0,528.0,264000.0,2024-06-24
2024062403026445,MPFL,58,58,221.0,527.9,116665.9,2024-06-24
2024062401023998,MBJC,53,58,24.0,295.0,7080.0,2024-06-24
2024062401023997,MBJC,43,58,10.0,295.3,2953.0,2024-06-24
2024062401023996,SAMAJ,58,16,10.0,2445.0,24450.0,2024-06-24
2024062401023995,SAMAJ,58,42,10.0,2445.0,24450.0,2024-06-24
2024062401023994,NMB,53,16,10.0,190.0,1900.0,2024-06-24
2024062404009659,BPCL,57,50,43.0,290.0,12470.0,2024-06-24
2024062401023993,MAKAR,4,22,700.0,428.3,299810.0,2024-06-24
2024062401023992,MAKAR,25,22,300.0,428.4,128520.0,2024-06-24
2024062401023991,MKHC,13,45,850.0,322.0,273700.0,2024-06-24
2024062401023990,MKHC,13,49,50.0,322.0,16100.0,2024-06-24
2024062401023989,MKHC,13,11,100.0,321.9,32190.0,2024-06-24
2024062404009658,PMHPL,72,46,57.0,225.5,12853.5,2024-06-24
2024062404009657,PMHPL,50,46,30.0,225.6,6768.0,2024-06-24
2024062404009656,PMHPL,17,46,80.0,225.7,18056.0,2024-06-24
2024062404009655,PMHPL,50,46,10.0,225.8,2258.0,2024-06-24
2024062404009654,PMHPL,29,46,300.0,225.9,67770.0,2024-06-24
2024062404009653,PMHPL,49,46,23.0,226.0,5198.0,2024-06-24
2024062401023988,EBL,46,11,11.0,522.9,5751.9,2024-06-24
2024062403026444,BFC,37,11,340.0,490.0,166600.0,2024-06-24
2024062403026443,SWBBL,41,34,10.0,856.6,8566.0,2024-06-24
2024062403026442,SLBBL,32,69,188.0,814.0,153032.0,2024-06-24
2024062403026441,SLBBL,42,69,162.0,814.1,131884.2,2024-06-24
2024062403026440,HLBSL,38,38,209.0,1296.0,270864.0,2024-06-24
2024062403026439,HLBSL,38,44,26.0,1296.0,33696.0,2024-06-24
2024062403026438,HLBSL,38,58,65.0,1294.9,84168.5,2024-06-24
2024062404009652,SSHL,35,52,10.0,176.8,1768.0,2024-06-24
2024062401023987,USHEC,47,39,90.0,440.0,39600.0,2024-06-24
2024062401023986,USHEC,58,39,10.0,440.1,4401.0,2024-06-24
2024062401023985,USHEC,47,39,400.0,440.1,176040.0,2024-06-24
2024062401023984,BHPL,45,21,10.0,677.0,6770.0,2024-06-24
2024062401023983,BHPL,45,7,10.0,676.0,6760.0,2024-06-24
2024062401023982,KBL,65,49,50.0,136.5,6825.0,2024-06-24
2024062401023981,MHL,62,6,68.0,541.6,36828.8,2024-06-24
2024062401023980,MHL,62,36,10.0,540.0,5400.0,2024-06-24
2024062401023979,MHL,62,43,10.0,539.8,5398.0,2024-06-24
2024062401023978,MHL,62,38,10.0,539.8,5398.0,2024-06-24
2024062401023977,MHL,62,41,10.0,539.5,5395.0,2024-06-24
2024062401023976,MHL,62,21,77.0,539.0,41503.0,2024-06-24
2024062401023975,MHL,62,6,500.0,538.9,269450.0,2024-06-24
2024062401023974,MHL,62,47,50.0,538.6,26930.0,2024-06-24
2024062401023973,MHL,62,58,10.0,538.0,5380.0,2024-06-24
2024062401023972,MHL,62,41,10.0,538.0,5380.0,2024-06-24
2024062401023971,MHL,62,58,10.0,536.9,5369.0,2024-06-24
2024062401023970,MHL,62,58,10.0,536.0,5360.0,2024-06-24
2024062401023969,MHL,62,94,10.0,535.0,5350.0,2024-06-24
2024062401023968,MHL,62,49,10.0,535.0,5350.0,2024-06-24
2024062401023967,MHL,62,3,20.0,533.0,10660.0,2024-06-24
2024062401023966,MHL,62,55,150.0,532.0,79800.0,2024-06-24
2024062401023965,MHL,62,42,10.0,531.8,5318.0,2024-06-24
2024062401023964,MHL,62,13,25.0,531.7,13292.5,2024-06-24
2024062403026437,SABSL,61,17,80.0,1062.0,84960.0,2024-06-24
2024062403026436,SABSL,61,62,50.0,1060.0,53000.0,2024-06-24
2024062403026435,SABSL,61,57,19.0,1060.0,20140.0,2024-06-24
2024062403026434,SABSL,61,29,51.0,1060.0,54060.0,2024-06-24
2024062401023963,TSHL,47,49,10.0,547.0,5470.0,2024-06-24
2024062404009651,UPCL,49,51,530.0,190.0,100700.0,2024-06-24
2024062404009650,UPCL,49,58,60.0,190.0,11400.0,2024-06-24
2024062404009649,UPCL,49,36,410.0,190.0,77900.0,2024-06-24
2024062401023962,MKHL,58,49,10.0,445.1,4451.0,2024-06-24
2024062403026433,SADBL,59,66,80.0,316.9,25352.0,2024-06-24
2024062403026432,SADBL,59,43,20.0,316.9,6338.0,2024-06-24
2024062401023961,MEL,58,16,10.0,223.4,2234.0,2024-06-24
2024062405005693,ENL,58,38,10.0,976.0,9760.0,2024-06-24
2024062403026431,JBBL,22,57,85.0,286.0,24310.0,2024-06-24
2024062403026430,GUFL,33,6,80.0,757.0,60560.0,2024-06-24
2024062403026429,GUFL,57,6,300.0,757.0,227100.0,2024-06-24
2024062403026428,GUFL,58,6,20.0,757.0,15140.0,2024-06-24
2024062403026427,GUFL,19,6,100.0,757.1,75710.0,2024-06-24
2024062403026426,GUFL,47,6,20.0,760.0,15200.0,2024-06-24
2024062403026425,GUFL,58,6,210.0,760.0,159600.0,2024-06-24
2024062401023960,MANDU,50,19,10.0,1036.0,10360.0,2024-06-24
2024062403026424,JFL,74,22,100.0,599.0,59900.0,2024-06-24
2024062403026423,JFL,47,22,230.0,599.0,137770.0,2024-06-24
2024062403026422,JFL,17,22,30.0,599.0,17970.0,2024-06-24
2024062401023959,PCBL,17,22,100.0,195.2,19520.0,2024-06-24
2024062401023958,SPHL,40,40,199.0,557.0,110843.0,2024-06-24
2024062404009648,UPCL,35,36,10.0,190.0,1900.0,2024-06-24
2024062401023957,MHL,58,35,30.0,518.6,15558.0,2024-06-24
2024062401023956,MHL,42,35,70.0,521.0,36470.0,2024-06-24
2024062401023955,NABIL,44,42,80.0,461.1,36888.0,2024-06-24
2024062401023954,NABIL,58,42,10.0,461.5,4615.0,2024-06-24
2024062403026421,LBBL,14,47,435.0,381.0,165735.0,2024-06-24
2024062403026420,ICFC,32,45,125.0,555.0,69375.0,2024-06-24
2024062403026419,ICFC,5,45,30.0,555.0,16650.0,2024-06-24
2024062403026418,ICFC,49,45,100.0,555.0,55500.0,2024-06-24
2024062403026417,ICFC,50,45,10.0,555.2,5552.0,2024-06-24
2024062403026416,ICFC,33,45,100.0,555.5,55550.0,2024-06-24
2024062403026415,ICFC,42,45,45.0,556.0,25020.0,2024-06-24
2024062403026414,ICFC,57,45,100.0,556.0,55600.0,2024-06-24
2024062403026413,ICFC,57,45,100.0,556.1,55610.0,2024-06-24
2024062403026412,ICFC,45,45,100.0,556.1,55610.0,2024-06-24
2024062403026411,ICFC,5,45,30.0,556.2,16686.0,2024-06-24
2024062403026410,ICFC,45,45,500.0,557.0,278500.0,2024-06-24
2024062403026409,ICFC,58,45,100.0,557.0,55700.0,2024-06-24
2024062403026408,ICFC,36,45,200.0,557.0,111400.0,2024-06-24
2024062403026407,ICFC,45,45,100.0,557.0,55700.0,2024-06-24
2024062403026406,ICFC,6,45,200.0,557.0,111400.0,2024-06-24
2024062403026405,ICFC,34,45,100.0,557.0,55700.0,2024-06-24
2024062403026404,ICFC,45,45,10.0,557.0,5570.0,2024-06-24
2024062403026403,ICFC,58,45,50.0,557.2,27860.0,2024-06-24
2024062403026402,ICFC,10,45,500.0,558.0,279000.0,2024-06-24
2024062403026401,JFL,21,25,30.0,599.9,17997.0,2024-06-24
2024062403026400,JFL,45,25,170.0,599.9,101983.0,2024-06-24
2024062404009647,HURJA,58,59,99.0,301.0,29799.0,2024-06-24
2024062404009646,CGH,17,57,125.0,840.0,105000.0,2024-06-24
2024062404009645,CGH,17,41,232.0,839.0,194648.0,2024-06-24
2024062401023953,SMJC,44,50,700.0,394.0,275800.0,2024-06-24
2024062403026399,CFCL,28,14,21.0,479.9,10077.9,2024-06-24
2024062403026398,CFCL,28,13,50.0,479.9,23995.0,2024-06-24
2024062403026397,CFCL,28,41,16.0,479.0,7664.0,2024-06-24
2024062403026396,CFCL,28,29,550.0,479.0,263450.0,2024-06-24
2024062403026395,CFCL,28,68,485.0,479.0,232315.0,2024-06-24
2024062403026394,CFCL,28,57,1000.0,479.0,479000.0,2024-06-24
2024062403026393,CFCL,28,45,80.0,479.0,38320.0,2024-06-24
2024062403026392,CFCL,28,42,13.0,479.0,6227.0,2024-06-24
2024062403026391,CFCL,28,25,35.0,478.3,16740.5,2024-06-24
2024062403026390,CFCL,28,38,50.0,477.5,23875.0,2024-06-24
2024062403026389,CFCL,28,5,700.0,477.0,333900.0,2024-06-24
2024062401023952,MKCL,28,28,10.0,1114.0,11140.0,2024-06-24
2024062403026388,PFL,41,43,250.0,678.0,169500.0,2024-06-24
2024062401023951,MANDU,65,19,190.0,1036.0,196840.0,2024-06-24
2024062401023950,CKHL,34,34,72.0,596.7,42962.4,2024-06-24
2024062401023949,CKHL,34,56,30.0,596.0,17880.0,2024-06-24
2024062401023948,CKHL,34,6,500.0,596.0,298000.0,2024-06-24
2024062401023947,CKHL,34,52,50.0,596.0,29800.0,2024-06-24
2024062401023946,CKHL,34,4,30.0,596.0,17880.0,2024-06-24
2024062401023945,CKHL,34,58,300.0,596.0,178800.0,2024-06-24
2024062401023944,CKHL,34,52,18.0,596.0,10728.0,2024-06-24
2024062403026387,GUFL,58,38,60.0,760.0,45600.0,2024-06-24
2024062403026386,SINDU,21,42,100.0,412.0,41200.0,2024-06-24
2024062403026385,SINDU,21,41,20.0,412.0,8240.0,2024-06-24
2024062403026384,SINDU,21,45,31.0,412.0,12772.0,2024-06-24
2024062403026383,SADBL,56,43,50.0,316.9,15845.0,2024-06-24
2024062404009644,NIL,48,49,10.0,796.0,7960.0,2024-06-24
2024062404009643,UPCL,41,36,300.0,190.0,57000.0,2024-06-24
2024062401023943,SARBTM,7,45,100.0,777.0,77700.0,2024-06-24
2024062404009642,AHPC,7,14,20.0,153.4,3068.0,2024-06-24
2024062401023942,SPL,16,7,76.0,755.0,57380.0,2024-06-24
2024062401023941,SPL,57,7,30.0,755.0,22650.0,2024-06-24
2024062401023940,SPL,22,7,650.0,755.0,490750.0,2024-06-24
2024062401023939,SPL,57,7,30.0,755.0,22650.0,2024-06-24
2024062401023938,SPL,42,7,132.0,755.1,99673.2,2024-06-24
2024062401023937,SPL,42,7,82.0,755.1,61918.2,2024-06-24
2024062401023936,GVL,80,6,120.0,595.9,71508.0,2024-06-24
2024062401023935,GVL,80,53,10.0,595.0,5950.0,2024-06-24
2024062401023934,GVL,80,72,370.0,594.9,220113.0,2024-06-24
2024062401023933,SPC,49,34,10.0,575.0,5750.0,2024-06-24
2024062401023932,SPC,49,58,10.0,574.0,5740.0,2024-06-24
2024062401023931,LSL,49,34,22.0,156.0,3432.0,2024-06-24
2024062401023930,LSL,49,57,50.0,156.0,7800.0,2024-06-24
2024062401023929,LSL,49,85,500.0,156.0,78000.0,2024-06-24
2024062401023928,LSL,49,57,284.0,156.0,44304.0,2024-06-24
2024062401023927,LSL,49,38,1580.0,155.9,246322.0,2024-06-24
2024062401023926,GCIL,49,34,125.0,472.9,59112.5,2024-06-24
2024062404009641,UPCL,58,36,80.0,190.0,15200.0,2024-06-24
2024062403026382,EDBL,5,58,80.0,380.0,30400.0,2024-06-24
2024062401023925,MKHC,51,6,80.0,320.6,25648.0,2024-06-24
2024062401023924,MKHC,5,6,20.0,321.8,6436.0,2024-06-24
2024062403026381,NMLBBL,14,16,41.0,683.0,28003.0,2024-06-24
2024062403026380,EDBL,14,49,10.0,382.0,3820.0,2024-06-24
2024062404009640,RURU,46,57,100.0,616.0,61600.0,2024-06-24
2024062403026379,NLICL,47,57,41.0,539.0,22099.0,2024-06-24
2024062403026378,NLICL,58,57,59.0,539.0,31801.0,2024-06-24
2024062403026377,SWMF,3,42,10.0,888.0,8880.0,2024-06-24
2024062401023923,SMJC,44,40,100.0,394.0,39400.0,2024-06-24
2024062401023922,SMJC,26,40,400.0,394.1,157640.0,2024-06-24
2024062403026376,SADBL,38,43,10.0,316.9,3169.0,2024-06-24
2024062401023921,USHL,50,38,100.0,542.0,54200.0,2024-06-24
2024062403026375,KRBL,29,39,115.0,457.0,52555.0,2024-06-24
2024062403026374,KRBL,29,34,385.0,455.0,175175.0,2024-06-24
2024062401023920,MEHL,45,33,52.0,349.0,18148.0,2024-06-24
2024062401023919,MCHL,17,33,30.0,435.8,13074.0,2024-06-24
2024062403026373,JFL,29,34,200.0,600.0,120000.0,2024-06-24
2024062401023918,MHL,62,13,75.0,531.7,39877.5,2024-06-24
2024062401023917,MHL,62,35,250.0,530.0,132500.0,2024-06-24
2024062401023916,MHL,62,26,675.0,530.0,357750.0,2024-06-24
2024062403026372,SKBBL,18,38,74.0,808.0,59792.0,2024-06-24
2024062403026371,SKBBL,18,22,200.0,807.9,161580.0,2024-06-24
2024062403026370,SKBBL,18,35,52.0,807.9,42010.8,2024-06-24
2024062403026369,SKBBL,18,43,59.0,807.9,47666.1,2024-06-24
2024062403026368,SKBBL,18,55,100.0,807.0,80700.0,2024-06-24
2024062403026367,SKBBL,18,57,115.0,807.0,92805.0,2024-06-24
2024062404009639,MEN,81,8,503.0,585.1,294305.3,2024-06-24
2024062404009638,API,85,45,207.0,170.3,35252.1,2024-06-24
2024062404009637,API,85,58,226.0,170.0,38420.0,2024-06-24
2024062404009636,API,85,45,226.0,170.0,38420.0,2024-06-24
2024062404009635,API,85,22,100.0,169.9,16990.0,2024-06-24
2024062404009634,API,85,3,10.0,169.8,1698.0,2024-06-24
2024062404009633,API,85,41,231.0,169.8,39223.8,2024-06-24
2024062401023915,JBLB,40,54,12.0,1328.1,15937.2,2024-06-24
2024062401023914,JBLB,40,26,10.0,1328.0,13280.0,2024-06-24
2024062401023913,AVYAN,42,64,150.0,941.0,141150.0,2024-06-24
2024062401023912,AVYAN,53,64,30.0,942.0,28260.0,2024-06-24
2024062401023911,AVYAN,49,64,20.0,943.0,18860.0,2024-06-24
2024062403026366,ACLBSL,45,19,225.0,1013.0,227925.0,2024-06-24
2024062403026365,PROFL,42,48,60.0,415.0,24900.0,2024-06-24
2024062403026364,PFL,41,56,490.0,678.0,332220.0,2024-06-24
2024062405005692,NRN,58,45,105.0,662.0,69510.0,2024-06-24
2024062405005691,NRN,4,45,100.0,662.1,66210.0,2024-06-24
2024062403026363,ICFC,45,28,205.0,560.0,114800.0,2024-06-24
2024062403026362,ICFC,45,52,195.0,560.0,109200.0,2024-06-24
2024062403026361,ICFC,45,44,200.0,560.0,112000.0,2024-06-24
2024062403026360,ICFC,45,7,50.0,560.0,28000.0,2024-06-24
2024062403026359,ICFC,45,53,50.0,559.9,27995.0,2024-06-24
2024062401023910,RHGCL,32,52,12.0,350.0,4200.0,2024-06-24
2024062401023909,SHIVM,74,6,321.0,481.1,154433.1,2024-06-24
2024062401023908,SHIVM,48,6,500.0,481.2,240600.0,2024-06-24
2024062401023907,SHIVM,29,6,500.0,481.5,240750.0,2024-06-24
2024062401023906,SHIVM,17,6,10.0,482.0,4820.0,2024-06-24
2024062401023905,SHIVM,50,6,500.0,482.0,241000.0,2024-06-24
2024062401023904,SHIVM,55,6,20.0,482.0,9640.0,2024-06-24
2024062401023903,SHIVM,34,6,20.0,482.0,9640.0,2024-06-24
2024062401023902,SHIVM,45,6,29.0,482.0,13978.0,2024-06-24
2024062401023901,SHIVM,25,6,100.0,482.1,48210.0,2024-06-24
2024062403026358,GBBL,33,58,95.0,359.0,34105.0,2024-06-24
2024062403026357,GBBL,36,58,195.0,359.0,70005.0,2024-06-24
2024062403026356,GBBL,51,58,10.0,359.1,3591.0,2024-06-24
2024062403026355,SHINE,43,49,1000.0,383.0,383000.0,2024-06-24
2024062403026354,PFL,14,33,200.0,678.2,135640.0,2024-06-24
2024062404009632,NGPL,40,57,100.0,308.1,30810.0,2024-06-24
2024062403026353,KMCDB,62,54,50.0,1080.1,54005.0,2024-06-24
2024062403026352,EDBL,91,49,10.0,382.0,3820.0,2024-06-24
2024062404009631,PMHPL,39,46,10.0,229.0,2290.0,2024-06-24
2024062404009630,DHPL,21,33,279.0,200.0,55800.0,2024-06-24
2024062403026351,SJLIC,36,33,10.0,404.0,4040.0,2024-06-24
2024062401023900,DLBS,55,65,35.0,1255.0,43925.0,2024-06-24
2024062401023899,DLBS,36,65,10.0,1255.1,12551.0,2024-06-24
2024062401023898,DLBS,49,65,55.0,1265.0,69575.0,2024-06-24
2024062401023897,NRM,49,45,27.0,383.5,10354.5,2024-06-24
2024062403026350,JFL,45,44,50.0,599.9,29995.0,2024-06-24
2024062403026349,JFL,45,34,180.0,599.9,107982.0,2024-06-24
2024062403026348,RLFL,33,94,184.0,434.0,79856.0,2024-06-24
2024062403026347,RLFL,88,94,100.0,434.1,43410.0,2024-06-24
2024062403026346,RLFL,96,94,50.0,434.1,21705.0,2024-06-24
2024062403026345,RLFL,48,94,50.0,435.0,21750.0,2024-06-24
2024062403026344,RLFL,57,94,30.0,435.0,13050.0,2024-06-24
2024062403026343,RLFL,21,94,100.0,435.0,43500.0,2024-06-24
2024062403026342,RLFL,32,94,56.0,436.0,24416.0,2024-06-24
2024062403026341,RLFL,41,94,200.0,436.1,87220.0,2024-06-24
2024062403026340,RLFL,33,94,200.0,437.0,87400.0,2024-06-24
2024062403026339,RLFL,32,94,20.0,437.0,8740.0,2024-06-24
2024062403026338,RLFL,88,94,10.0,440.0,4400.0,2024-06-24
2024062405005690,HIDCL,17,85,28.0,158.5,4438.0,2024-06-24
2024062401023896,MKCL,58,19,60.0,1120.0,67200.0,2024-06-24
2024062403026337,PFL,41,3,400.0,678.0,271200.0,2024-06-24
2024062403026336,PFL,41,3,100.0,678.1,67810.0,2024-06-24
2024062403026335,MDB,40,51,10.0,493.0,4930.0,2024-06-24
2024062401023895,SNLI,45,34,100.0,459.0,45900.0,2024-06-24
2024062403026334,GUFL,58,45,100.0,760.0,76000.0,2024-06-24
2024062404009629,BARUN,8,7,200.0,298.0,59600.0,2024-06-24
2024062404009628,TRH,42,49,50.0,755.0,37750.0,2024-06-24
2024062404009627,TRH,44,49,10.0,755.0,7550.0,2024-06-24
2024062401023894,BGWT,22,39,25.0,927.0,23175.0,2024-06-24
2024062401023893,DORDI,52,22,10.0,417.1,4171.0,2024-06-24
2024062401023892,MMKJL,58,35,10.0,491.0,4910.0,2024-06-24
2024062401023891,MMKJL,58,48,10.0,491.0,4910.0,2024-06-24
2024062401023890,MMKJL,58,7,10.0,491.0,4910.0,2024-06-24
2024062401023889,MMKJL,58,26,10.0,491.0,4910.0,2024-06-24
2024062401023888,MMKJL,58,44,50.0,490.8,24540.0,2024-06-24
2024062401023887,MMKJL,58,42,10.0,490.6,4906.0,2024-06-24
2024062401023886,MMKJL,58,21,500.0,490.0,245000.0,2024-06-24
2024062401023885,MMKJL,58,58,500.0,490.0,245000.0,2024-06-24
2024062401023884,MMKJL,58,35,30.0,490.0,14700.0,2024-06-24
2024062401023883,MMKJL,58,37,415.0,489.9,203308.5,2024-06-24
2024062401023882,MMKJL,58,52,205.0,489.8,100409.0,2024-06-24
2024062401023881,MANDU,65,58,10.0,1036.0,10360.0,2024-06-24
2024062405005689,HRL,40,54,100.0,539.1,53910.0,2024-06-24
2024062403026333,JFL,36,34,100.0,599.8,59980.0,2024-06-24
2024062403026332,CFCL,45,13,300.0,476.0,142800.0,2024-06-24
2024062404009626,SHL,13,26,251.0,421.0,105671.0,2024-06-24
2024062404009625,SHL,34,26,500.0,421.0,210500.0,2024-06-24
2024062404009624,SHL,33,26,1500.0,421.0,631500.0,2024-06-24
2024062404009623,SHL,16,26,100.0,421.1,42110.0,2024-06-24
2024062404009622,SHL,3,26,1000.0,421.1,421100.0,2024-06-24
2024062404009621,SHL,40,26,100.0,421.1,42110.0,2024-06-24
2024062404009620,SHL,58,26,100.0,421.1,42110.0,2024-06-24
2024062404009619,SHL,38,26,199.0,421.5,83878.5,2024-06-24
2024062404009618,IGI,21,74,10.0,523.9,5239.0,2024-06-24
2024062404009617,IGI,21,42,200.0,522.9,104580.0,2024-06-24
2024062404009616,IGI,21,17,500.0,522.0,261000.0,2024-06-24
2024062404009615,IGI,21,48,50.0,521.9,26095.0,2024-06-24
2024062404009614,IGI,21,42,200.0,521.0,104200.0,2024-06-24
2024062404009613,IGI,21,48,40.0,521.0,20840.0,2024-06-24
2024062403026331,GLBSL,48,6,10.0,1783.0,17830.0,2024-06-24
2024062404009612,RIDI,32,39,148.0,167.0,24716.0,2024-06-24
2024062404009611,RIDI,32,58,50.0,167.0,8350.0,2024-06-24
2024062404009610,RIDI,32,47,130.0,166.0,21580.0,2024-06-24
2024062404009609,RIDI,32,38,172.0,165.5,28466.0,2024-06-24
2024062405005688,SAEF,32,1,150.0,10.3,1545.0,2024-06-24
2024062401023880,GVL,80,72,130.0,594.9,77337.0,2024-06-24
2024062401023879,GVL,80,38,70.0,594.9,41643.0,2024-06-24
2024062401023878,GVL,80,4,300.0,594.0,178200.0,2024-06-24
2024062403026330,FOWAD,25,69,140.0,1259.0,176260.0,2024-06-24
2024062401023877,CITY,8,40,100.0,680.0,68000.0,2024-06-24
2024062403026329,NFS,41,1,10.0,920.0,9200.0,2024-06-24
2024062401023876,BHPL,52,43,100.0,672.0,67200.0,2024-06-24
2024062403026328,MPFL,16,43,120.0,527.0,63240.0,2024-06-24
2024062403026327,MPFL,48,43,80.0,527.0,42160.0,2024-06-24
2024062401023875,NESDO,14,42,10.0,2048.0,20480.0,2024-06-24
2024062401023874,CYCL,33,57,57.0,1483.2,84542.4,2024-06-24
2024062403026326,SFCL,1,69,300.0,458.2,137460.0,2024-06-24
2024062403026325,PFL,21,74,200.0,678.1,135620.0,2024-06-24
2024062405005687,CHDC,39,39,20.0,1027.0,20540.0,2024-06-24
2024062404009608,LEC,43,35,500.0,179.9,89950.0,2024-06-24
2024062405005686,NRIC,42,35,10.0,648.0,6480.0,2024-06-24
2024062404009607,NHPC,25,34,300.0,141.8,42540.0,2024-06-24
2024062404009606,NHPC,58,34,354.0,141.8,50197.2,2024-06-24
2024062404009605,NHPC,32,34,230.0,141.9,32637.0,2024-06-24
2024062404009604,BARUN,34,7,500.0,298.0,149000.0,2024-06-24
2024062404009603,RIDI,32,38,79.0,165.5,13074.5,2024-06-24
2024062401023873,SONA,45,41,21.0,438.0,9198.0,2024-06-24
2024062401023872,SONA,45,49,10.0,438.0,4380.0,2024-06-24
2024062403026324,JFL,41,34,177.0,599.9,106182.3,2024-06-24
2024062405005685,NMB50,7,45,100.0,9.75,975.0,2024-06-24
2024062404009602,MEN,45,8,390.0,585.0,228150.0,2024-06-24
2024062404009601,MEN,26,8,50.0,586.0,29300.0,2024-06-24
2024062401023871,RAWA,1,41,10.0,572.4,5724.0,2024-06-24
2024062401023870,RAWA,1,48,10.0,572.0,5720.0,2024-06-24
2024062401023869,RAWA,1,32,210.0,572.0,120120.0,2024-06-24
2024062401023868,RAWA,1,57,100.0,572.0,57200.0,2024-06-24
2024062401023867,RAWA,1,49,10.0,572.0,5720.0,2024-06-24
2024062401023866,RAWA,1,49,50.0,571.9,28595.0,2024-06-24
2024062401023865,RAWA,1,49,10.0,571.0,5710.0,2024-06-24
2024062401023864,RAWA,1,58,10.0,571.0,5710.0,2024-06-24
2024062401023863,RAWA,1,28,10.0,571.0,5710.0,2024-06-24
2024062401023862,RAWA,1,44,20.0,571.0,11420.0,2024-06-24
2024062401023861,RAWA,1,16,100.0,570.8,57080.0,2024-06-24
2024062401023860,RAWA,1,43,10.0,570.0,5700.0,2024-06-24
2024062401023859,RAWA,1,45,100.0,570.0,57000.0,2024-06-24
2024062401023858,RAWA,1,45,30.0,570.0,17100.0,2024-06-24
2024062401023857,RAWA,1,57,120.0,570.0,68400.0,2024-06-24
2024062404009600,CGH,57,6,32.0,838.0,26816.0,2024-06-24
2024062401023856,RNLI,51,16,108.0,421.1,45478.8,2024-06-24
2024062401023855,RNLI,33,16,115.0,421.1,48426.5,2024-06-24
2024062401023854,RNLI,59,16,467.0,422.0,197074.0,2024-06-24
2024062404009599,RADHI,65,58,100.0,255.0,25500.0,2024-06-24
2024062403026323,MFIL,33,43,949.0,562.0,533338.0,2024-06-24
2024062403026322,MFIL,4,43,20.0,562.3,11246.0,2024-06-24
2024062403026321,MFIL,43,43,31.0,562.5,17437.5,2024-06-24
2024062401023853,SIKLES,35,63,112.0,656.8,73561.6,2024-06-24
2024062401023852,SIKLES,35,37,100.0,656.0,65600.0,2024-06-24
2024062401023851,SIKLES,35,13,200.0,656.0,131200.0,2024-06-24
2024062401023850,SIKLES,35,19,10.0,655.0,6550.0,2024-06-24
2024062401023849,SIKLES,35,49,10.0,655.0,6550.0,2024-06-24
2024062401023848,SIKLES,35,4,10.0,655.0,6550.0,2024-06-24
2024062401023847,SIKLES,35,37,100.0,655.0,65500.0,2024-06-24
2024062401023846,SIKLES,35,47,1000.0,655.0,655000.0,2024-06-24
2024062401023845,SIKLES,35,7,100.0,655.0,65500.0,2024-06-24
2024062401023844,SIKLES,35,40,18.0,655.0,11790.0,2024-06-24
2024062401023843,SIKLES,35,63,190.0,654.9,124431.0,2024-06-24
2024062401023842,SIKLES,35,42,150.0,654.5,98175.0,2024-06-24
2024062401023841,MHL,62,26,325.0,530.0,172250.0,2024-06-24
2024062401023840,MHL,62,42,30.0,530.0,15900.0,2024-06-24
2024062401023839,MHL,62,56,10.0,528.0,5280.0,2024-06-24
2024062401023838,MHL,62,33,107.0,526.0,56282.0,2024-06-24
2024062401023837,MHL,62,32,28.0,525.9,14725.2,2024-06-24
2024062401023836,SGHC,33,80,10.0,324.0,3240.0,2024-06-24
2024062404009598,HDHPC,25,5,50.0,127.9,6395.0,2024-06-24
2024062404009597,UPPER,34,49,50.0,156.0,7800.0,2024-06-24
2024062404009596,UPPER,13,49,50.0,156.2,7810.0,2024-06-24
2024062404009595,UAIL,38,6,17.0,555.1,9436.7,2024-06-24
2024062404009594,UAIL,34,6,20.0,555.2,11104.0,2024-06-24
2024062404009593,UAIL,52,6,63.0,556.0,35028.0,2024-06-24
2024062401023835,CZBIL,45,16,50.0,165.0,8250.0,2024-06-24
2024062405005684,NRN,58,16,20.0,662.0,13240.0,2024-06-24
2024062404009592,SGIC,84,58,2950.0,530.8,1565860.0,2024-06-24
2024062404009591,SGIC,84,20,50.0,530.7,26535.0,2024-06-24
2024062403026320,GUFL,58,45,20.0,760.0,15200.0,2024-06-24
2024062403026319,GUFL,58,45,110.0,760.0,83600.0,2024-06-24
2024062401023834,MEL,49,14,303.0,222.6,67447.8,2024-06-24
2024062401023833,SGHC,57,42,60.0,324.5,19470.0,2024-06-24
2024062401023832,MANDU,65,13,20.0,1036.0,20720.0,2024-06-24
2024062401023831,SONA,42,26,65.0,437.3,28424.5,2024-06-24
2024062401023830,SONA,35,26,300.0,437.3,131190.0,2024-06-24
2024062401023829,SONA,67,26,70.0,437.3,30611.0,2024-06-24
2024062401023828,SONA,16,26,90.0,437.4,39366.0,2024-06-24
2024062403026318,MFIL,43,10,85.0,562.5,47812.5,2024-06-24
2024062404009590,JOSHI,35,19,50.0,296.1,14805.0,2024-06-24
2024062405005683,CHDC,39,39,75.0,1028.0,77100.0,2024-06-24
2024062401023827,BGWT,34,39,100.0,927.0,92700.0,2024-06-24
2024062401023826,BGWT,42,39,108.0,927.5,100170.0,2024-06-24
2024062405005682,NIFRA,21,14,30.0,190.0,5700.0,2024-06-24
2024062403026317,LICN,94,21,25.0,1332.0,33300.0,2024-06-24
2024062405005681,HRL,47,1,50.0,540.0,27000.0,2024-06-24
2024062403026316,NABBC,48,62,100.0,545.0,54500.0,2024-06-24
2024062401023825,MHL,62,32,12.0,525.9,6310.8,2024-06-24
2024062401023824,MHL,62,22,100.0,525.9,52590.0,2024-06-24
2024062401023823,MHL,62,45,10.0,525.0,5250.0,2024-06-24
2024062401023822,MHL,62,22,100.0,524.9,52490.0,2024-06-24
2024062401023821,MHL,62,50,200.0,524.0,104800.0,2024-06-24
2024062401023820,MHL,62,70,78.0,523.9,40864.2,2024-06-24
2024062401023819,BEDC,58,45,16.0,415.0,6640.0,2024-06-24
2024062405005680,NBF3,45,42,100.0,7.59,759.0,2024-06-24
2024062403026315,PROFL,45,48,100.0,415.0,41500.0,2024-06-24
2024062403026314,GFCL,58,53,15.0,610.0,9150.0,2024-06-24
2024062403026313,GMFIL,49,44,125.0,454.0,56750.0,2024-06-24
2024062403026312,GMFIL,49,11,10.0,453.0,4530.0,2024-06-24
2024062403026311,GMFIL,49,4,627.0,453.0,284031.0,2024-06-24
2024062403026310,NLICL,58,57,41.0,539.0,22099.0,2024-06-24
2024062404009589,PMHPL,91,46,10.0,229.0,2290.0,2024-06-24
2024062403026309,KSBBL,6,57,40.0,366.8,14672.0,2024-06-24
2024062403026308,KSBBL,49,57,60.0,367.0,22020.0,2024-06-24
2024062403026307,KSBBL,21,57,100.0,367.0,36700.0,2024-06-24
2024062403026306,LLBS,40,50,344.0,1207.0,415208.0,2024-06-24
2024062401023818,SIKLES,89,40,1000.0,650.0,650000.0,2024-06-24
2024062403026305,GMFIL,39,4,573.0,453.0,259569.0,2024-06-24
2024062403026304,GMFIL,39,21,15.0,453.0,6795.0,2024-06-24
2024062403026303,GMFIL,39,57,55.0,453.0,24915.0,2024-06-24
2024062401023817,KBL,39,49,200.0,136.5,27300.0,2024-06-24
2024062403026302,MFIL,38,43,290.0,563.0,163270.0,2024-06-24
2024062403026301,MFIL,38,4,50.0,563.0,28150.0,2024-06-24
2024062403026300,MFIL,38,58,10.0,563.0,5630.0,2024-06-24
2024062403026299,MFIL,38,43,100.0,563.0,56300.0,2024-06-24
2024062403026298,MFIL,38,4,50.0,563.0,28150.0,2024-06-24
2024062403026297,MFIL,38,4,100.0,563.0,56300.0,2024-06-24
2024062403026296,MFIL,38,43,400.0,562.9,225160.0,2024-06-24
2024062405005679,HIDCL,42,85,635.0,158.5,100647.5,2024-06-24
2024062401023816,IHL,34,57,10.0,427.0,4270.0,2024-06-24
2024062401023815,IHL,34,34,110.0,427.0,46970.0,2024-06-24
2024062401023814,IHL,34,21,10.0,426.8,4268.0,2024-06-24
2024062401023813,IHL,34,36,490.0,426.8,209132.0,2024-06-24
2024062401023812,IHL,34,91,100.0,426.7,42670.0,2024-06-24
2024062401023811,GVL,80,38,270.0,594.9,160623.0,2024-06-24
2024062401023810,GVL,80,6,50.0,594.0,29700.0,2024-06-24
2024062401023809,GVL,80,21,180.0,594.0,106920.0,2024-06-24
2024062401023808,RHGCL,21,25,59.0,349.6,20626.4,2024-06-24
2024062401023807,PHCL,59,52,10.0,319.0,3190.0,2024-06-24
2024062401023806,KBL,21,6,20.0,136.0,2720.0,2024-06-24
2024062403026295,CFCL,28,38,150.0,477.5,71625.0,2024-06-24
2024062403026294,CFCL,28,45,1000.0,477.0,477000.0,2024-06-24
2024062403026293,CFCL,28,49,50.0,477.0,23850.0,2024-06-24
2024062403026292,CFCL,28,34,40.0,477.0,19080.0,2024-06-24
2024062403026291,CFCL,28,57,200.0,476.0,95200.0,2024-06-24
2024062403026290,CFCL,28,55,30.0,476.0,14280.0,2024-06-24
2024062403026289,CFCL,28,33,1000.0,475.8,475800.0,2024-06-24
2024062403026288,CFCL,28,33,20.0,475.8,9516.0,2024-06-24
2024062403026287,CFCL,28,26,100.0,475.8,47580.0,2024-06-24
2024062403026286,CFCL,28,35,310.0,475.8,147498.0,2024-06-24
2024062403026285,CFCL,28,28,100.0,475.5,47550.0,2024-06-24
2024062401023805,BNHC,16,28,85.0,675.0,57375.0,2024-06-24
2024062401023804,MKCL,28,19,10.0,1120.0,11200.0,2024-06-24
2024062401023803,MKCL,28,4,10.0,1119.9,11199.0,2024-06-24
2024062401023802,MKCL,28,22,10.0,1119.9,11199.0,2024-06-24
2024062403026284,MFIL,43,14,10.0,562.5,5625.0,2024-06-24
2024062404009588,SHEL,39,54,40.0,156.7,6268.0,2024-06-24
2024062404009587,SHEL,58,54,200.0,156.8,31360.0,2024-06-24
2024062404009586,UMRH,57,34,10.0,407.5,4075.0,2024-06-24
2024062401023801,UHEWA,57,33,10.0,465.0,4650.0,2024-06-24
2024062401023800,HDL,14,36,22.0,1235.0,27170.0,2024-06-24
2024062403026283,MERO,64,65,235.0,712.0,167320.0,2024-06-24
2024062403026282,MERO,64,16,165.0,711.9,117463.5,2024-06-24
2024062403026281,MERO,64,52,100.0,711.8,71180.0,2024-06-24
2024062401023799,HATHY,74,71,80.0,889.0,71120.0,2024-06-24
2024062401023798,HATHY,74,34,20.0,889.0,17780.0,2024-06-24
2024062403026280,GUFL,35,45,100.0,760.0,76000.0,2024-06-24
2024062401023797,MEHL,22,48,300.0,348.0,104400.0,2024-06-24
2024062404009585,GHL,48,49,650.0,149.3,97045.0,2024-06-24
2024062401023796,MHL,62,70,322.0,523.9,168695.8,2024-06-24
2024062401023795,MHL,62,34,100.0,523.8,52380.0,2024-06-24
2024062401023794,MHL,62,34,50.0,523.7,26185.0,2024-06-24
2024062401023793,MHL,62,50,100.0,523.0,52300.0,2024-06-24
2024062401023792,MHL,62,57,358.0,523.0,187234.0,2024-06-24
2024062401023791,MHL,62,49,10.0,521.0,5210.0,2024-06-24
2024062401023790,MHL,62,56,10.0,521.0,5210.0,2024-06-24
2024062401023789,MHL,62,7,50.0,521.0,26050.0,2024-06-24
2024062401023788,SHIVM,17,62,20.0,482.5,9650.0,2024-06-24
2024062401023787,SARBTM,14,59,20.0,775.2,15504.0,2024-06-24
2024062401023786,SARBTM,38,59,20.0,775.2,15504.0,2024-06-24
2024062401023785,SARBTM,33,59,60.0,775.5,46530.0,2024-06-24
2024062404009584,GHL,42,49,50.0,149.3,7465.0,2024-06-24
2024062404009583,AKPL,58,14,10.0,162.9,1629.0,2024-06-24
2024062404009582,RURU,57,57,500.0,617.0,308500.0,2024-06-24
2024062405005678,NRIC,51,35,20.0,648.0,12960.0,2024-06-24
2024062401023784,NWCL,51,82,450.0,837.0,376650.0,2024-06-24
2024062401023783,BEDC,58,51,84.0,415.0,34860.0,2024-06-24
2024062401023782,BEDC,48,51,16.0,415.0,6640.0,2024-06-24
2024062401023781,CITY,51,40,100.0,680.0,68000.0,2024-06-24
2024062404009581,AKJCL,35,40,111.0,210.0,23310.0,2024-06-24
2024062404009580,AKJCL,35,80,30.0,209.5,6285.0,2024-06-24
2024062404009579,AKJCL,35,80,280.0,209.0,58520.0,2024-06-24
2024062404009578,AKJCL,35,70,79.0,208.0,16432.0,2024-06-24
2024062403026279,BFC,39,7,130.0,491.0,63830.0,2024-06-24
2024062403026278,BFC,39,57,10.0,491.0,4910.0,2024-06-24
2024062403026277,MPFL,38,43,300.0,527.7,158310.0,2024-06-24
2024062403026276,PFL,38,33,20.0,678.2,13564.0,2024-06-24
2024062404009577,RADHI,65,19,800.0,255.0,204000.0,2024-06-24
2024062403026275,SFCL,1,41,340.0,458.2,155788.0,2024-06-24
2024062403026274,SFCL,25,41,10.0,458.2,4582.0,2024-06-24
2024062403026273,VLBS,32,45,10.0,1032.8,10328.0,2024-06-24
2024062403026272,HLI,70,25,150.0,377.5,56625.0,2024-06-24
2024062401023780,RNLI,59,57,11.0,422.0,4642.0,2024-06-24
2024062401023779,RNLI,59,42,10.0,422.0,4220.0,2024-06-24
2024062401023778,RNLI,59,51,12.0,422.0,5064.0,2024-06-24
2024062404009576,MEN,45,26,10.0,585.0,5850.0,2024-06-24
2024062404009575,API,11,41,10.0,169.8,1698.0,2024-06-24
2024062404009574,NGPL,40,21,300.0,308.1,92430.0,2024-06-24
2024062401023777,NRM,42,45,23.0,384.0,8832.0,2024-06-24
2024062401023776,NRM,42,17,77.0,384.0,29568.0,2024-06-24
2024062401023775,USHEC,47,84,240.0,444.0,106560.0,2024-06-24
2024062401023774,USHEC,47,41,10.0,444.0,4440.0,2024-06-24
2024062404009573,KKHC,34,58,10.0,227.0,2270.0,2024-06-24
2024062403026271,PROFL,13,48,100.0,415.0,41500.0,2024-06-24
2024062403026270,PROFL,13,48,90.0,415.0,37350.0,2024-06-24
2024062404009572,AKJCL,62,59,450.0,206.0,92700.0,2024-06-24
2024062404009571,BARUN,32,7,200.0,298.0,59600.0,2024-06-24
2024062401023773,NICA,29,61,263.0,400.2,105252.6,2024-06-24
2024062401023772,RAWA,18,51,50.0,569.0,28450.0,2024-06-24
2024062401023771,PPL,45,55,10.0,459.4,4594.0,2024-06-24
2024062401023770,JALPA,26,6,11.0,1285.0,14135.0,2024-06-24
2024062403026269,MFIL,43,18,150.0,562.5,84375.0,2024-06-24
2024062403026268,MFIL,43,52,16.0,562.5,9000.0,2024-06-24
2024062403026267,PROFL,13,43,10.0,415.0,4150.0,2024-06-24
2024062403026266,PROFL,34,43,50.0,415.0,20750.0,2024-06-24
2024062403026265,PROFL,22,43,25.0,415.0,10375.0,2024-06-24
2024062403026264,PROFL,49,43,21.0,415.0,8715.0,2024-06-24
2024062401023769,CLI,62,58,10.0,480.1,4801.0,2024-06-24
2024062403026263,MFIL,58,52,24.0,562.5,13500.0,2024-06-24
2024062401023768,GVL,46,58,10.0,591.0,5910.0,2024-06-24
2024062401023767,SPHL,40,75,150.0,557.0,83550.0,2024-06-24
2024062401023766,SPHL,40,22,10.0,557.0,5570.0,2024-06-24
2024062401023765,SPHL,40,49,20.0,557.0,11140.0,2024-06-24
2024062401023764,SPHL,40,36,80.0,557.0,44560.0,2024-06-24
2024062405005677,HIDCL,32,34,24.0,158.4,3801.6,2024-06-24
2024062401023763,TPC,19,41,10.0,531.0,5310.0,2024-06-24
2024062403026262,SDLBSL,17,41,10.0,1274.0,12740.0,2024-06-24
2024062403026261,HLBSL,60,58,490.0,1294.0,634060.0,2024-06-24
2024062401023762,PRVU,22,38,10.0,141.0,1410.0,2024-06-24
2024062401023761,PRVU,22,22,320.0,140.9,45088.0,2024-06-24
2024062401023760,PRVU,22,45,290.0,140.5,40745.0,2024-06-24
2024062401023759,VLUCL,5,58,10.0,511.0,5110.0,2024-06-24
2024062401023758,SIKLES,89,37,200.0,650.0,130000.0,2024-06-24
2024062403026260,SWBBL,41,4,21.0,856.6,17988.6,2024-06-24
2024062401023757,MSHL,36,71,80.0,673.8,53904.0,2024-06-24
2024062401023756,MSHL,45,71,100.0,674.0,67400.0,2024-06-24
2024062401023755,MSHL,32,71,100.0,674.0,67400.0,2024-06-24
2024062401023754,MSHL,57,71,70.0,674.2,47194.0,2024-06-24
2024062401023753,MSHL,58,71,50.0,674.3,33715.0,2024-06-24
2024062401023752,CLI,62,57,10.0,480.1,4801.0,2024-06-24
2024062404009570,NGPL,40,54,80.0,308.0,24640.0,2024-06-24
2024062404009569,NGPL,40,8,315.0,308.0,97020.0,2024-06-24
2024062403026259,ACLBSL,40,21,150.0,1016.0,152400.0,2024-06-24
2024062403026258,ACLBSL,40,19,150.0,1015.9,152385.0,2024-06-24
2024062401023751,KBSH,41,21,10.0,1531.0,15310.0,2024-06-24
2024062401023750,TSHL,47,21,20.0,547.0,10940.0,2024-06-24
2024062404009568,DHPL,17,33,21.0,200.0,4200.0,2024-06-24
2024062404009567,DHPL,70,33,200.0,200.1,40020.0,2024-06-24
2024062404009566,NIL,41,49,10.0,796.0,7960.0,2024-06-24
2024062401023749,LSL,38,7,20.0,155.0,3100.0,2024-06-24
2024062401023748,GVL,80,21,120.0,594.0,71280.0,2024-06-24
2024062401023747,GVL,80,63,100.0,594.0,59400.0,2024-06-24
2024062401023746,GVL,80,34,280.0,593.0,166040.0,2024-06-24
2024062403026257,JFL,45,34,60.0,599.9,35994.0,2024-06-24
2024062405005676,NTC,52,45,37.0,810.0,29970.0,2024-06-24
2024062405005675,NTC,57,45,23.0,810.0,18630.0,2024-06-24
2024062405005674,HRL,42,45,20.0,539.0,10780.0,2024-06-24
2024062404009565,SPDL,17,22,12.0,245.0,2940.0,2024-06-24
2024062404009564,PMHPL,49,35,77.0,226.0,17402.0,2024-06-24
2024062401023745,ADBL,49,29,292.0,265.0,77380.0,2024-06-24
2024062401023744,ADBL,49,17,10.0,265.0,2650.0,2024-06-24
2024062401023743,ADBL,49,58,12.0,265.0,3180.0,2024-06-24
2024062401023742,ADBL,49,45,30.0,265.0,7950.0,2024-06-24
2024062401023741,ADBL,49,7,201.0,265.0,53265.0,2024-06-24
2024062401023740,ADBL,49,40,190.0,264.9,50331.0,2024-06-24
2024062401023739,ADBL,49,65,200.0,264.9,52980.0,2024-06-24
2024062401023738,ADBL,49,32,200.0,264.8,52960.0,2024-06-24
2024062401023737,ADBL,49,29,83.0,264.7,21970.1,2024-06-24
2024062401023736,ADBL,49,44,100.0,264.6,26460.0,2024-06-24
2024062401023735,ADBL,49,1,173.0,263.0,45499.0,2024-06-24
2024062401023734,ADBL,49,45,40.0,263.0,10520.0,2024-06-24
2024062401023733,ADBL,49,41,283.0,263.0,74429.0,2024-06-24
2024062403026256,SADBL,11,44,100.0,316.0,31600.0,2024-06-24
2024062403026255,SADBL,11,17,90.0,315.8,28422.0,2024-06-24
2024062403026254,SADBL,11,1,10.0,315.5,3155.0,2024-06-24
2024062403026253,LLBS,40,50,350.0,1207.0,422450.0,2024-06-24
2024062403026252,LLBS,40,21,50.0,1205.0,60250.0,2024-06-24
2024062404009563,RADHI,41,19,100.0,255.0,25500.0,2024-06-24
2024062405005673,HRL,34,1,20.0,540.0,10800.0,2024-06-24
2024062403026251,GUFL,8,57,30.0,760.0,22800.0,2024-06-24
2024062403026250,GUFL,8,38,20.0,760.0,15200.0,2024-06-24
2024062401023732,BHPL,45,57,10.0,677.0,6770.0,2024-06-24
2024062401023731,SPHL,49,36,20.0,557.0,11140.0,2024-06-24
2024062401023730,SPHL,49,58,10.0,557.0,5570.0,2024-06-24
2024062401023729,SPHL,49,51,10.0,556.5,5565.0,2024-06-24
2024062401023728,SPHL,49,34,10.0,556.5,5565.0,2024-06-24
2024062401023727,SPHL,49,33,50.0,555.9,27795.0,2024-06-24
2024062404009562,AHPC,57,14,500.0,153.4,76700.0,2024-06-24
2024062404009561,AHPC,42,14,100.0,153.4,15340.0,2024-06-24
2024062404009560,CHCL,57,28,164.0,435.0,71340.0,2024-06-24
2024062404009559,CHCL,57,42,146.0,434.0,63364.0,2024-06-24
2024062404009558,CHCL,57,45,30.0,434.0,13020.0,2024-06-24
2024062404009557,CHCL,57,38,50.0,433.7,21685.0,2024-06-24
2024062404009556,CHCL,57,1,20.0,433.6,8672.0,2024-06-24
2024062401023726,CYCL,33,58,166.0,1483.2,246211.2,2024-06-24
2024062401023725,CYCL,21,58,93.0,1484.0,138012.0,2024-06-24
2024062404009555,SHL,38,58,501.0,421.5,211171.5,2024-06-24
2024062401023724,BHPL,49,35,100.0,672.5,67250.0,2024-06-24
2024062403026249,PMLI,52,41,15.0,496.0,7440.0,2024-06-24
2024062404009554,AHPC,38,51,90.0,153.5,13815.0,2024-06-24
2024062403026248,RLFL,32,42,480.0,437.0,209760.0,2024-06-24
2024062403026247,RLFL,57,42,20.0,439.0,8780.0,2024-06-24
2024062404009553,SSHL,19,32,300.0,175.1,52530.0,2024-06-24
2024062404009552,SSHL,42,32,200.0,175.1,35020.0,2024-06-24
2024062404009551,SSHL,35,32,10.0,176.6,1766.0,2024-06-24
2024062403026246,MERO,32,59,186.0,701.0,130386.0,2024-06-24
2024062403026245,JFL,45,34,121.0,599.9,72587.9,2024-06-24
2024062403026244,JFL,74,34,42.0,599.9,25195.8,2024-06-24
2024062403026243,JFL,16,34,420.0,600.0,252000.0,2024-06-24
2024062403026242,PFL,62,17,15.0,678.2,10173.0,2024-06-24
2024062403026241,LBBL,22,32,50.0,382.0,19100.0,2024-06-24
2024062403026240,VLBS,14,45,130.0,1032.8,134264.0,2024-06-24
2024062403026239,VLBS,14,52,50.0,1032.7,51635.0,2024-06-24
2024062403026238,VLBS,14,45,10.0,1032.7,10327.0,2024-06-24
2024062403026237,VLBS,14,41,10.0,1032.0,10320.0,2024-06-24
2024062403026236,VLBS,14,13,100.0,1032.0,103200.0,2024-06-24
2024062401023723,HDL,14,47,100.0,1235.0,123500.0,2024-06-24
2024062401023722,HDL,14,7,15.0,1235.0,18525.0,2024-06-24
2024062401023721,HDL,14,17,25.0,1235.0,30875.0,2024-06-24
2024062401023720,GVL,46,96,525.0,591.0,310275.0,2024-06-24
2024062401023719,GVL,39,96,100.0,591.1,59110.0,2024-06-24
2024062401023718,GVL,81,96,200.0,591.1,118220.0,2024-06-24
2024062401023717,GVL,62,96,50.0,591.2,29560.0,2024-06-24
2024062401023716,GVL,5,96,125.0,591.2,73900.0,2024-06-24
2024062401023715,HDL,54,58,22.0,1234.0,27148.0,2024-06-24
2024062403026235,SINDU,58,45,310.0,412.0,127720.0,2024-06-24
2024062403026234,SJLIC,36,57,23.0,404.0,9292.0,2024-06-24
2024062403026233,SJLIC,44,57,300.0,404.2,121260.0,2024-06-24
2024062403026232,SJLIC,21,57,27.0,405.0,10935.0,2024-06-24
2024062403026231,SJLIC,58,57,200.0,406.0,81200.0,2024-06-24
2024062401023714,EHPL,19,49,10.0,547.0,5470.0,2024-06-24
2024062404009550,BPCL,38,35,33.0,290.0,9570.0,2024-06-24
2024062404009549,BPCL,57,35,100.0,290.0,29000.0,2024-06-24
2024062404009548,BPCL,8,35,50.0,290.1,14505.0,2024-06-24
2024062404009547,BPCL,49,35,23.0,290.1,6672.3,2024-06-24
2024062404009546,BPCL,42,35,200.0,290.2,58040.0,2024-06-24
2024062404009545,BPCL,52,35,36.0,290.3,10450.8,2024-06-24
2024062404009544,BPCL,28,35,35.0,290.4,10164.0,2024-06-24
2024062404009543,BPCL,38,35,20.0,290.4,5808.0,2024-06-24
2024062404009542,BPCL,5,35,100.0,290.4,29040.0,2024-06-24
2024062404009541,BPCL,41,35,15.0,290.5,4357.5,2024-06-24
2024062404009540,BPCL,43,35,22.0,290.5,6391.0,2024-06-24
2024062404009539,UMRH,63,34,490.0,407.5,199675.0,2024-06-24
2024062404009538,UMRH,63,32,10.0,407.5,4075.0,2024-06-24
2024062403026230,JSLBB,33,57,10.0,1395.0,13950.0,2024-06-24
2024062403026229,JSLBB,33,42,10.0,1394.3,13943.0,2024-06-24
2024062403026228,JSLBB,33,42,10.0,1394.2,13942.0,2024-06-24
2024062403026227,JSLBB,33,42,10.0,1394.1,13941.0,2024-06-24
2024062401023713,SCB,83,37,50.0,562.0,28100.0,2024-06-24
2024062401023712,JBLB,58,32,18.0,1326.0,23868.0,2024-06-24
2024062403026226,NLICL,34,57,10.0,540.0,5400.0,2024-06-24
2024062403026225,DDBL,48,29,24.0,788.0,18912.0,2024-06-24
2024062404009537,UPCL,49,25,71.0,189.9,13482.9,2024-06-24
2024062401023711,MLBS,22,41,10.0,1345.0,13450.0,2024-06-24
2024062403026224,MLBL,34,71,300.0,324.0,97200.0,2024-06-24
2024062403026223,MLBL,44,71,200.0,324.1,64820.0,2024-06-24
2024062405005672,SFMF,14,59,1800.0,10.04,18072.0,2024-06-24
2024062405005671,HRL,42,51,52.0,539.0,28028.0,2024-06-24
2024062405005670,HRL,4,51,10.0,539.0,5390.0,2024-06-24
2024062401023710,HDL,19,17,50.0,1235.0,61750.0,2024-06-24
2024062405005669,NIFRA,52,14,10.0,190.0,1900.0,2024-06-24
2024062405005668,NIFRA,52,33,95.0,189.7,18021.5,2024-06-24
2024062403026222,PFL,38,56,200.0,679.0,135800.0,2024-06-24
2024062401023709,SONA,67,38,10.0,437.3,4373.0,2024-06-24
2024062401023708,HDL,54,42,32.0,1234.0,39488.0,2024-06-24
2024062401023707,HDL,74,42,20.0,1234.1,24682.0,2024-06-24
2024062401023706,MHCL,53,42,100.0,408.0,40800.0,2024-06-24
2024062403026221,BFC,39,45,10.0,490.1,4901.0,2024-06-24
2024062401023705,GVL,80,34,500.0,593.0,296500.0,2024-06-24
2024062403026220,GLBSL,34,34,25.0,1798.0,44950.0,2024-06-24
2024062403026219,GLBSL,34,58,50.0,1798.0,89900.0,2024-06-24
2024062403026218,SKBBL,26,34,11.0,806.0,8866.0,2024-06-24
2024062403026217,SKBBL,50,34,89.0,806.1,71742.9,2024-06-24
2024062404009536,NGPL,58,8,200.0,308.0,61600.0,2024-06-24
2024062404009535,NGPL,17,8,244.0,308.0,75152.0,2024-06-24
2024062403026216,SIFC,19,58,100.0,462.0,46200.0,2024-06-24
2024062403026215,SIFC,49,58,70.0,462.0,32340.0,2024-06-24
2024062403026214,SIFC,38,58,200.0,462.0,92400.0,2024-06-24
2024062403026213,SIFC,26,58,100.0,462.1,46210.0,2024-06-24
2024062403026212,SIFC,19,58,500.0,462.2,231100.0,2024-06-24
2024062403026211,SIFC,58,58,200.0,463.0,92600.0,2024-06-24
2024062403026210,SIFC,58,58,665.0,463.0,307895.0,2024-06-24
2024062403026209,SIFC,58,58,50.0,463.0,23150.0,2024-06-24
2024062403026208,SIFC,57,58,100.0,463.1,46310.0,2024-06-24
2024062403026207,SIFC,51,58,28.0,464.0,12992.0,2024-06-24
2024062403026206,SIFC,45,58,390.0,464.1,180999.0,2024-06-24
2024062403026205,SIFC,44,58,200.0,464.2,92840.0,2024-06-24
2024062401023704,CITY,22,32,200.0,682.0,136400.0,2024-06-24
2024062401023703,AHL,4,62,200.0,512.0,102400.0,2024-06-24
2024062403026204,MERO,59,59,1000.0,701.0,701000.0,2024-06-24
2024062403026203,MERO,28,59,500.0,702.0,351000.0,2024-06-24
2024062403026202,MERO,59,59,60.0,708.0,42480.0,2024-06-24
2024062403026201,MERO,57,59,244.0,709.0,172996.0,2024-06-24
2024062403026200,MERO,19,59,10.0,710.0,7100.0,2024-06-24
2024062403026199,HLBSL,36,58,10.0,1294.0,12940.0,2024-06-24
2024062403026198,FMDBL,49,54,20.0,662.0,13240.0,2024-06-24
2024062403026197,USLB,64,45,10.0,1770.0,17700.0,2024-06-24
2024062403026196,USLB,64,25,100.0,1769.0,176900.0,2024-06-24
2024062403026195,USLB,64,11,10.0,1765.0,17650.0,2024-06-24
2024062403026194,USLB,64,55,30.0,1760.0,52800.0,2024-06-24
2024062401023702,EBL,17,57,100.0,520.5,52050.0,2024-06-24
2024062401023701,USHEC,26,44,195.0,443.9,86560.5,2024-06-24
2024062401023700,CYCL,21,36,65.0,1484.0,96460.0,2024-06-24
2024062404009534,KKHC,42,38,235.0,225.0,52875.0,2024-06-24
2024062401023699,IHL,48,38,2060.0,426.0,877560.0,2024-06-24
2024062403026193,SAPDBL,47,33,26.0,378.2,9833.2,2024-06-24
2024062403026192,SFCL,25,47,10.0,458.2,4582.0,2024-06-24
2024062403026191,SFCL,54,47,90.0,458.2,41238.0,2024-06-24
2024062403026190,SINDU,34,45,10.0,412.0,4120.0,2024-06-24
2024062401023698,PHCL,77,26,50.0,319.9,15995.0,2024-06-24
2024062401023697,MSHL,45,57,500.0,676.0,338000.0,2024-06-24
2024062405005667,SMATA,29,49,10.0,1019.0,10190.0,2024-06-24
2024062403026189,JFL,16,36,400.0,600.0,240000.0,2024-06-24
2024062403026188,JFL,16,29,180.0,600.0,108000.0,2024-06-24
2024062405005666,HIDCL,6,85,40.0,158.5,6340.0,2024-06-24
2024062405005665,HIDCL,3,85,200.0,158.5,31700.0,2024-06-24
2024062405005664,HIDCL,26,85,97.0,158.5,15374.5,2024-06-24
2024062404009533,DHPL,17,3,900.0,200.0,180000.0,2024-06-24
2024062403026187,KMCDB,62,54,21.0,1082.1,22724.1,2024-06-24
2024062403026186,JFL,11,29,120.0,600.0,72000.0,2024-06-24
2024062403026185,JFL,11,33,50.0,600.0,30000.0,2024-06-24
2024062401023696,MHL,26,7,10.0,521.0,5210.0,2024-06-24
2024062401023695,MCHL,66,21,100.0,436.0,43600.0,2024-06-24
2024062403026184,DDBL,40,35,150.0,788.5,118275.0,2024-06-24
2024062403026183,DDBL,40,42,100.0,788.4,78840.0,2024-06-24
2024062404009532,AHPC,42,51,10.0,153.5,1535.0,2024-06-24
2024062403026182,MFIL,72,52,10.0,562.5,5625.0,2024-06-24
2024062405005663,CHDC,32,57,400.0,1032.0,412800.0,2024-06-24
2024062405005662,CHDC,32,48,10.0,1031.0,10310.0,2024-06-24
2024062405005661,CHDC,32,72,590.0,1028.0,606520.0,2024-06-24
2024062404009531,SHEL,34,67,150.0,157.5,23625.0,2024-06-24
2024062404009530,SHEL,34,45,150.0,157.0,23550.0,2024-06-24
2024062405005660,NRIC,45,35,100.0,648.0,64800.0,2024-06-24
2024062405005659,NRN,58,60,1035.0,662.0,685170.0,2024-06-24
2024062405005658,NRN,5,60,100.0,662.0,66200.0,2024-06-24
2024062405005657,NRN,58,60,2000.0,662.1,1324200.0,2024-06-24
2024062405005656,NRN,16,60,2000.0,662.2,1324400.0,2024-06-24
2024062405005655,NRN,4,60,20.0,662.4,13248.0,2024-06-24
2024062405005654,NRN,80,60,10.0,662.4,6624.0,2024-06-24
2024062404009529,UAIL,52,49,37.0,556.0,20572.0,2024-06-24
2024062404009528,UAIL,36,49,63.0,556.0,35028.0,2024-06-24
2024062401023694,SBL,50,37,11.0,244.8,2692.8,2024-06-24
2024062401023693,BNHC,16,46,10.0,675.0,6750.0,2024-06-24
2024062401023692,BNHC,16,48,25.0,675.0,16875.0,2024-06-24
2024062401023691,BNHC,16,33,50.0,675.0,33750.0,2024-06-24
2024062401023690,BNHC,16,7,20.0,675.0,13500.0,2024-06-24
2024062401023689,BNHC,16,52,10.0,675.0,6750.0,2024-06-24
2024062404009527,CGH,57,16,195.0,838.0,163410.0,2024-06-24
2024062403026181,BFC,22,29,10.0,490.9,4909.0,2024-06-24
2024062403026180,SAPDBL,71,22,155.0,380.0,58900.0,2024-06-24
2024062403026179,SAPDBL,71,32,100.0,380.0,38000.0,2024-06-24
2024062403026178,SAPDBL,71,32,300.0,380.0,114000.0,2024-06-24
2024062403026177,SAPDBL,71,25,10.0,380.0,3800.0,2024-06-24
2024062403026176,SAPDBL,71,52,200.0,380.0,76000.0,2024-06-24
2024062403026175,SAPDBL,71,57,391.0,380.0,148580.0,2024-06-24
2024062403026174,SAPDBL,71,34,30.0,379.9,11397.0,2024-06-24
2024062403026173,SAPDBL,71,13,784.0,379.9,297841.6,2024-06-24
2024062403026172,SAPDBL,71,13,30.0,379.0,11370.0,2024-06-24
2024062401023688,MANDU,65,57,10.0,1036.0,10360.0,2024-06-24
2024062401023687,MANDU,65,6,10.0,1036.0,10360.0,2024-06-24
2024062401023686,MANDU,65,21,500.0,1036.0,518000.0,2024-06-24
2024062401023685,MANDU,65,7,200.0,1035.0,207000.0,2024-06-24
2024062401023684,MANDU,65,36,20.0,1035.0,20700.0,2024-06-24
2024062401023683,MANDU,65,49,10.0,1033.9,10339.0,2024-06-24
2024062401023682,MANDU,65,14,500.0,1033.7,516850.0,2024-06-24
2024062401023681,MANDU,65,16,200.0,1033.6,206720.0,2024-06-24
2024062401023680,MANDU,65,4,150.0,1033.5,155025.0,2024-06-24
2024062401023679,MANDU,65,51,10.0,1033.0,10330.0,2024-06-24
2024062401023678,MANDU,65,6,10.0,1033.0,10330.0,2024-06-24
2024062401023677,MANDU,65,29,50.0,1032.9,51645.0,2024-06-24
2024062401023676,MANDU,65,16,110.0,1032.9,113619.0,2024-06-24
2024062403026171,EDBL,5,65,50.0,380.0,19000.0,2024-06-24
2024062403026170,EDBL,57,65,450.0,381.0,171450.0,2024-06-24
2024062403026169,SADBL,57,42,72.0,315.0,22680.0,2024-06-24
2024062401023675,NABIL,49,42,100.0,462.0,46200.0,2024-06-24
2024062404009526,SHEL,47,45,2850.0,157.0,447450.0,2024-06-24
2024062404009525,SHEL,47,44,10.0,157.0,1570.0,2024-06-24
2024062404009524,SHEL,47,47,500.0,157.0,78500.0,2024-06-24
2024062404009523,SHEL,47,34,10.0,157.0,1570.0,2024-06-24
2024062403026168,SFCL,54,62,10.0,458.2,4582.0,2024-06-24
2024062401023674,BNHC,39,53,60.0,671.0,40260.0,2024-06-24
2024062401023673,BNHC,39,53,10.0,671.1,6711.0,2024-06-24
2024062401023672,SPHL,32,50,40.0,555.0,22200.0,2024-06-24
2024062403026167,EDBL,57,45,50.0,381.0,19050.0,2024-06-24
2024062403026166,MERO,19,8,190.0,710.0,134900.0,2024-06-24
2024062401023671,KBSH,29,38,10.0,1530.0,15300.0,2024-06-24
2024062404009522,PMHPL,17,35,55.0,226.0,12430.0,2024-06-24
2024062401023670,NWCL,34,33,100.0,836.8,83680.0,2024-06-24
2024062401023669,NWCL,45,33,50.0,836.8,41840.0,2024-06-24
2024062403026165,GMFIL,29,57,10.0,453.0,4530.0,2024-06-24
2024062401023668,KBSH,29,49,300.0,1530.0,459000.0,2024-06-24
2024062401023667,DLBS,49,33,10.0,1265.0,12650.0,2024-06-24
2024062401023666,DLBS,49,57,15.0,1265.0,18975.0,2024-06-24
2024062401023665,ULBSL,45,28,10.0,1986.0,19860.0,2024-06-24
2024062404009521,UPPER,34,5,600.0,156.0,93600.0,2024-06-24
2024062404009520,RHPL,59,35,10.0,270.0,2700.0,2024-06-24
2024062404009519,RHPL,59,41,50.0,269.0,13450.0,2024-06-24
2024062404009518,RHPL,59,52,10.0,269.0,2690.0,2024-06-24
2024062405005653,HRL,11,39,180.0,540.0,97200.0,2024-06-24
2024062405005652,HRL,11,1,10.0,540.0,5400.0,2024-06-24
2024062405005651,HRL,11,58,10.0,540.0,5400.0,2024-06-24
2024062403026164,NMFBS,44,40,30.0,1311.1,39333.0,2024-06-24
2024062404009517,AHPC,21,51,200.0,153.5,30700.0,2024-06-24
2024062403026163,LLBS,33,21,100.0,1200.1,120010.0,2024-06-24
2024062404009516,KPCL,26,35,413.0,448.8,185354.4,2024-06-24
2024062403026162,ALBSL,35,59,15.0,973.8,14607.0,2024-06-24
2024062404009515,KKHC,42,57,16.0,225.0,3600.0,2024-06-24
2024062403026161,GRDBL,62,58,100.0,449.9,44990.0,2024-06-24
2024062401023664,IHL,48,58,10.0,426.0,4260.0,2024-06-24
2024062401023663,IHL,48,44,10.0,426.0,4260.0,2024-06-24
2024062401023662,IHL,48,41,10.0,426.0,4260.0,2024-06-24
2024062401023661,IHL,48,7,35.0,425.9,14906.5,2024-06-24
2024062401023660,IHL,48,26,300.0,425.9,127770.0,2024-06-24
2024062404009514,RURU,39,80,230.0,615.6,141588.0,2024-06-24
2024062404009513,RURU,18,80,50.0,615.7,30785.0,2024-06-24
2024062401023659,SRLI,34,41,10.0,429.1,4291.0,2024-06-24
2024062403026160,KRBL,94,29,500.0,452.0,226000.0,2024-06-24
2024062403026159,SIFC,45,29,100.0,464.1,46410.0,2024-06-24
2024062403026158,MERO,34,8,50.0,710.0,35500.0,2024-06-24
2024062404009512,DHPL,17,17,30.0,200.0,6000.0,2024-06-24
2024062403026157,CBBL,22,17,56.0,830.7,46519.2,2024-06-24
2024062401023658,GVL,45,34,220.0,593.0,130460.0,2024-06-24
2024062401023657,GVL,45,7,10.0,593.0,5930.0,2024-06-24
2024062401023656,GVL,45,6,110.0,592.0,65120.0,2024-06-24
2024062401023655,GVL,45,8,160.0,592.0,94720.0,2024-06-24
2024062401023654,MMKJL,58,45,67.0,486.0,32562.0,2024-06-24
2024062401023653,MMKJL,21,45,33.0,486.2,16044.6,2024-06-24
2024062404009511,HPPL,42,45,170.0,274.1,46597.0,2024-06-24
2024062403026156,MFIL,33,22,20.0,562.0,11240.0,2024-06-24
2024062403026155,GMFIL,39,6,357.0,451.2,161078.4,2024-06-24
2024062403026154,GMFIL,28,6,143.0,451.4,64550.2,2024-06-24
2024062405005650,CHDC,37,66,20.0,1025.0,20500.0,2024-06-24
2024062403026153,GUFL,47,38,80.0,760.0,60800.0,2024-06-24
2024062403026152,NMLBBL,47,39,150.0,682.9,102435.0,2024-06-24
2024062403026151,NMLBBL,47,38,100.0,682.9,68290.0,2024-06-24
2024062405005649,NRIC,42,35,10.0,648.0,6480.0,2024-06-24
2024062401023652,KBSH,29,42,10.0,1530.0,15300.0,2024-06-24
2024062404009510,NIL,42,49,10.0,796.0,7960.0,2024-06-24
2024062401023651,BEDC,48,19,99.0,415.0,41085.0,2024-06-24
2024062401023650,BEDC,48,3,50.0,415.0,20750.0,2024-06-24
2024062401023649,BEDC,48,58,10.0,415.0,4150.0,2024-06-24
2024062401023648,BEDC,48,19,125.0,415.0,51875.0,2024-06-24
2024062403026150,SHINE,95,49,800.0,383.0,306400.0,2024-06-24
2024062403026149,JFL,40,43,100.0,600.0,60000.0,2024-06-24
2024062403026148,JFL,40,8,17.0,600.0,10200.0,2024-06-24
2024062403026147,JFL,40,5,150.0,600.0,90000.0,2024-06-24
2024062403026146,JFL,40,8,230.0,599.9,137977.0,2024-06-24
2024062401023647,UNLB,88,47,40.0,2034.0,81360.0,2024-06-24
2024062401023646,UNLB,88,19,10.0,2031.8,20318.0,2024-06-24
2024062401023645,UNLB,88,49,10.0,2031.0,20310.0,2024-06-24
2024062401023644,UNLB,88,45,10.0,2029.0,20290.0,2024-06-24
2024062401023643,UNLB,88,56,10.0,2029.0,20290.0,2024-06-24
2024062401023642,UNLB,88,40,65.0,2029.0,131885.0,2024-06-24
2024062401023641,UNLB,88,7,30.0,2028.0,60840.0,2024-06-24
2024062401023640,UNLB,88,4,10.0,2025.0,20250.0,2024-06-24
2024062401023639,UNLB,88,51,10.0,2025.0,20250.0,2024-06-24
2024062401023638,UNLB,88,70,105.0,2025.0,212625.0,2024-06-24
2024062403026145,SAPDBL,44,13,20.0,379.0,7580.0,2024-06-24
2024062403026144,GUFL,58,42,30.0,757.0,22710.0,2024-06-24
2024062403026143,GUFL,58,42,70.0,757.0,52990.0,2024-06-24
2024062404009509,NIL,34,49,11.0,796.0,8756.0,2024-06-24
2024062404009508,NICL,34,34,10.0,838.6,8386.0,2024-06-24
2024062401023637,GVL,8,8,40.0,592.0,23680.0,2024-06-24
2024062401023636,GVL,8,45,10.0,592.0,5920.0,2024-06-24
2024062401023635,SIKLES,89,60,800.0,650.0,520000.0,2024-06-24
2024062401023634,BEDC,50,19,10.0,415.0,4150.0,2024-06-24
2024062403026142,PROFL,49,58,54.0,415.0,22410.0,2024-06-24
2024062403026141,PROFL,58,58,200.0,415.0,83000.0,2024-06-24
2024062403026140,PROFL,45,58,100.0,415.0,41500.0,2024-06-24
2024062403026139,PROFL,58,58,22.0,415.0,9130.0,2024-06-24
2024062403026138,PROFL,51,58,700.0,415.0,290500.0,2024-06-24
2024062403026137,PROFL,22,58,5000.0,415.0,2075000.0,2024-06-24
2024062403026136,PROFL,58,58,57.0,415.0,23655.0,2024-06-24
2024062403026135,PROFL,50,58,100.0,415.1,41510.0,2024-06-24
2024062401023633,RFPL,3,35,35.0,367.1,12848.5,2024-06-24
2024062404009507,NGPL,17,13,256.0,308.0,78848.0,2024-06-24
2024062404009506,NGPL,22,13,300.0,308.0,92400.0,2024-06-24
2024062404009505,PMHPL,17,46,500.0,226.0,113000.0,2024-06-24
2024062403026134,RLFL,21,56,45.0,442.0,19890.0,2024-06-24
2024062404009504,PMHPL,17,38,10.0,226.0,2260.0,2024-06-24
2024062403026133,USLB,55,48,10.0,1760.0,17600.0,2024-06-24
2024062403026132,USLB,38,48,20.0,1760.0,35200.0,2024-06-24
2024062405005648,CHDC,37,42,10.0,1025.0,10250.0,2024-06-24
2024062401023632,ADBL,34,42,60.0,261.5,15690.0,2024-06-24
2024062401023631,ADBL,40,42,280.0,261.5,73220.0,2024-06-24
2024062404009503,SSHL,42,32,80.0,176.8,14144.0,2024-06-24
2024062403026131,JFL,7,8,100.0,599.9,59990.0,2024-06-24
2024062403026130,BFC,39,29,100.0,490.1,49010.0,2024-06-24
2024062401023630,SNLI,34,34,10.0,458.8,4588.0,2024-06-24
2024062405005647,NRN,80,34,10.0,662.4,6624.0,2024-06-24
2024062404009502,AHPC,34,51,80.0,153.5,12280.0,2024-06-24
2024062403026129,GFCL,62,22,10.0,613.0,6130.0,2024-06-24
2024062403026128,GFCL,62,22,10.0,613.2,6132.0,2024-06-24
2024062404009501,GHL,42,6,20.0,149.3,2986.0,2024-06-24
2024062401023629,PHCL,34,43,51.0,315.0,16065.0,2024-06-24
2024062401023628,PHCL,33,43,30.0,315.1,9453.0,2024-06-24
2024062401023627,PHCL,42,43,19.0,315.3,5990.7,2024-06-24
2024062401023626,PHCL,45,43,100.0,316.0,31600.0,2024-06-24
2024062401023625,HHL,49,68,85.0,360.0,30600.0,2024-06-24
2024062401023624,HHL,50,68,40.0,360.2,14408.0,2024-06-24
2024062401023623,SMJC,44,40,200.0,394.0,78800.0,2024-06-24
2024062401023622,BGWT,45,39,10.0,928.0,9280.0,2024-06-24
2024062401023621,BGWT,42,39,30.0,928.0,27840.0,2024-06-24
2024062401023620,BGWT,47,39,75.0,928.1,69607.5,2024-06-24
2024062401023619,BGWT,54,39,80.0,928.5,74280.0,2024-06-24
2024062401023618,BGWT,4,39,100.0,930.0,93000.0,2024-06-24
2024062403026127,ACLBSL,45,38,13.0,1013.0,13169.0,2024-06-24
2024062404009500,NGPL,16,8,100.0,309.0,30900.0,2024-06-24
2024062404009499,API,59,45,629.0,168.9,106238.1,2024-06-24
2024062404009498,API,35,45,19.0,169.0,3211.0,2024-06-24
2024062404009497,API,85,45,1352.0,169.0,228488.0,2024-06-24
2024062403026126,JFL,56,5,15.0,600.0,9000.0,2024-06-24
2024062403026125,JFL,56,38,435.0,600.0,261000.0,2024-06-24
2024062403026124,JFL,56,26,50.0,599.9,29995.0,2024-06-24
2024062401023617,UNLB,54,68,20.0,2020.0,40400.0,2024-06-24
2024062401023616,HDL,19,17,65.0,1235.0,80275.0,2024-06-24
2024062401023615,HDL,19,45,40.0,1235.0,49400.0,2024-06-24
2024062404009496,CHCL,58,65,10.0,433.5,4335.0,2024-06-24
2024062401023614,DLBS,44,57,100.0,1265.0,126500.0,2024-06-24
2024062403026123,JFL,42,38,65.0,600.0,39000.0,2024-06-24
2024062403026122,JFL,42,59,14.0,600.0,8400.0,2024-06-24
2024062403026121,JFL,42,42,21.0,600.0,12600.0,2024-06-24
2024062401023613,SAHAS,32,55,20.0,515.0,10300.0,2024-06-24
2024062401023612,LSL,38,34,348.0,155.0,53940.0,2024-06-24
2024062401023611,LSL,38,16,500.0,155.0,77500.0,2024-06-24
2024062401023610,LSL,38,32,1081.0,155.0,167555.0,2024-06-24
2024062401023609,MKCL,28,22,10.0,1119.9,11199.0,2024-06-24
2024062401023608,MKCL,28,42,20.0,1115.0,22300.0,2024-06-24
2024062401023607,EHPL,45,49,10.0,547.0,5470.0,2024-06-24
2024062405005646,STC,54,6,20.0,4580.2,91604.0,2024-06-24
2024062405005645,STC,1,6,15.0,4581.0,68715.0,2024-06-24
2024062405005644,STC,26,6,10.0,4581.0,45810.0,2024-06-24
2024062404009495,HURJA,58,6,140.0,301.0,42140.0,2024-06-24
2024062404009494,HURJA,44,6,20.0,301.1,6022.0,2024-06-24
2024062404009493,HURJA,3,6,630.0,301.1,189693.0,2024-06-24
2024062404009492,HURJA,58,6,205.0,301.3,61766.5,2024-06-24
2024062404009491,HURJA,56,6,275.0,301.3,82857.5,2024-06-24
2024062404009490,HURJA,14,6,500.0,301.3,150650.0,2024-06-24
2024062404009489,HURJA,57,6,210.0,301.3,63273.0,2024-06-24
2024062404009488,HURJA,34,6,20.0,301.4,6028.0,2024-06-24
2024062404009487,PPCL,88,43,100.0,236.0,23600.0,2024-06-24
2024062403026120,ICFC,56,53,50.0,559.9,27995.0,2024-06-24
2024062403026119,ICFC,56,7,250.0,559.0,139750.0,2024-06-24
2024062403026118,ICFC,56,29,200.0,558.0,111600.0,2024-06-24
2024062401023606,VLUCL,14,42,10.0,513.0,5130.0,2024-06-24
2024062403026117,SJLIC,54,68,10.0,406.0,4060.0,2024-06-24
2024062401023605,RFPL,38,65,195.0,367.0,71565.0,2024-06-24
2024062403026116,JFL,21,42,784.0,600.0,470400.0,2024-06-24
2024062403026115,JFL,21,42,800.0,600.0,480000.0,2024-06-24
2024062403026114,JFL,21,42,800.0,600.0,480000.0,2024-06-24
2024062403026113,JFL,21,38,500.0,600.0,300000.0,2024-06-24
2024062403026112,JFL,21,51,165.0,600.0,99000.0,2024-06-24
2024062403026111,JFL,21,17,90.0,600.0,54000.0,2024-06-24
2024062405005643,NIFRA,59,48,885.0,189.6,167796.0,2024-06-24
2024062405005642,NIFRA,58,48,73.0,189.7,13848.1,2024-06-24
2024062405005641,NIFRA,72,48,10.0,189.7,1897.0,2024-06-24
2024062405005640,NIFRA,36,48,32.0,189.7,6070.4,2024-06-24
2024062401023604,PHCL,77,26,90.0,319.9,28791.0,2024-06-24
2024062401023603,PHCL,77,44,10.0,319.0,3190.0,2024-06-24
2024062401023602,PHCL,77,48,10.0,319.0,3190.0,2024-06-24
2024062401023601,PHCL,77,48,10.0,319.0,3190.0,2024-06-24
2024062401023600,PHCL,77,52,460.0,319.0,146740.0,2024-06-24
2024062401023599,PHCL,77,34,60.0,318.8,19128.0,2024-06-24
2024062401023598,PHCL,77,62,50.0,318.8,15940.0,2024-06-24
2024062401023597,PHCL,77,28,10.0,318.0,3180.0,2024-06-24
2024062403026110,GUFL,38,17,30.0,760.0,22800.0,2024-06-24
2024062403026109,GUFL,38,65,30.0,760.0,22800.0,2024-06-24
2024062403026108,FOWAD,57,55,16.0,1257.0,20112.0,2024-06-24
2024062404009486,UPPER,34,28,1114.0,156.0,173784.0,2024-06-24
2024062404009485,UPPER,57,28,24.0,156.0,3744.0,2024-06-24
2024062401023596,BEDC,85,19,235.0,415.0,97525.0,2024-06-24
2024062401023595,BEDC,85,34,35.0,414.9,14521.5,2024-06-24
2024062401023594,BEDC,85,62,130.0,414.0,53820.0,2024-06-24
2024062401023593,MAKAR,49,49,50.0,429.0,21450.0,2024-06-24
2024062401023592,MAKAR,59,49,50.0,429.0,21450.0,2024-06-24
2024062403026107,PROFL,58,49,43.0,415.0,17845.0,2024-06-24
2024062403026106,PROFL,42,49,10.0,415.0,4150.0,2024-06-24
2024062403026105,PROFL,47,49,101.0,415.0,41915.0,2024-06-24
2024062404009484,UPPER,50,17,90.0,156.2,14058.0,2024-06-24
2024062403026104,WNLB,58,29,10.0,1478.9,14789.0,2024-06-24
2024062403026103,PFL,62,58,235.0,678.2,159377.0,2024-06-24
2024062403026102,PFL,42,58,100.0,679.0,67900.0,2024-06-24
2024062403026101,PFL,38,58,400.0,679.0,271600.0,2024-06-24
