transaction,symbol,buyer,seller,quantity,rate,amount,date
2025010101014758,MCHL,53,6,10.0,603.0,6030.0,2025-01-01
2025010104007930,SHL,58,50,500.0,470.5,235250.0,2025-01-01
2025010101014757,SHLB,36,22,10.0,2666.3,26663.0,2025-01-01
2025010101014756,SIKLES,37,32,10.0,812.0,8120.0,2025-01-01
2025010103012776,ICFC,46,38,25.0,648.0,16200.0,2025-01-01
2025010104007929,RHPL,38,48,10.0,433.9,4339.0,2025-01-01
2025010103012775,NABBC,38,56,10.0,1012.0,10120.0,2025-01-01
2025010104007928,DHPL,49,58,20.0,292.4,5848.0,2025-01-01
2025010103012774,NLIC,45,16,10.0,759.2,7592.0,2025-01-01
2025010101014755,HHL,22,49,10.0,495.0,4950.0,2025-01-01
2025010104007927,JOSHI,72,21,1000.0,433.9,433900.0,2025-01-01
2025010104007926,HPPL,21,33,10.0,399.0,3990.0,2025-01-01
2025010104007925,HURJA,33,72,560.0,221.6,124096.0,2025-01-01
2025010104007924,HURJA,33,59,50.0,221.6,11080.0,2025-01-01
2025010104007923,HURJA,33,59,50.0,221.5,11075.0,2025-01-01
2025010104007922,HURJA,33,53,340.0,221.0,75140.0,2025-01-01
2025010103012773,SAPDBL,69,98,10.0,859.9,8599.0,2025-01-01
2025010103012772,SAPDBL,32,98,50.0,860.0,43000.0,2025-01-01
2025010103012771,SAPDBL,57,98,50.0,860.0,43000.0,2025-01-01
2025010103012770,SAPDBL,87,98,211.0,860.0,181460.0,2025-01-01
2025010103012769,SAPDBL,88,98,179.0,870.0,155730.0,2025-01-01
2025010103012768,MLBSL,34,46,21.0,2470.0,51870.0,2025-01-01
2025010101014754,USHL,88,91,31.0,788.0,24428.0,2025-01-01
2025010101014753,USHL,88,14,69.0,788.0,54372.0,2025-01-01
2025010103012767,RLFL,57,58,10.0,549.0,5490.0,2025-01-01
2025010103012766,NFS,72,19,50.0,1032.9,51645.0,2025-01-01
2025010105008265,NRN,77,34,130.0,1040.0,135200.0,2025-01-01
2025010103012765,SAPDBL,34,69,10.0,872.0,8720.0,2025-01-01
2025010104007921,SHEL,38,5,225.0,231.3,52042.5,2025-01-01
2025010104007920,SHEL,42,5,265.0,231.3,61294.5,2025-01-01
2025010103012764,GBBL,47,3,100.0,396.0,39600.0,2025-01-01
2025010103012763,JFL,72,34,20.0,776.0,15520.0,2025-01-01
2025010101014752,IHL,45,3,10.0,643.0,6430.0,2025-01-01
2025010103012762,HLBSL,34,7,10.0,948.9,9489.0,2025-01-01
2025010103012761,SINDU,34,16,10.0,737.8,7378.0,2025-01-01
2025010103012760,SINDU,34,16,10.0,737.8,7378.0,2025-01-01
2025010103012759,PROFL,34,11,90.0,603.0,54270.0,2025-01-01
2025010103012758,NICLBSL,63,44,10.0,655.0,6550.0,2025-01-01
2025010103012757,NICLBSL,63,44,50.0,654.0,32700.0,2025-01-01
2025010105008264,MEL,55,11,370.0,313.0,115810.0,2025-01-01
2025010105008263,MEL,55,36,10.0,313.0,3130.0,2025-01-01
2025010105008262,MEL,55,41,100.0,313.0,31300.0,2025-01-01
2025010105008261,MEL,55,28,10.0,313.0,3130.0,2025-01-01
2025010105008260,MEL,55,42,10.0,312.4,3124.0,2025-01-01
2025010105008259,MEL,55,51,10.0,312.1,3121.0,2025-01-01
2025010105008258,MEL,55,44,70.0,312.0,21840.0,2025-01-01
2025010105008257,MEL,55,16,10.0,312.0,3120.0,2025-01-01
2025010105008256,MEL,55,58,10.0,312.0,3120.0,2025-01-01
2025010105008255,MEL,55,44,200.0,312.0,62400.0,2025-01-01
2025010105008254,MEL,55,28,10.0,312.0,3120.0,2025-01-01
2025010105008253,MEL,55,29,100.0,312.0,31200.0,2025-01-01
2025010105008252,MEL,55,58,10.0,312.0,3120.0,2025-01-01
2025010105008251,MEL,55,22,500.0,312.0,156000.0,2025-01-01
2025010105008250,MEL,55,34,410.0,312.0,127920.0,2025-01-01
2025010105008249,MEL,55,54,170.0,311.9,53023.0,2025-01-01
2025010103012756,JFL,72,40,289.0,776.0,224264.0,2025-01-01
2025010101014751,ADBL,34,36,200.0,307.1,61420.0,2025-01-01
2025010101014750,SMH,74,48,50.0,1000.0,50000.0,2025-01-01
2025010104007919,AKPL,58,91,300.0,227.0,68100.0,2025-01-01
2025010104007918,HDHPC,87,13,409.0,195.0,79755.0,2025-01-01
2025010104007917,HDHPC,87,55,40.0,195.0,7800.0,2025-01-01
2025010104007916,HDHPC,87,17,51.0,195.0,9945.0,2025-01-01
2025010103012755,JFL,72,56,300.0,776.0,232800.0,2025-01-01
2025010104007915,RHPL,56,48,10.0,433.9,4339.0,2025-01-01
2025010105008248,NRIC,42,59,168.0,740.0,124320.0,2025-01-01
2025010105008247,NRIC,42,57,232.0,740.0,171680.0,2025-01-01
2025010103012754,NABBC,56,56,20.0,1012.0,20240.0,2025-01-01
2025010103012753,ALICL,25,66,200.0,705.0,141000.0,2025-01-01
2025010103012752,NLIC,83,80,17.0,763.0,12971.0,2025-01-01
2025010103012751,NLIC,83,35,22.0,760.0,16720.0,2025-01-01
2025010103012750,NLIC,83,35,43.0,760.0,32680.0,2025-01-01
2025010103012749,NLIC,83,47,18.0,760.0,13680.0,2025-01-01
2025010103012748,CORBL,60,69,20.0,1449.0,28980.0,2025-01-01
2025010101014749,MKHC,33,47,174.0,504.1,87713.4,2025-01-01
2025010101014748,MKHC,45,47,50.0,504.2,25210.0,2025-01-01
2025010101014747,MKHC,22,47,20.0,505.0,10100.0,2025-01-01
2025010101014746,MKHC,66,47,56.0,505.0,28280.0,2025-01-01
2025010103012747,SMB,41,56,10.0,2905.9,29059.0,2025-01-01
2025010103012746,SMB,58,56,186.0,2905.9,540497.4,2025-01-01
2025010101014745,USHL,56,14,11.0,788.0,8668.0,2025-01-01
2025010104007914,SPIL,4,72,10.0,794.4,7944.0,2025-01-01
2025010103012745,PFL,26,51,10.0,538.9,5389.0,2025-01-01
2025010101014744,BHPL,62,56,10.0,862.9,8629.0,2025-01-01
2025010103012744,HLBSL,62,7,50.0,948.9,47445.0,2025-01-01
2025010101014743,ULBSL,62,36,11.0,4280.0,47080.0,2025-01-01
2025010101014742,ULBSL,62,35,16.0,4280.0,68480.0,2025-01-01
2025010101014741,ULBSL,62,33,10.0,4279.0,42790.0,2025-01-01
2025010101014740,ULBSL,62,17,16.0,4265.0,68240.0,2025-01-01
2025010101014739,ULBSL,62,32,12.0,4255.0,51060.0,2025-01-01
2025010101014738,ULBSL,62,41,10.0,4250.0,42500.0,2025-01-01
2025010101014737,ULBSL,62,5,25.0,4249.0,106225.0,2025-01-01
2025010105008246,VLUCL,65,34,228.0,649.8,148154.4,2025-01-01
2025010105008245,VLUCL,65,46,500.0,649.7,324850.0,2025-01-01
2025010105008244,VLUCL,65,22,10.0,649.0,6490.0,2025-01-01
2025010105008243,VLUCL,65,58,500.0,648.0,324000.0,2025-01-01
2025010105008242,VLUCL,65,65,32.0,648.0,20736.0,2025-01-01
2025010105008241,VLUCL,65,65,730.0,645.9,471507.0,2025-01-01
2025010103012743,SAPDBL,14,69,100.0,872.0,87200.0,2025-01-01
2025010103012742,LBBL,72,58,10.0,472.0,4720.0,2025-01-01
2025010105008240,CIT,28,8,42.0,2099.9,88195.8,2025-01-01
2025010105008239,CIT,28,58,11.0,2099.9,23098.9,2025-01-01
2025010105008238,CIT,28,4,40.0,2099.8,83992.0,2025-01-01
2025010105008237,HATHY,28,19,25.0,1323.0,33075.0,2025-01-01
2025010105008236,HATHY,28,57,15.0,1322.0,19830.0,2025-01-01
2025010103012741,CORBL,58,72,10.0,1420.0,14200.0,2025-01-01
2025010103012740,NABBC,28,56,50.0,1012.0,50600.0,2025-01-01
2025010101014736,NYADI,28,64,10.0,450.0,4500.0,2025-01-01
2025010101014735,MMKJL,13,78,10.0,676.9,6769.0,2025-01-01
2025010104007913,RHPL,58,48,10.0,433.9,4339.0,2025-01-01
2025010104007912,RHPL,58,58,40.0,433.8,17352.0,2025-01-01
2025010101014734,CITY,75,45,10.0,866.0,8660.0,2025-01-01
2025010103012739,JFL,17,14,12.0,779.0,9348.0,2025-01-01
2025010103012738,JFL,17,45,88.0,779.0,68552.0,2025-01-01
2025010101014733,HIDCLP,17,40,10.0,162.0,1620.0,2025-01-01
2025010103012737,GRDBL,21,41,10.0,913.5,9135.0,2025-01-01
2025010104007911,SPDL,48,41,10.0,319.1,3191.0,2025-01-01
2025010105008235,MEL,58,54,30.0,311.9,9357.0,2025-01-01
2025010103012736,PFL,22,41,18.0,535.0,9630.0,2025-01-01
2025010103012735,PFL,33,41,500.0,535.0,267500.0,2025-01-01
2025010103012734,PFL,21,41,50.0,535.0,26750.0,2025-01-01
2025010103012733,PFL,32,41,107.0,535.0,57245.0,2025-01-01
2025010103012732,PFL,41,41,50.0,535.1,26755.0,2025-01-01
2025010103012731,PFL,86,41,10.0,538.0,5380.0,2025-01-01
2025010103012730,PFL,88,41,65.0,538.0,34970.0,2025-01-01
2025010103012729,SMFBS,70,57,10.0,1960.0,19600.0,2025-01-01
2025010105008234,NRN,58,17,407.0,1048.5,426739.5,2025-01-01
2025010105008233,NRN,58,42,10.0,1048.0,10480.0,2025-01-01
2025010105008232,NRN,58,58,400.0,1048.0,419200.0,2025-01-01
2025010105008231,NRN,58,13,30.0,1046.9,31407.0,2025-01-01
2025010105008230,NRN,58,19,100.0,1045.0,104500.0,2025-01-01
2025010105008229,NRN,58,98,10.0,1045.0,10450.0,2025-01-01
2025010105008228,NRN,58,58,343.0,1045.0,358435.0,2025-01-01
2025010103012728,NFS,72,36,500.0,1032.9,516450.0,2025-01-01
2025010103012727,MLBL,52,28,30.0,364.9,10947.0,2025-01-01
2025010103012726,MLBL,52,22,20.0,364.5,7290.0,2025-01-01
2025010105008227,NBF2,29,38,2000.0,9.2,18400.0,2025-01-01
2025010101014732,MBL,55,49,414.0,232.0,96048.0,2025-01-01
2025010101014731,MBL,22,49,50.0,232.1,11605.0,2025-01-01
2025010101014730,MBL,11,49,500.0,232.4,116200.0,2025-01-01
2025010101014729,MBL,34,49,10.0,232.5,2325.0,2025-01-01
2025010101014728,MBL,51,49,20.0,232.7,4654.0,2025-01-01
2025010101014727,MBL,47,49,50.0,233.0,11650.0,2025-01-01
2025010101014726,MBL,1,49,50.0,233.0,11650.0,2025-01-01
2025010101014725,MBL,49,49,100.0,233.0,23300.0,2025-01-01
2025010101014724,MBL,29,49,50.0,233.0,11650.0,2025-01-01
2025010101014723,MBL,51,49,100.0,233.0,23300.0,2025-01-01
2025010101014722,MBL,29,49,265.0,233.0,61745.0,2025-01-01
2025010101014721,MBL,11,49,397.0,233.1,92540.7,2025-01-01
2025010101014720,MBL,62,49,500.0,233.3,116650.0,2025-01-01
2025010101014719,MBL,62,49,10.0,233.4,2334.0,2025-01-01
2025010101014718,MBL,42,49,200.0,233.5,46700.0,2025-01-01
2025010101014717,MBL,34,49,60.0,233.6,14016.0,2025-01-01
2025010101014716,MBL,17,49,224.0,234.0,52416.0,2025-01-01
2025010103012725,NABBC,69,56,90.0,1012.0,91080.0,2025-01-01
2025010103012724,NABBC,69,45,10.0,1011.9,10119.0,2025-01-01
2025010103012723,JFL,72,69,100.0,776.0,77600.0,2025-01-01
2025010104007910,UMRH,69,34,10.0,606.0,6060.0,2025-01-01
2025010104007909,TRH,45,16,50.0,1057.0,52850.0,2025-01-01
2025010104007908,TRH,66,16,400.0,1069.9,427960.0,2025-01-01
2025010104007907,JOSHI,22,57,15.0,434.7,6520.5,2025-01-01
2025010104007906,JOSHI,22,29,85.0,434.5,36932.5,2025-01-01
2025010103012722,MFIL,51,59,400.0,645.0,258000.0,2025-01-01
2025010103012721,MNBBL,45,21,11.0,371.0,4081.0,2025-01-01
2025010103012720,MNBBL,32,21,30.0,371.2,11136.0,2025-01-01
2025010101014715,BGWT,17,74,10.0,952.0,9520.0,2025-01-01
2025010101014714,RAWA,57,34,148.0,795.0,117660.0,2025-01-01
2025010101014713,RAWA,57,57,10.0,795.0,7950.0,2025-01-01
2025010101014712,RAWA,57,45,11.0,794.9,8743.9,2025-01-01
2025010101014711,RAWA,57,58,50.0,794.0,39700.0,2025-01-01
2025010101014710,RAWA,57,57,100.0,794.0,79400.0,2025-01-01
2025010101014709,RAWA,57,34,50.0,790.0,39500.0,2025-01-01
2025010101014708,RAWA,57,21,10.0,790.0,7900.0,2025-01-01
2025010101014707,RAWA,57,33,121.0,789.0,95469.0,2025-01-01
2025010103012719,GRDBL,96,36,10.0,930.0,9300.0,2025-01-01
2025010101014706,MSHL,57,44,10.0,922.0,9220.0,2025-01-01
2025010101014705,PRVU,57,38,500.0,230.0,115000.0,2025-01-01
2025010101014704,MEHL,57,38,20.0,447.0,8940.0,2025-01-01
2025010103012718,NFS,72,57,138.0,1032.9,142540.2,2025-01-01
2025010104007905,RIDI,11,81,582.0,217.5,126585.0,2025-01-01
2025010104007904,RIDI,11,52,44.0,217.1,9552.4,2025-01-01
2025010104007903,RIDI,11,43,41.0,217.0,8897.0,2025-01-01
2025010104007902,RIDI,11,42,833.0,217.0,180761.0,2025-01-01
2025010101014703,SMHL,86,21,10.0,1285.0,12850.0,2025-01-01
2025010101014702,BNT,86,32,10.0,13530.0,135300.0,2025-01-01
2025010101014701,SGHC,1,42,50.0,451.3,22565.0,2025-01-01
2025010101014700,MBL,17,34,76.0,234.0,17784.0,2025-01-01
2025010101014699,MBL,48,34,150.0,234.1,35115.0,2025-01-01
2025010101014698,SANIMA,34,52,300.0,297.9,89370.0,2025-01-01
2025010101014697,MEHL,34,38,10.0,447.0,4470.0,2025-01-01
2025010101014696,MCHL,34,6,20.0,603.0,12060.0,2025-01-01
2025010103012717,GRDBL,43,36,10.0,930.0,9300.0,2025-01-01
2025010104007901,SPIL,58,48,59.0,784.0,46256.0,2025-01-01
2025010104007900,SPIL,72,48,60.0,784.1,47046.0,2025-01-01
2025010104007899,SPIL,42,48,10.0,784.2,7842.0,2025-01-01
2025010104007898,SPIL,28,48,20.0,785.0,15700.0,2025-01-01
2025010104007897,SPIL,22,48,30.0,785.0,23550.0,2025-01-01
2025010104007896,SPIL,22,48,24.0,785.2,18844.8,2025-01-01
2025010104007895,SPIL,45,48,15.0,785.3,11779.5,2025-01-01
2025010101014695,MKHC,42,58,10.0,509.0,5090.0,2025-01-01
2025010103012716,SADBL,45,42,50.0,380.0,19000.0,2025-01-01
2025010103012715,GRDBL,60,36,10.0,930.0,9300.0,2025-01-01
2025010101014694,SARBTM,47,42,40.0,714.0,28560.0,2025-01-01
2025010103012714,LBBL,10,47,220.0,465.6,102432.0,2025-01-01
2025010103012713,LBBL,58,47,135.0,465.7,62869.5,2025-01-01
2025010103012712,LBBL,51,47,50.0,465.7,23285.0,2025-01-01
2025010103012711,LBBL,22,47,14.0,466.0,6524.0,2025-01-01
2025010103012710,LBBL,50,47,165.0,470.0,77550.0,2025-01-01
2025010103012709,LBBL,34,47,16.0,470.0,7520.0,2025-01-01
2025010103012708,NFS,32,6,50.0,1035.0,51750.0,2025-01-01
2025010103012707,SAPDBL,32,34,10.0,871.9,8719.0,2025-01-01
2025010101014693,HBL,56,91,10.0,238.0,2380.0,2025-01-01
2025010104007894,HDHPC,21,26,203.0,194.0,39382.0,2025-01-01
2025010104007893,HDHPC,49,26,10.0,194.0,1940.0,2025-01-01
2025010104007892,HDHPC,21,26,500.0,194.0,97000.0,2025-01-01
2025010104007891,HDHPC,52,26,100.0,194.0,19400.0,2025-01-01
2025010104007890,HDHPC,44,26,187.0,194.0,36278.0,2025-01-01
2025010104007889,HDHPC,91,26,500.0,194.1,97050.0,2025-01-01
2025010104007888,HDHPC,28,26,500.0,194.1,97050.0,2025-01-01
2025010103012706,MLBL,4,22,10.0,364.5,3645.0,2025-01-01
2025010104007887,JOSHI,72,10,100.0,433.9,43390.0,2025-01-01
2025010101014692,RFPL,62,65,500.0,1075.0,537500.0,2025-01-01
2025010101014691,RFPL,62,62,38.0,1060.8,40310.4,2025-01-01
2025010101014690,ANLB,62,58,90.0,6090.0,548100.0,2025-01-01
2025010101014689,ANLB,62,54,19.0,5661.0,107559.0,2025-01-01
2025010101014688,ANLB,62,34,10.0,5661.0,56610.0,2025-01-01
2025010101014687,ANLB,62,14,11.0,5650.0,62150.0,2025-01-01
2025010101014686,ANLB,62,42,10.0,5624.0,56240.0,2025-01-01
2025010101014685,ANLB,62,34,11.0,5560.0,61160.0,2025-01-01
2025010101014684,ANLB,62,38,30.0,5551.0,166530.0,2025-01-01
2025010101014683,ANLB,62,58,10.0,5550.0,55500.0,2025-01-01
2025010105008226,HRL,29,39,28.0,793.0,22204.0,2025-01-01
2025010105008225,HRL,58,39,17.0,793.0,13481.0,2025-01-01
2025010105008224,HRL,57,39,125.0,793.0,99125.0,2025-01-01
2025010105008223,HRL,44,39,80.0,793.2,63456.0,2025-01-01
2025010101014682,MLBS,99,14,10.0,2050.0,20500.0,2025-01-01
2025010101014681,MLBS,99,4,10.0,2050.0,20500.0,2025-01-01
2025010101014680,MLBS,99,19,10.0,2026.7,20267.0,2025-01-01
2025010101014679,MHCL,14,72,20.0,517.8,10356.0,2025-01-01
2025010103012705,SFCL,46,71,10.0,602.0,6020.0,2025-01-01
2025010103012704,HLBSL,66,7,10.0,948.9,9489.0,2025-01-01
2025010103012703,SLBSL,72,67,10.0,1978.0,19780.0,2025-01-01
2025010103012702,SLBSL,72,22,38.0,1947.0,73986.0,2025-01-01
2025010103012701,SLBSL,72,51,100.0,1947.0,194700.0,2025-01-01
2025010103012700,SLBSL,72,67,10.0,1947.0,19470.0,2025-01-01
2025010103012699,SLBSL,72,63,40.0,1940.0,77600.0,2025-01-01
2025010103012698,SLBSL,72,58,10.0,1909.4,19094.0,2025-01-01
2025010103012697,SLBSL,72,39,10.0,1889.3,18893.0,2025-01-01
2025010103012696,SLBSL,72,29,100.0,1889.3,188930.0,2025-01-01
2025010103012695,SLBSL,72,29,700.0,1889.3,1322510.0,2025-01-01
2025010103012694,SLBSL,72,51,50.0,1889.3,94465.0,2025-01-01
2025010103012693,SLBSL,72,38,10.0,1889.3,18893.0,2025-01-01
2025010103012692,SLBSL,72,57,35.0,1889.3,66125.5,2025-01-01
2025010103012691,SLBSL,72,95,100.0,1889.2,188920.0,2025-01-01
2025010103012690,SLBSL,72,39,150.0,1889.0,283350.0,2025-01-01
2025010103012689,SLBSL,72,14,56.0,1889.0,105784.0,2025-01-01
2025010103012688,SLBSL,72,49,10.0,1889.0,18890.0,2025-01-01
2025010103012687,SLBSL,72,57,155.0,1887.0,292485.0,2025-01-01
2025010103012686,SLBSL,72,82,110.0,1887.0,207570.0,2025-01-01
2025010103012685,SLBSL,72,66,100.0,1887.0,188700.0,2025-01-01
2025010103012684,SLBSL,72,66,10.0,1887.0,18870.0,2025-01-01
2025010103012683,SLBSL,72,66,10.0,1887.0,18870.0,2025-01-01
2025010103012682,SLBSL,72,58,20.0,1887.0,37740.0,2025-01-01
2025010103012681,SLBSL,72,86,630.0,1887.0,1188810.0,2025-01-01
2025010103012680,SLBSL,72,29,300.0,1887.0,566100.0,2025-01-01
2025010103012679,SLBSL,72,58,20.0,1887.0,37740.0,2025-01-01
2025010103012678,SLBSL,72,10,20.0,1887.0,37740.0,2025-01-01
2025010103012677,SLBSL,72,49,20.0,1887.0,37740.0,2025-01-01
2025010103012676,SLBSL,72,57,50.0,1887.0,94350.0,2025-01-01
2025010101014678,MKHC,13,57,10.0,509.0,5090.0,2025-01-01
2025010104007886,SSHL,11,13,76.0,218.0,16568.0,2025-01-01
2025010104007885,SSHL,57,13,24.0,218.1,5234.4,2025-01-01
2025010104007884,SSHL,7,13,200.0,218.6,43720.0,2025-01-01
2025010104007883,HPPL,45,33,2309.0,399.0,921291.0,2025-01-01
2025010104007882,HPPL,45,58,700.0,399.0,279300.0,2025-01-01
2025010104007881,HPPL,45,42,376.0,398.0,149648.0,2025-01-01
2025010104007880,HPPL,45,42,100.0,398.0,39800.0,2025-01-01
2025010104007879,HPPL,45,57,10.0,398.0,3980.0,2025-01-01
2025010104007878,HPPL,45,19,290.0,398.0,115420.0,2025-01-01
2025010104007877,HPPL,45,26,385.0,397.8,153153.0,2025-01-01
2025010104007876,HPPL,45,5,500.0,396.0,198000.0,2025-01-01
2025010104007875,HPPL,45,8,50.0,395.0,19750.0,2025-01-01
2025010104007874,HPPL,45,81,170.0,395.0,67150.0,2025-01-01
2025010104007873,HPPL,45,51,70.0,394.9,27643.0,2025-01-01
2025010104007872,HPPL,45,48,40.0,394.0,15760.0,2025-01-01
2025010101014677,MHL,66,45,60.0,820.0,49200.0,2025-01-01
2025010101014676,MHL,4,45,40.0,823.0,32920.0,2025-01-01
2025010101014675,MHL,51,45,10.0,823.0,8230.0,2025-01-01
2025010101014674,MHL,67,45,100.0,823.1,82310.0,2025-01-01
2025010103012675,JFL,72,51,500.0,776.0,388000.0,2025-01-01
2025010104007871,RHPL,6,58,10.0,433.8,4338.0,2025-01-01
2025010104007870,RHPL,6,49,40.0,433.7,17348.0,2025-01-01
2025010101014673,SIKLES,17,22,10.0,812.0,8120.0,2025-01-01
2025010104007869,SPDL,70,88,11.0,320.0,3520.0,2025-01-01
2025010105008222,SMJC,49,41,10.0,510.0,5100.0,2025-01-01
2025010101014672,NYADI,64,64,10.0,450.0,4500.0,2025-01-01
2025010103012674,GILB,35,16,10.0,1172.0,11720.0,2025-01-01
2025010101014671,SPC,58,58,42.0,495.0,20790.0,2025-01-01
2025010101014670,SPC,58,58,10.0,495.0,4950.0,2025-01-01
2025010101014669,SPC,58,52,10.0,494.9,4949.0,2025-01-01
2025010101014668,SPC,58,57,38.0,489.0,18582.0,2025-01-01
2025010103012673,NFS,72,54,30.0,1032.9,30987.0,2025-01-01
2025010101014667,USHEC,38,36,90.0,593.0,53370.0,2025-01-01
2025010101014666,USHEC,38,72,110.0,593.0,65230.0,2025-01-01
2025010103012672,SAPDBL,69,34,10.0,871.9,8719.0,2025-01-01
2025010105008221,NRN,67,58,80.0,1045.0,83600.0,2025-01-01
2025010105008220,NRN,67,60,20.0,1044.9,20898.0,2025-01-01
2025010105008219,HATHY,22,57,15.0,1322.0,19830.0,2025-01-01
2025010103012671,LLBS,57,43,10.0,1116.9,11169.0,2025-01-01
2025010103012670,LLBS,57,21,10.0,1100.0,11000.0,2025-01-01
2025010101014665,GVL,57,45,10.0,481.4,4814.0,2025-01-01
2025010101014664,NYADI,19,64,10.0,450.0,4500.0,2025-01-01
2025010101014663,MLBS,13,19,20.0,2026.7,40534.0,2025-01-01
2025010101014662,MLBS,13,19,20.0,2026.8,40536.0,2025-01-01
2025010103012669,SJLIC,59,58,10.0,440.0,4400.0,2025-01-01
2025010103012668,MLBL,19,22,10.0,364.5,3645.0,2025-01-01
2025010105008218,NRM,34,59,10.0,424.9,4249.0,2025-01-01
2025010103012667,NUBL,34,34,10.0,680.0,6800.0,2025-01-01
2025010103012666,NUBL,34,60,130.0,679.0,88270.0,2025-01-01
2025010105008217,NRN,60,60,20.0,1044.9,20898.0,2025-01-01
2025010105008216,NRN,60,57,40.0,1043.0,41720.0,2025-01-01
2025010101014661,CYCL,60,80,11.0,1624.9,17873.9,2025-01-01
2025010104007868,UAIL,32,4,50.0,636.0,31800.0,2025-01-01
2025010104007867,UAIL,55,4,110.0,636.0,69960.0,2025-01-01
2025010101014660,RFPL,62,62,62.0,1060.8,65769.6,2025-01-01
2025010101014659,RFPL,62,85,40.0,1060.8,42432.0,2025-01-01
2025010101014658,RFPL,62,38,110.0,1060.8,116688.0,2025-01-01
2025010101014657,RFPL,62,39,50.0,1060.0,53000.0,2025-01-01
2025010101014656,RFPL,62,39,50.0,1060.0,53000.0,2025-01-01
2025010101014655,RFPL,62,52,10.0,1060.0,10600.0,2025-01-01
2025010101014654,RFPL,62,64,10.0,1055.0,10550.0,2025-01-01
2025010101014653,RFPL,62,41,70.0,1050.6,73542.0,2025-01-01
2025010101014652,RFPL,62,45,11.0,1050.6,11556.6,2025-01-01
2025010101014651,RFPL,62,55,10.0,1050.6,10506.0,2025-01-01
2025010101014650,RFPL,62,49,50.0,1050.6,52530.0,2025-01-01
2025010101014649,RFPL,62,19,50.0,1050.0,52500.0,2025-01-01
2025010101014648,RFPL,62,84,135.0,1050.0,141750.0,2025-01-01
2025010101014647,RFPL,62,45,150.0,1049.5,157425.0,2025-01-01
2025010101014646,RFPL,62,14,10.0,1048.6,10486.0,2025-01-01
2025010101014645,RFPL,62,41,10.0,1048.6,10486.0,2025-01-01
2025010101014644,RFPL,62,14,10.0,1048.6,10486.0,2025-01-01
2025010101014643,RFPL,62,51,10.0,1048.6,10486.0,2025-01-01
2025010101014642,RFPL,62,14,10.0,1048.6,10486.0,2025-01-01
2025010101014641,RFPL,62,32,10.0,1048.5,10485.0,2025-01-01
2025010101014640,RFPL,62,32,10.0,1048.5,10485.0,2025-01-01
2025010101014639,RFPL,62,22,10.0,1048.5,10485.0,2025-01-01
2025010101014638,RFPL,62,58,100.0,1048.5,104850.0,2025-01-01
2025010101014637,RFPL,62,49,50.0,1048.5,52425.0,2025-01-01
2025010101014636,RFPL,62,7,50.0,1048.0,52400.0,2025-01-01
2025010101014635,RFPL,62,70,10.0,1048.0,10480.0,2025-01-01
2025010101014634,RFPL,62,84,200.0,1048.0,209600.0,2025-01-01
2025010101014633,RFPL,62,52,70.0,1048.0,73360.0,2025-01-01
2025010101014632,RFPL,62,38,10.0,1048.0,10480.0,2025-01-01
2025010101014631,RFPL,62,45,10.0,1048.0,10480.0,2025-01-01
2025010101014630,RFPL,62,58,10.0,1047.0,10470.0,2025-01-01
2025010101014629,RFPL,62,57,10.0,1046.5,10465.0,2025-01-01
2025010101014628,RFPL,62,94,200.0,1046.5,209300.0,2025-01-01
2025010101014627,RFPL,62,34,100.0,1046.5,104650.0,2025-01-01
2025010101014626,RFPL,62,34,300.0,1046.0,313800.0,2025-01-01
2025010101014625,RFPL,62,57,10.0,1046.0,10460.0,2025-01-01
2025010101014624,RFPL,62,70,100.0,1046.0,104600.0,2025-01-01
2025010101014623,RFPL,62,34,10.0,1046.0,10460.0,2025-01-01
2025010101014622,RFPL,62,70,100.0,1046.0,104600.0,2025-01-01
2025010101014621,RFPL,62,10,10.0,1045.5,10455.0,2025-01-01
2025010101014620,RFPL,62,11,10.0,1045.5,10455.0,2025-01-01
2025010101014619,RFPL,62,6,10.0,1045.0,10450.0,2025-01-01
2025010101014618,RFPL,62,38,200.0,1045.0,209000.0,2025-01-01
2025010101014617,RFPL,62,36,10.0,1045.0,10450.0,2025-01-01
2025010101014616,RFPL,62,10,75.0,1045.0,78375.0,2025-01-01
2025010101014615,RFPL,62,58,10.0,1045.0,10450.0,2025-01-01
2025010101014614,RFPL,62,58,200.0,1045.0,209000.0,2025-01-01
2025010101014613,RFPL,62,38,10.0,1045.0,10450.0,2025-01-01
2025010101014612,RFPL,62,84,90.0,1043.0,93870.0,2025-01-01
2025010101014611,RFPL,62,58,10.0,1043.0,10430.0,2025-01-01
2025010101014610,RFPL,62,57,50.0,1043.0,52150.0,2025-01-01
2025010101014609,RFPL,62,38,10.0,1043.0,10430.0,2025-01-01
2025010101014608,RFPL,62,1,10.0,1042.0,10420.0,2025-01-01
2025010101014607,RFPL,62,49,10.0,1042.0,10420.0,2025-01-01
2025010101014606,RFPL,62,84,100.0,1041.0,104100.0,2025-01-01
2025010101014605,RFPL,62,59,10.0,1041.0,10410.0,2025-01-01
2025010101014604,RFPL,62,84,75.0,1041.0,78075.0,2025-01-01
2025010101014603,RFPL,62,22,10.0,1041.0,10410.0,2025-01-01
2025010101014602,RFPL,62,34,255.0,1040.2,265251.0,2025-01-01
2025010101014601,RFPL,62,38,10.0,1040.0,10400.0,2025-01-01
2025010101014600,RFPL,62,34,245.0,1040.0,254800.0,2025-01-01
2025010101014599,RFPL,62,22,10.0,1040.0,10400.0,2025-01-01
2025010101014598,RFPL,62,19,206.0,1040.0,214240.0,2025-01-01
2025010101014597,RFPL,62,44,46.0,1040.0,47840.0,2025-01-01
2025010101014596,RFPL,62,45,10.0,1040.0,10400.0,2025-01-01
2025010101014595,RFPL,62,42,10.0,1040.0,10400.0,2025-01-01
2025010101014594,RFPL,62,4,10.0,1038.0,10380.0,2025-01-01
2025010101014593,RFPL,62,38,10.0,1035.0,10350.0,2025-01-01
2025010101014592,RFPL,62,59,10.0,1035.0,10350.0,2025-01-01
2025010101014591,RFPL,62,26,10.0,1034.0,10340.0,2025-01-01
2025010101014590,RFPL,62,49,10.0,1030.0,10300.0,2025-01-01
2025010101014589,RFPL,62,56,10.0,1030.0,10300.0,2025-01-01
2025010101014588,RFPL,62,21,10.0,1029.0,10290.0,2025-01-01
2025010103012665,CORBL,71,69,12.0,1449.0,17388.0,2025-01-01
2025010103012664,CORBL,71,74,13.0,1448.0,18824.0,2025-01-01
2025010103012663,CORBL,71,38,13.0,1440.0,18720.0,2025-01-01
2025010103012662,CORBL,71,16,62.0,1440.0,89280.0,2025-01-01
2025010101014587,USHL,35,14,20.0,788.0,15760.0,2025-01-01
2025010103012661,NABBC,71,45,15.0,1010.0,15150.0,2025-01-01
2025010103012660,NABBC,71,19,997.0,1010.0,1006970.0,2025-01-01
2025010103012659,NABBC,71,87,88.0,1009.0,88792.0,2025-01-01
2025010103012658,NFS,72,41,20.0,1035.0,20700.0,2025-01-01
2025010103012657,NFS,72,17,30.0,1035.0,31050.0,2025-01-01
2025010103012656,NFS,72,8,190.0,1033.0,196270.0,2025-01-01
2025010103012655,NFS,72,1,20.0,1033.0,20660.0,2025-01-01
2025010103012654,NFS,72,42,300.0,1033.0,309900.0,2025-01-01
2025010103012653,NFS,72,34,100.0,1033.0,103300.0,2025-01-01
2025010103012652,NFS,72,53,36.0,1033.0,37188.0,2025-01-01
2025010104007866,AHPC,72,67,486.0,245.0,119070.0,2025-01-01
2025010104007865,AHPC,72,41,14.0,245.0,3430.0,2025-01-01
2025010101014586,MKJC,29,34,10.0,521.9,5219.0,2025-01-01
2025010103012651,MLBL,28,22,10.0,364.5,3645.0,2025-01-01
2025010104007864,AKJCL,53,45,10.0,194.0,1940.0,2025-01-01
2025010103012650,SLBSL,45,57,50.0,1887.0,94350.0,2025-01-01
2025010103012649,SLBSL,45,28,10.0,1887.0,18870.0,2025-01-01
2025010103012648,SLBSL,45,52,10.0,1887.0,18870.0,2025-01-01
2025010103012647,SLBSL,45,35,50.0,1881.9,94095.0,2025-01-01
2025010103012646,SLBSL,45,5,10.0,1881.9,18819.0,2025-01-01
2025010103012645,SLBSL,45,5,10.0,1880.0,18800.0,2025-01-01
2025010103012644,SLBSL,45,39,50.0,1879.8,93990.0,2025-01-01
2025010103012643,SLBSL,45,38,100.0,1878.0,187800.0,2025-01-01
2025010103012642,SLBSL,45,34,10.0,1877.8,18778.0,2025-01-01
2025010105008215,NIFRA,51,59,300.0,249.9,74970.0,2025-01-01
2025010103012641,JFL,72,45,3860.0,776.0,2995360.0,2025-01-01
2025010103012640,JFL,48,45,40.0,777.0,31080.0,2025-01-01
2025010104007863,AKPL,17,91,300.0,227.9,68370.0,2025-01-01
2025010104007862,AKPL,17,8,1700.0,227.8,387260.0,2025-01-01
2025010101014585,BEDC,41,81,415.0,714.0,296310.0,2025-01-01
2025010101014584,BEDC,41,48,585.0,714.0,417690.0,2025-01-01
2025010101014583,NYADI,64,64,10.0,450.0,4500.0,2025-01-01
2025010101014582,TVCL,74,35,20.0,608.3,12166.0,2025-01-01
2025010103012639,JFL,48,35,10.0,777.0,7770.0,2025-01-01
2025010101014581,SIKLES,49,22,10.0,812.0,8120.0,2025-01-01
2025010104007861,UNHPL,49,47,10.0,270.0,2700.0,2025-01-01
2025010105008214,NRN,22,57,10.0,1043.0,10430.0,2025-01-01
2025010103012638,MPFL,58,5,63.0,643.9,40565.7,2025-01-01
2025010103012637,MPFL,6,5,100.0,644.0,64400.0,2025-01-01
2025010105008213,NTC,11,29,10.0,949.9,9499.0,2025-01-01
2025010104007860,SPIL,44,72,10.0,794.4,7944.0,2025-01-01
2025010104007859,KPCL,44,21,10.0,522.0,5220.0,2025-01-01
2025010104007858,DHPL,34,58,26.0,292.4,7602.4,2025-01-01
2025010104007857,DHPL,34,33,30.0,291.9,8757.0,2025-01-01
2025010104007856,DHPL,34,38,84.0,290.0,24360.0,2025-01-01
2025010104007855,DHPL,34,8,10.0,288.0,2880.0,2025-01-01
2025010103012636,NABBC,17,87,12.0,1009.9,12118.8,2025-01-01
2025010104007854,SALICO,42,55,20.0,709.0,14180.0,2025-01-01
2025010101014580,PCBL,58,32,493.0,257.0,126701.0,2025-01-01
2025010104007853,SSHL,57,26,1676.0,218.1,365535.6,2025-01-01
2025010104007852,SSHL,26,26,300.0,218.2,65460.0,2025-01-01
2025010104007851,SSHL,58,26,500.0,218.2,109100.0,2025-01-01
2025010104007850,SSHL,39,26,1749.0,218.4,381981.6,2025-01-01
2025010104007849,SSHL,26,26,300.0,218.4,65520.0,2025-01-01
2025010104007848,SSHL,22,26,290.0,218.5,63365.0,2025-01-01
2025010104007847,SSHL,36,26,55.0,219.0,12045.0,2025-01-01
2025010104007846,SSHL,7,26,130.0,220.0,28600.0,2025-01-01
2025010101014579,KBSH,58,57,10.0,2470.0,24700.0,2025-01-01
2025010103012635,MLBBL,58,6,10.0,1573.0,15730.0,2025-01-01
2025010103012634,MLBBL,58,36,50.0,1573.0,78650.0,2025-01-01
2025010103012633,MLBBL,58,98,50.0,1572.0,78600.0,2025-01-01
2025010103012632,MLBBL,58,58,200.0,1570.0,314000.0,2025-01-01
2025010103012631,MLBBL,58,1,50.0,1560.1,78005.0,2025-01-01
2025010103012630,SMB,58,21,25.0,2905.9,72647.5,2025-01-01
2025010103012629,SMB,58,56,500.0,2905.9,1452950.0,2025-01-01
2025010103012628,SMB,58,58,10.0,2905.9,29059.0,2025-01-01
2025010103012627,SMB,58,64,500.0,2905.9,1452950.0,2025-01-01
2025010103012626,SMB,58,51,38.0,2905.9,110424.2,2025-01-01
2025010103012625,SMB,58,35,100.0,2905.9,290590.0,2025-01-01
2025010103012624,SMB,58,80,130.0,2905.9,377767.0,2025-01-01
2025010103012623,SMB,58,6,40.0,2905.9,116236.0,2025-01-01
2025010103012622,SMB,58,58,10.0,2905.9,29059.0,2025-01-01
2025010103012621,SMB,58,40,40.0,2905.9,116236.0,2025-01-01
2025010103012620,SMB,58,70,421.0,2905.9,1223383.9,2025-01-01
2025010101014578,SPL,39,33,10.0,978.0,9780.0,2025-01-01
2025010103012619,CORBL,71,16,38.0,1440.0,54720.0,2025-01-01
2025010103012618,CORBL,71,33,62.0,1440.0,89280.0,2025-01-01
2025010104007845,UAIL,55,17,65.0,636.0,41340.0,2025-01-01
2025010105008212,VLUCL,65,65,10.0,645.9,6459.0,2025-01-01
2025010101014577,NYADI,70,28,10.0,455.9,4559.0,2025-01-01
2025010101014576,NYADI,70,54,100.0,455.9,45590.0,2025-01-01
2025010101014575,NYADI,70,70,300.0,455.9,136770.0,2025-01-01
2025010101014574,NYADI,70,32,250.0,455.9,113975.0,2025-01-01
2025010101014573,NYADI,70,20,125.0,455.7,56962.5,2025-01-01
2025010101014572,NYADI,70,18,200.0,455.0,91000.0,2025-01-01
2025010101014571,NYADI,70,4,55.0,455.0,25025.0,2025-01-01
2025010101014570,NYADI,70,34,200.0,454.0,90800.0,2025-01-01
2025010101014569,NYADI,70,36,100.0,453.9,45390.0,2025-01-01
2025010101014568,NYADI,70,36,200.0,453.9,90780.0,2025-01-01
2025010101014567,NYADI,70,70,300.0,453.9,136170.0,2025-01-01
2025010101014566,NYADI,70,42,400.0,453.9,181560.0,2025-01-01
2025010101014565,NYADI,70,22,500.0,453.9,226950.0,2025-01-01
2025010101014564,NYADI,70,4,10.0,453.9,4539.0,2025-01-01
2025010101014563,NYADI,70,82,135.0,453.9,61276.5,2025-01-01
2025010101014562,NYADI,70,45,100.0,453.9,45390.0,2025-01-01
2025010101014561,NYADI,70,38,500.0,453.9,226950.0,2025-01-01
2025010101014560,NYADI,70,91,1000.0,453.9,453900.0,2025-01-01
2025010101014559,NYADI,70,35,30.0,453.9,13617.0,2025-01-01
2025010101014558,NYADI,70,53,700.0,453.8,317660.0,2025-01-01
2025010101014557,NYADI,70,16,500.0,453.8,226900.0,2025-01-01
2025010101014556,NYADI,70,45,150.0,453.0,67950.0,2025-01-01
2025010101014555,NYADI,70,35,1000.0,453.0,453000.0,2025-01-01
2025010101014554,NYADI,70,14,100.0,453.0,45300.0,2025-01-01
2025010101014553,NYADI,70,65,300.0,453.0,135900.0,2025-01-01
2025010101014552,NYADI,70,38,1000.0,453.0,453000.0,2025-01-01
2025010101014551,NYADI,70,34,1612.0,453.0,730236.0,2025-01-01
2025010101014550,NYADI,70,91,200.0,453.0,90600.0,2025-01-01
2025010101014549,NYADI,70,45,100.0,453.0,45300.0,2025-01-01
2025010101014548,NYADI,70,34,250.0,453.0,113250.0,2025-01-01
2025010101014547,NYADI,70,42,500.0,452.9,226450.0,2025-01-01
2025010101014546,NYADI,70,51,82.0,452.8,37129.6,2025-01-01
2025010101014545,NYADI,70,91,250.0,452.8,113200.0,2025-01-01
2025010101014544,NYADI,70,91,200.0,452.6,90520.0,2025-01-01
2025010101014543,NYADI,70,38,200.0,452.5,90500.0,2025-01-01
2025010101014542,NYADI,70,44,500.0,452.5,226250.0,2025-01-01
2025010101014541,NYADI,70,22,250.0,452.0,113000.0,2025-01-01
2025010101014540,NYADI,70,57,500.0,451.5,225750.0,2025-01-01
2025010101014539,NYADI,70,28,500.0,451.0,225500.0,2025-01-01
2025010101014538,NYADI,70,77,4840.0,451.0,2182840.0,2025-01-01
2025010101014537,NYADI,70,16,116.0,451.0,52316.0,2025-01-01
2025010101014536,NYADI,70,94,1000.0,451.0,451000.0,2025-01-01
2025010101014535,NYADI,70,28,1491.0,451.0,672441.0,2025-01-01
2025010101014534,NYADI,70,38,150.0,451.0,67650.0,2025-01-01
2025010101014533,NYADI,70,70,10.0,450.9,4509.0,2025-01-01
2025010101014532,NYADI,70,45,200.0,450.8,90160.0,2025-01-01
2025010101014531,NYADI,70,7,30.0,450.8,13524.0,2025-01-01
2025010101014530,NYADI,70,28,35.0,450.3,15760.5,2025-01-01
2025010101014529,RAWA,41,33,509.0,789.0,401601.0,2025-01-01
2025010101014528,RAWA,41,58,10.0,789.0,7890.0,2025-01-01
2025010101014527,RAWA,41,14,46.0,789.0,36294.0,2025-01-01
2025010101014526,RAWA,41,43,100.0,788.9,78890.0,2025-01-01
2025010101014525,RAWA,41,58,20.0,788.0,15760.0,2025-01-01
2025010101014524,RAWA,41,36,40.0,788.0,31520.0,2025-01-01
2025010101014523,RAWA,41,22,48.0,788.0,37824.0,2025-01-01
2025010101014522,RAWA,41,45,100.0,786.0,78600.0,2025-01-01
2025010101014521,RAWA,41,36,490.0,783.0,383670.0,2025-01-01
2025010101014520,RAWA,41,57,137.0,780.0,106860.0,2025-01-01
2025010101014519,RHGCL,52,17,10.0,532.0,5320.0,2025-01-01
2025010103012617,NABBC,38,19,20.0,1010.0,20200.0,2025-01-01
2025010101014518,SGHC,16,45,500.0,452.0,226000.0,2025-01-01
2025010101014517,RAWA,88,57,63.0,780.0,49140.0,2025-01-01
2025010101014516,RAWA,88,6,37.0,780.0,28860.0,2025-01-01
2025010103012616,PFL,88,39,100.0,538.0,53800.0,2025-01-01
2025010103012615,PFL,88,50,35.0,538.0,18830.0,2025-01-01
2025010101014515,CITY,74,45,10.0,866.0,8660.0,2025-01-01
2025010101014514,CITY,74,45,10.0,865.0,8650.0,2025-01-01
2025010103012614,HLI,50,94,643.0,443.3,285041.9,2025-01-01
2025010103012613,HLI,34,94,1000.0,443.5,443500.0,2025-01-01
2025010103012612,HLI,62,94,307.0,443.6,136185.2,2025-01-01
2025010103012611,HLI,18,94,50.0,444.0,22200.0,2025-01-01
2025010103012610,SHINE,57,58,60.0,405.0,24300.0,2025-01-01
2025010101014513,MLBS,13,57,10.0,2026.8,20268.0,2025-01-01
2025010105008211,MEL,55,58,500.0,311.8,155900.0,2025-01-01
2025010105008210,MEL,55,58,10.0,311.0,3110.0,2025-01-01
2025010105008209,MEL,55,58,10.0,311.0,3110.0,2025-01-01
2025010105008208,MEL,55,58,10.0,311.0,3110.0,2025-01-01
2025010105008207,MEL,55,34,10.0,311.0,3110.0,2025-01-01
2025010105008206,MEL,55,54,30.0,311.0,9330.0,2025-01-01
2025010105008205,MEL,55,5,100.0,310.2,31020.0,2025-01-01
2025010105008204,MEL,55,49,300.0,310.0,93000.0,2025-01-01
2025010105008203,MEL,55,7,10.0,310.0,3100.0,2025-01-01
2025010105008202,MEL,55,68,500.0,310.0,155000.0,2025-01-01
2025010105008201,MEL,55,34,10.0,310.0,3100.0,2025-01-01
2025010105008200,MEL,55,17,10.0,310.0,3100.0,2025-01-01
2025010105008199,MEL,55,58,10.0,310.0,3100.0,2025-01-01
2025010105008198,MEL,55,42,10.0,310.0,3100.0,2025-01-01
2025010105008197,MEL,55,25,10.0,310.0,3100.0,2025-01-01
2025010105008196,MEL,55,22,10.0,310.0,3100.0,2025-01-01
2025010105008195,MEL,55,33,20.0,309.8,6196.0,2025-01-01
2025010101014512,DORDI,50,21,10.0,511.0,5110.0,2025-01-01
2025010103012609,NADEP,34,37,35.0,945.0,33075.0,2025-01-01
2025010103012608,NADEP,34,50,25.0,944.9,23622.5,2025-01-01
2025010103012607,NADEP,34,34,10.0,943.0,9430.0,2025-01-01
2025010103012606,NADEP,34,50,10.0,941.9,9419.0,2025-01-01
2025010103012605,NADEP,34,21,10.0,941.8,9418.0,2025-01-01
2025010103012604,NADEP,34,26,10.0,940.0,9400.0,2025-01-01
2025010101014511,MEHL,34,38,30.0,447.0,13410.0,2025-01-01
2025010105008194,VLUCL,91,65,10.0,645.9,6459.0,2025-01-01
2025010105008193,NRIC,90,57,47.0,740.0,34780.0,2025-01-01
2025010105008192,NRIC,90,16,26.0,740.0,19240.0,2025-01-01
2025010105008191,NRIC,90,21,50.0,740.0,37000.0,2025-01-01
2025010105008190,NRIC,90,42,66.0,740.0,48840.0,2025-01-01
2025010105008189,NRIC,90,11,11.0,740.0,8140.0,2025-01-01
2025010104007844,IGI,55,61,20.0,568.2,11364.0,2025-01-01
2025010101014510,BGWT,42,94,10.0,962.0,9620.0,2025-01-01
2025010101014509,GVL,32,8,100.0,481.0,48100.0,2025-01-01
2025010101014508,GVL,32,8,100.0,481.0,48100.0,2025-01-01
2025010101014507,GVL,32,66,510.0,480.0,244800.0,2025-01-01
2025010103012603,ALBSL,58,42,10.0,804.0,8040.0,2025-01-01
2025010101014506,NYADI,56,28,465.0,450.3,209389.5,2025-01-01
2025010101014505,NYADI,56,21,20.0,450.0,9000.0,2025-01-01
2025010101014504,NYADI,56,35,50.0,450.0,22500.0,2025-01-01
2025010101014503,NYADI,56,57,200.0,450.0,90000.0,2025-01-01
2025010101014502,NYADI,56,21,100.0,450.0,45000.0,2025-01-01
2025010101014501,NYADI,56,35,180.0,450.0,81000.0,2025-01-01
2025010101014500,NYADI,56,52,40.0,450.0,18000.0,2025-01-01
2025010101014499,NYADI,56,38,500.0,450.0,225000.0,2025-01-01
2025010101014498,NYADI,56,38,500.0,450.0,225000.0,2025-01-01
2025010101014497,NYADI,56,52,30.0,450.0,13500.0,2025-01-01
2025010101014496,NYADI,56,45,500.0,450.0,225000.0,2025-01-01
2025010101014495,NYADI,56,59,10.0,449.4,4494.0,2025-01-01
2025010101014494,NYADI,56,7,150.0,448.8,67320.0,2025-01-01
2025010101014493,NYADI,56,57,30.0,448.8,13464.0,2025-01-01
2025010101014492,NYADI,56,58,50.0,448.8,22440.0,2025-01-01
2025010101014491,NYADI,56,16,40.0,448.7,17948.0,2025-01-01
2025010101014490,NYADI,56,19,100.0,448.0,44800.0,2025-01-01
2025010101014489,NYADI,56,52,40.0,448.0,17920.0,2025-01-01
2025010101014488,NYADI,56,38,500.0,448.0,224000.0,2025-01-01
2025010101014487,NYADI,56,38,10.0,448.0,4480.0,2025-01-01
2025010101014486,NYADI,56,94,1456.0,448.0,652288.0,2025-01-01
2025010101014485,NYADI,56,57,120.0,448.0,53760.0,2025-01-01
2025010101014484,NYADI,56,52,40.0,448.0,17920.0,2025-01-01
2025010101014483,NYADI,56,52,40.0,448.0,17920.0,2025-01-01
2025010101014482,NYADI,56,89,40.0,448.0,17920.0,2025-01-01
2025010101014481,NYADI,56,38,20.0,448.0,8960.0,2025-01-01
2025010101014480,NYADI,56,50,1000.0,448.0,448000.0,2025-01-01
2025010101014479,NYADI,56,56,100.0,448.0,44800.0,2025-01-01
2025010101014478,NYADI,56,22,500.0,447.9,223950.0,2025-01-01
2025010101014477,NYADI,56,53,400.0,447.9,179160.0,2025-01-01
2025010101014476,NYADI,56,38,117.0,447.8,52392.6,2025-01-01
2025010101014475,NYADI,56,45,200.0,447.0,89400.0,2025-01-01
2025010101014474,NYADI,56,48,100.0,447.0,44700.0,2025-01-01
2025010101014473,NYADI,56,57,40.0,447.0,17880.0,2025-01-01
2025010101014472,NYADI,56,52,20.0,447.0,8940.0,2025-01-01
2025010101014471,NYADI,56,74,500.0,447.0,223500.0,2025-01-01
2025010101014470,NYADI,56,42,172.0,446.9,76866.8,2025-01-01
2025010101014469,NYADI,56,35,200.0,446.0,89200.0,2025-01-01
2025010101014468,NYADI,56,28,100.0,445.0,44500.0,2025-01-01
2025010101014467,NYADI,56,54,100.0,445.0,44500.0,2025-01-01
2025010101014466,NYADI,56,45,52.0,445.0,23140.0,2025-01-01
2025010101014465,NYADI,56,49,238.0,445.0,105910.0,2025-01-01
2025010101014464,NYADI,56,65,100.0,444.0,44400.0,2025-01-01
2025010101014463,NYADI,56,45,100.0,444.0,44400.0,2025-01-01
2025010101014462,NYADI,56,14,140.0,444.0,62160.0,2025-01-01
2025010101014461,NYADI,56,26,30.0,443.0,13290.0,2025-01-01
2025010101014460,NYADI,56,59,20.0,442.0,8840.0,2025-01-01
2025010101014459,NYADI,56,33,540.0,442.0,238680.0,2025-01-01
2025010103012602,PFL,40,62,50.0,537.0,26850.0,2025-01-01
2025010103012601,SLBSL,66,95,92.0,1875.0,172500.0,2025-01-01
2025010103012600,SLBSL,66,45,209.0,1872.7,391394.3,2025-01-01
2025010103012599,SLBSL,66,38,14.0,1871.8,26205.2,2025-01-01
2025010103012598,SLBSL,66,95,11.0,1871.7,20588.7,2025-01-01
2025010103012597,SLBSL,66,45,14.0,1870.0,26180.0,2025-01-01
2025010103012596,SLBSL,66,57,100.0,1870.0,187000.0,2025-01-01
2025010103012595,SLBSL,66,38,10.0,1860.0,18600.0,2025-01-01
2025010103012594,SLBSL,66,34,10.0,1858.4,18584.0,2025-01-01
2025010103012593,SLBSL,66,34,40.0,1858.0,74320.0,2025-01-01
2025010101014458,ULHC,29,53,10.0,479.9,4799.0,2025-01-01
2025010105008188,HDL,51,59,15.0,1359.0,20385.0,2025-01-01
2025010101014457,NYADI,38,6,150.0,440.6,66090.0,2025-01-01
2025010103012592,SFCL,45,13,10.0,603.4,6034.0,2025-01-01
2025010101014456,SPC,45,57,10.0,489.0,4890.0,2025-01-01
2025010104007843,GHL,57,36,500.0,200.6,100300.0,2025-01-01
2025010103012591,PROFL,26,35,15.0,601.1,9016.5,2025-01-01
2025010104007842,UPPER,42,41,490.0,202.5,99225.0,2025-01-01
2025010104007841,UPCL,22,59,80.0,263.2,21056.0,2025-01-01
2025010104007840,RHPL,40,33,1600.0,431.0,689600.0,2025-01-01
2025010104007839,RHPL,58,33,400.0,431.1,172440.0,2025-01-01
2025010105008187,NTC,96,29,30.0,949.9,28497.0,2025-01-01
2025010105008186,CIT,65,25,50.0,2099.0,104950.0,2025-01-01
2025010101014455,KBL,32,16,200.0,213.7,42740.0,2025-01-01
2025010103012590,PFL,58,50,15.0,538.0,8070.0,2025-01-01
2025010103012589,PFL,58,25,185.0,538.0,99530.0,2025-01-01
2025010101014454,NESDO,57,58,20.0,2226.0,44520.0,2025-01-01
2025010101014453,PCBL,58,51,1507.0,257.0,387299.0,2025-01-01
2025010101014452,PCBL,55,51,200.0,257.1,51420.0,2025-01-01
2025010101014451,PCBL,17,51,120.0,257.5,30900.0,2025-01-01
2025010101014450,PCBL,36,51,173.0,257.7,44582.1,2025-01-01
2025010101014449,SBL,29,35,456.0,298.0,135888.0,2025-01-01
2025010101014448,SBL,29,42,157.0,298.0,46786.0,2025-01-01
2025010101014447,SBL,29,5,45.0,297.9,13405.5,2025-01-01
2025010101014446,SBL,29,58,542.0,296.0,160432.0,2025-01-01
2025010105008185,HIDCL,45,21,10.0,232.0,2320.0,2025-01-01
2025010103012588,NABBC,17,71,20.0,1009.5,20190.0,2025-01-01
2025010103012587,NABBC,17,14,50.0,1009.0,50450.0,2025-01-01
2025010103012586,NABBC,17,13,18.0,1000.0,18000.0,2025-01-01
2025010104007838,SALICO,35,55,40.0,709.0,28360.0,2025-01-01
2025010101014445,MLBS,22,19,15.0,2026.9,30403.5,2025-01-01
2025010104007837,RADHI,3,58,10.0,328.0,3280.0,2025-01-01
2025010103012585,GFCL,48,57,15.0,795.0,11925.0,2025-01-01
2025010103012584,GMFIL,63,11,100.0,513.0,51300.0,2025-01-01
2025010104007836,SSHL,7,50,200.0,220.0,44000.0,2025-01-01
2025010103012583,ICFC,46,34,25.0,648.0,16200.0,2025-01-01
2025010104007835,JOSHI,72,34,999.0,433.9,433466.1,2025-01-01
2025010104007834,JOSHI,48,52,20.0,434.0,8680.0,2025-01-01
2025010101014444,SNLI,42,17,10.0,617.0,6170.0,2025-01-01
2025010101014443,AHL,42,91,30.0,710.0,21300.0,2025-01-01
2025010101014442,AHL,42,51,80.0,707.0,56560.0,2025-01-01
2025010101014441,USHEC,38,39,260.0,590.0,153400.0,2025-01-01
2025010101014440,BEDC,58,48,405.0,714.0,289170.0,2025-01-01
2025010101014439,BEDC,58,42,95.0,713.5,67782.5,2025-01-01
2025010105008184,HDL,39,59,50.0,1359.0,67950.0,2025-01-01
2025010103012582,SHINE,58,58,600.0,405.0,243000.0,2025-01-01
2025010104007833,NIL,33,51,100.0,916.6,91660.0,2025-01-01
2025010105008183,NRM,45,51,30.0,424.0,12720.0,2025-01-01
2025010105008182,NRM,49,51,10.0,424.1,4241.0,2025-01-01
2025010105008181,NRM,45,51,10.0,424.1,4241.0,2025-01-01
2025010101014438,KBL,57,45,30.0,213.0,6390.0,2025-01-01
2025010101014437,MKHC,66,64,414.0,505.0,209070.0,2025-01-01
2025010101014436,MKHC,58,64,50.0,505.0,25250.0,2025-01-01
2025010101014435,MKHC,75,64,806.0,505.0,407030.0,2025-01-01
2025010101014434,MKHC,47,64,50.0,505.2,25260.0,2025-01-01
2025010101014433,MKHC,19,64,20.0,505.2,10104.0,2025-01-01
2025010101014432,MKHC,11,64,50.0,506.0,25300.0,2025-01-01
2025010101014431,MKHC,49,64,40.0,506.1,20244.0,2025-01-01
2025010101014430,MKHC,19,64,20.0,506.2,10124.0,2025-01-01
2025010101014429,MKHC,43,64,50.0,508.0,25400.0,2025-01-01
2025010101014428,NYADI,35,33,10.0,442.0,4420.0,2025-01-01
2025010101014427,ADBL,34,35,242.0,307.1,74318.2,2025-01-01
2025010101014426,SMHL,65,65,10.0,1287.0,12870.0,2025-01-01
2025010101014425,SMHL,65,65,10.0,1287.0,12870.0,2025-01-01
2025010101014424,SMHL,65,34,150.0,1275.0,191250.0,2025-01-01
2025010101014423,SMHL,65,34,10.0,1275.0,12750.0,2025-01-01
2025010101014422,SMHL,65,44,300.0,1275.0,382500.0,2025-01-01
2025010101014421,SMHL,65,62,197.0,1275.0,251175.0,2025-01-01
2025010101014420,SMHL,65,34,200.0,1275.0,255000.0,2025-01-01
2025010101014419,SMHL,65,58,10.0,1275.0,12750.0,2025-01-01
2025010101014418,SMHL,65,33,1000.0,1275.0,1275000.0,2025-01-01
2025010101014417,SMHL,65,47,800.0,1275.0,1020000.0,2025-01-01
2025010101014416,SMHL,65,46,10.0,1275.0,12750.0,2025-01-01
2025010101014415,SMHL,65,65,200.0,1272.9,254580.0,2025-01-01
2025010101014414,SMHL,65,20,100.0,1272.9,127290.0,2025-01-01
2025010101014413,SMHL,65,57,10.0,1272.9,12729.0,2025-01-01
2025010101014412,SMHL,65,66,50.0,1272.8,63640.0,2025-01-01
2025010101014411,SMHL,65,35,10.0,1272.0,12720.0,2025-01-01
2025010101014410,SMHL,65,71,100.0,1272.0,127200.0,2025-01-01
2025010101014409,SMHL,65,28,10.0,1272.0,12720.0,2025-01-01
2025010101014408,SMHL,65,49,40.0,1270.0,50800.0,2025-01-01
2025010101014407,SMHL,65,16,10.0,1270.0,12700.0,2025-01-01
2025010101014406,SMHL,65,66,100.0,1270.0,127000.0,2025-01-01
2025010101014405,SMHL,65,57,300.0,1270.0,381000.0,2025-01-01
2025010101014404,SMHL,65,43,155.0,1270.0,196850.0,2025-01-01
2025010101014403,SMHL,65,34,20.0,1270.0,25400.0,2025-01-01
2025010101014402,SMHL,65,56,10.0,1270.0,12700.0,2025-01-01
2025010101014401,SMHL,65,26,10.0,1270.0,12700.0,2025-01-01
2025010101014400,SMHL,65,3,300.0,1270.0,381000.0,2025-01-01
2025010101014399,SMHL,65,25,40.0,1270.0,50800.0,2025-01-01
2025010101014398,SMHL,65,57,200.0,1270.0,254000.0,2025-01-01
2025010101014397,SMHL,65,48,10.0,1270.0,12700.0,2025-01-01
2025010101014396,SMHL,65,49,10.0,1270.0,12700.0,2025-01-01
2025010101014395,SMHL,65,21,100.0,1270.0,127000.0,2025-01-01
2025010101014394,SMHL,65,21,100.0,1270.0,127000.0,2025-01-01
2025010101014393,SMHL,65,21,50.0,1270.0,63500.0,2025-01-01
2025010101014392,SMHL,65,21,50.0,1270.0,63500.0,2025-01-01
2025010101014391,SMHL,65,21,50.0,1270.0,63500.0,2025-01-01
2025010101014390,SMHL,65,71,100.0,1270.0,127000.0,2025-01-01
2025010101014389,SMHL,65,59,10.0,1270.0,12700.0,2025-01-01
2025010101014388,SMHL,65,57,10.0,1270.0,12700.0,2025-01-01
2025010101014387,SMHL,65,38,50.0,1270.0,63500.0,2025-01-01
2025010101014386,SMHL,65,49,400.0,1270.0,508000.0,2025-01-01
2025010101014385,SMHL,65,6,10.0,1270.0,12700.0,2025-01-01
2025010101014384,SMHL,65,57,10.0,1270.0,12700.0,2025-01-01
2025010101014383,SMHL,65,57,100.0,1270.0,127000.0,2025-01-01
2025010101014382,SMHL,65,57,100.0,1270.0,127000.0,2025-01-01
2025010101014381,SMHL,65,48,10.0,1269.0,12690.0,2025-01-01
2025010101014380,SMHL,65,11,10.0,1268.8,12688.0,2025-01-01
2025010101014379,SMHL,65,7,10.0,1266.9,12669.0,2025-01-01
2025010101014378,SMHL,65,58,182.0,1266.9,230575.8,2025-01-01
2025010101014377,SMHL,65,51,10.0,1266.9,12669.0,2025-01-01
2025010101014376,SMHL,65,91,10.0,1266.9,12669.0,2025-01-01
2025010101014375,SMHL,65,20,300.0,1266.0,379800.0,2025-01-01
2025010101014374,SMHL,65,58,10.0,1266.0,12660.0,2025-01-01
2025010101014373,SMHL,65,41,10.0,1265.0,12650.0,2025-01-01
2025010101014372,SMHL,65,51,10.0,1265.0,12650.0,2025-01-01
2025010101014371,SMHL,65,28,100.0,1265.0,126500.0,2025-01-01
2025010101014370,SMHL,65,22,10.0,1265.0,12650.0,2025-01-01
2025010101014369,SMHL,65,22,10.0,1262.0,12620.0,2025-01-01
2025010101014368,SMHL,65,65,500.0,1260.0,630000.0,2025-01-01
2025010101014367,SMHL,65,52,10.0,1260.0,12600.0,2025-01-01
2025010101014366,SMHL,65,52,10.0,1255.0,12550.0,2025-01-01
2025010101014365,SMHL,65,49,10.0,1255.0,12550.0,2025-01-01
2025010101014364,SMHL,65,71,100.0,1251.0,125100.0,2025-01-01
2025010101014363,SMHL,65,58,10.0,1251.0,12510.0,2025-01-01
2025010101014362,SMHL,65,58,30.0,1250.0,37500.0,2025-01-01
2025010101014361,SMHL,65,41,10.0,1250.0,12500.0,2025-01-01
2025010101014360,SMHL,65,4,10.0,1250.0,12500.0,2025-01-01
2025010101014359,SMHL,65,36,60.0,1250.0,75000.0,2025-01-01
2025010101014358,SMHL,65,7,10.0,1248.0,12480.0,2025-01-01
2025010101014357,SMHL,65,65,10.0,1246.0,12460.0,2025-01-01
2025010104007832,UMRH,69,34,10.0,606.0,6060.0,2025-01-01
2025010101014356,NWCL,57,67,100.0,926.1,92610.0,2025-01-01
2025010101014355,NWCL,1,67,10.0,927.0,9270.0,2025-01-01
2025010101014354,NWCL,4,67,10.0,927.0,9270.0,2025-01-01
2025010101014353,NWCL,56,67,20.0,927.1,18542.0,2025-01-01
2025010101014352,SCB,33,7,60.0,669.9,40194.0,2025-01-01
2025010101014351,PRVU,57,38,800.0,230.0,184000.0,2025-01-01
2025010101014350,PRVU,57,59,200.0,229.5,45900.0,2025-01-01
2025010101014349,SMHL,65,90,100.0,1245.1,124510.0,2025-01-01
2025010101014348,NABIL,56,14,20.0,501.4,10028.0,2025-01-01
2025010103012581,NLICL,62,21,40.0,573.0,22920.0,2025-01-01
2025010104007831,SSHL,10,19,10.0,220.8,2208.0,2025-01-01
2025010105008180,SHIVM,25,6,58.0,510.0,29580.0,2025-01-01
2025010105008179,SHIVM,32,6,442.0,510.0,225420.0,2025-01-01
2025010104007830,RHPL,58,45,100.0,431.1,43110.0,2025-01-01
2025010105008178,GIBF1,17,46,100.0,9.98,998.0,2025-01-01
2025010104007829,UPCL,35,41,12.0,264.7,3176.4,2025-01-01
2025010104007828,UPCL,35,17,98.0,264.0,25872.0,2025-01-01
2025010101014347,SGHC,16,45,110.0,452.0,49720.0,2025-01-01
2025010101014346,SGHC,16,16,770.0,452.0,348040.0,2025-01-01
2025010101014345,SGHC,16,40,10.0,451.9,4519.0,2025-01-01
2025010101014344,SGHC,16,34,100.0,451.5,45150.0,2025-01-01
2025010101014343,SGHC,16,57,10.0,451.4,4514.0,2025-01-01
2025010101014342,NBL,25,16,200.0,267.1,53420.0,2025-01-01
2025010101014341,HBL,22,59,10.0,238.9,2389.0,2025-01-01
2025010101014340,NICA,88,44,109.0,383.6,41812.4,2025-01-01
2025010101014339,NICA,88,62,20.0,383.4,7668.0,2025-01-01
2025010104007827,KKHC,58,55,50.0,361.0,18050.0,2025-01-01
2025010104007826,KKHC,22,55,200.0,361.0,72200.0,2025-01-01
2025010103012580,GFCL,48,49,30.0,795.0,23850.0,2025-01-01
2025010103012579,GFCL,48,25,37.0,795.0,29415.0,2025-01-01
2025010105008177,ILI,57,46,10.0,467.0,4670.0,2025-01-01
2025010104007825,AKPL,42,8,300.0,227.8,68340.0,2025-01-01
2025010104007824,CGH,42,42,70.0,884.0,61880.0,2025-01-01
2025010104007823,CGH,49,42,226.0,884.0,199784.0,2025-01-01
2025010101014338,PRVU,39,32,500.0,229.0,114500.0,2025-01-01
2025010101014337,CKHL,62,42,60.0,723.9,43434.0,2025-01-01
2025010101014336,CKHL,62,45,65.0,722.0,46930.0,2025-01-01
2025010101014335,CKHL,62,21,15.0,722.0,10830.0,2025-01-01
2025010101014334,PRVU,39,36,290.0,229.0,66410.0,2025-01-01
2025010101014333,PRVU,39,59,35.0,228.6,8001.0,2025-01-01
2025010104007822,TRH,66,40,100.0,1069.9,106990.0,2025-01-01
2025010103012578,JFL,72,58,500.0,776.0,388000.0,2025-01-01
2025010103012577,JFL,38,58,100.0,777.3,77730.0,2025-01-01
2025010101014332,MHCL,95,72,300.0,517.8,155340.0,2025-01-01
2025010101014331,MCHL,58,6,10.0,603.0,6030.0,2025-01-01
2025010104007821,AHPC,72,41,10.0,245.0,2450.0,2025-01-01
2025010101014330,MSHL,61,53,20.0,917.0,18340.0,2025-01-01
2025010104007820,SPIL,22,16,10.0,785.2,7852.0,2025-01-01
2025010101014329,NWCL,22,49,15.0,929.0,13935.0,2025-01-01
2025010104007819,JOSHI,72,74,70.0,433.9,30373.0,2025-01-01
2025010104007818,MHNL,19,42,10.0,248.5,2485.0,2025-01-01
2025010103012576,VLBS,45,86,10.0,849.0,8490.0,2025-01-01
2025010104007817,AHPC,44,41,100.0,245.0,24500.0,2025-01-01
2025010103012575,GMFBS,57,57,20.0,1749.0,34980.0,2025-01-01
2025010105008176,HRL,80,45,10.0,794.0,7940.0,2025-01-01
2025010103012574,MDB,34,32,10.0,619.9,6199.0,2025-01-01
2025010105008175,HRL,44,42,110.0,793.2,87252.0,2025-01-01
2025010101014328,SBL,34,58,149.0,296.0,44104.0,2025-01-01
2025010101014327,SBL,65,58,10.0,296.0,2960.0,2025-01-01
2025010101014326,SBL,45,58,30.0,296.0,8880.0,2025-01-01
2025010101014325,SBL,25,58,10.0,296.0,2960.0,2025-01-01
2025010101014324,SBL,34,58,30.0,296.0,8880.0,2025-01-01
2025010101014323,SBL,44,58,400.0,296.0,118400.0,2025-01-01
2025010101014322,SBL,1,58,200.0,296.1,59220.0,2025-01-01
2025010101014321,SBL,45,58,200.0,296.1,59220.0,2025-01-01
2025010101014320,SBL,40,58,100.0,296.2,29620.0,2025-01-01
2025010101014319,SPHL,58,34,100.0,780.0,78000.0,2025-01-01
2025010103012573,NFS,72,58,1500.0,1032.9,1549350.0,2025-01-01
2025010101014318,RFPL,21,28,10.0,1026.0,10260.0,2025-01-01
2025010104007816,PRIN,16,6,112.0,960.0,107520.0,2025-01-01
2025010105008174,GCIL,52,54,10.0,483.0,4830.0,2025-01-01
2025010104007815,RHPL,38,49,10.0,433.7,4337.0,2025-01-01
2025010104007814,RHPL,38,28,40.0,432.0,17280.0,2025-01-01
2025010103012572,GBBL,53,16,22.0,396.2,8716.4,2025-01-01
2025010103012571,GBBL,32,16,30.0,396.2,11886.0,2025-01-01
2025010103012570,SHINE,59,58,500.0,405.0,202500.0,2025-01-01
2025010104007813,GHL,49,36,200.0,201.0,40200.0,2025-01-01
2025010101014317,SNLI,38,49,12.0,615.0,7380.0,2025-01-01
2025010103012569,NMFBS,49,26,10.0,1238.0,12380.0,2025-01-01
2025010103012568,SAPDBL,88,43,53.0,870.0,46110.0,2025-01-01
2025010103012567,SAPDBL,88,4,50.0,870.0,43500.0,2025-01-01
2025010103012566,SAPDBL,88,45,14.0,870.0,12180.0,2025-01-01
2025010103012565,SAPDBL,88,45,14.0,870.0,12180.0,2025-01-01
2025010103012564,SAPDBL,88,94,220.0,870.0,191400.0,2025-01-01
2025010103012563,SAPDBL,88,49,110.0,870.0,95700.0,2025-01-01
2025010103012562,SAPDBL,88,39,100.0,869.0,86900.0,2025-01-01
2025010103012561,SAPDBL,88,60,250.0,868.9,217225.0,2025-01-01
2025010103012560,SAPDBL,88,14,10.0,868.0,8680.0,2025-01-01
2025010103012559,NFS,72,44,25.0,1032.9,25822.5,2025-01-01
2025010101014316,BHDC,44,57,30.0,629.0,18870.0,2025-01-01
2025010103012558,PFL,5,25,25.0,538.0,13450.0,2025-01-01
2025010105008173,NTC,7,6,90.0,950.0,85500.0,2025-01-01
2025010101014315,IHL,60,21,10.0,644.0,6440.0,2025-01-01
2025010101014314,ULBSL,62,25,16.0,4217.0,67472.0,2025-01-01
2025010104007812,GHL,46,36,317.0,201.0,63717.0,2025-01-01
2025010104007811,GHL,46,43,333.0,201.0,66933.0,2025-01-01
2025010103012557,GFCL,4,25,10.0,795.0,7950.0,2025-01-01
2025010101014313,SMHL,65,32,55.0,1245.1,68480.5,2025-01-01
2025010101014312,SMHL,65,32,245.0,1245.1,305049.5,2025-01-01
2025010103012556,NFS,72,39,100.0,1032.9,103290.0,2025-01-01
2025010103012555,SLBSL,80,66,100.0,1842.0,184200.0,2025-01-01
2025010103012554,USLB,38,10,220.0,1526.1,335742.0,2025-01-01
2025010101014311,TVCL,74,10,100.0,608.3,60830.0,2025-01-01
2025010104007810,RADHI,45,6,250.0,326.0,81500.0,2025-01-01
2025010104007809,RADHI,36,6,500.0,326.0,163000.0,2025-01-01
2025010104007808,RADHI,39,6,100.0,327.0,32700.0,2025-01-01
2025010104007807,RADHI,55,6,50.0,327.0,16350.0,2025-01-01
2025010104007806,RADHI,38,6,100.0,327.0,32700.0,2025-01-01
2025010104007805,GHL,41,43,100.0,201.0,20100.0,2025-01-01
2025010101014310,PPL,65,34,100.0,523.0,52300.0,2025-01-01
2025010101014309,PPL,65,42,30.0,523.0,15690.0,2025-01-01
2025010101014308,PPL,65,57,10.0,522.2,5222.0,2025-01-01
2025010105008172,NTC,45,6,10.0,950.0,9500.0,2025-01-01
2025010104007804,UMRH,69,34,30.0,606.0,18180.0,2025-01-01
2025010104007803,UMRH,69,32,100.0,605.9,60590.0,2025-01-01
2025010103012553,JFL,38,91,400.0,776.2,310480.0,2025-01-01
2025010104007802,PRIN,16,4,100.0,960.0,96000.0,2025-01-01
2025010104007801,PRIN,16,25,21.0,959.0,20139.0,2025-01-01
2025010104007800,PRIN,16,53,150.0,957.0,143550.0,2025-01-01
2025010104007799,PRIN,16,17,500.0,957.0,478500.0,2025-01-01
2025010104007798,PRIN,16,14,39.0,956.9,37319.1,2025-01-01
2025010103012552,NFS,72,20,200.0,1032.9,206580.0,2025-01-01
2025010101014307,SPC,32,57,52.0,489.0,25428.0,2025-01-01
2025010104007797,BPCL,7,58,10.0,388.0,3880.0,2025-01-01
2025010104007796,BPCL,7,57,50.0,388.0,19400.0,2025-01-01
2025010104007795,BPCL,7,32,20.0,388.0,7760.0,2025-01-01
2025010104007794,BPCL,7,34,20.0,387.0,7740.0,2025-01-01
2025010104007793,SHPC,6,55,20.0,444.0,8880.0,2025-01-01
2025010101014306,NBL,25,55,100.0,267.1,26710.0,2025-01-01
2025010105008171,CHDC,50,14,10.0,1580.0,15800.0,2025-01-01
2025010105008170,CHDC,50,34,30.0,1574.0,47220.0,2025-01-01
2025010104007792,LEC,26,42,50.0,197.9,9895.0,2025-01-01
2025010101014305,MBL,58,34,180.0,234.9,42282.0,2025-01-01
2025010103012551,LBBL,59,91,50.0,471.9,23595.0,2025-01-01
2025010105008169,SHIVM,32,22,140.0,510.0,71400.0,2025-01-01
2025010105008168,SHIVM,3,22,10.0,510.2,5102.0,2025-01-01
2025010103012550,JBBL,96,48,10.0,357.5,3575.0,2025-01-01
2025010103012549,JBBL,96,54,31.0,357.5,11082.5,2025-01-01
2025010103012548,JBBL,96,21,206.0,357.0,73542.0,2025-01-01
2025010103012547,JBBL,96,28,300.0,355.0,106500.0,2025-01-01
2025010103012546,JBBL,96,34,200.0,355.0,71000.0,2025-01-01
2025010103012545,JBBL,96,43,400.0,355.0,142000.0,2025-01-01
2025010103012544,JBBL,96,43,200.0,355.0,71000.0,2025-01-01
2025010103012543,JBBL,96,38,81.0,355.0,28755.0,2025-01-01
2025010103012542,NFS,72,94,50.0,1032.9,51645.0,2025-01-01
2025010101014304,MSHL,61,44,30.0,917.0,27510.0,2025-01-01
2025010103012541,NFS,72,55,60.0,1032.9,61974.0,2025-01-01
2025010101014303,SCB,34,7,170.0,669.9,113883.0,2025-01-01
2025010104007791,HURJA,4,53,60.0,221.0,13260.0,2025-01-01
2025010103012540,GUFL,42,22,50.0,652.5,32625.0,2025-01-01
2025010103012539,NFS,72,25,50.0,1032.0,51600.0,2025-01-01
2025010103012538,NFS,72,47,30.0,1031.8,30954.0,2025-01-01
2025010103012537,NFS,72,35,15.0,1030.0,15450.0,2025-01-01
2025010103012536,NFS,72,38,50.0,1030.0,51500.0,2025-01-01
2025010103012535,NFS,72,57,10.0,1030.0,10300.0,2025-01-01
2025010103012534,NFS,72,46,20.0,1030.0,20600.0,2025-01-01
2025010103012533,NFS,72,34,10.0,1030.0,10300.0,2025-01-01
2025010103012532,NFS,72,21,200.0,1030.0,206000.0,2025-01-01
2025010103012531,NFS,72,58,20.0,1030.0,20600.0,2025-01-01
2025010103012530,NFS,72,45,20.0,1030.0,20600.0,2025-01-01
2025010103012529,NFS,72,29,20.0,1030.0,20600.0,2025-01-01
2025010103012528,NFS,72,34,10.0,1030.0,10300.0,2025-01-01
2025010103012527,NFS,72,32,50.0,1030.0,51500.0,2025-01-01
2025010103012526,NFS,72,49,100.0,1030.0,103000.0,2025-01-01
2025010103012525,NFS,72,26,100.0,1030.0,103000.0,2025-01-01
2025010103012524,NFS,72,43,20.0,1030.0,20600.0,2025-01-01
2025010103012523,NFS,72,14,10.0,1029.9,10299.0,2025-01-01
2025010103012522,NFS,72,34,10.0,1029.1,10291.0,2025-01-01
2025010103012521,NFS,72,51,150.0,1029.0,154350.0,2025-01-01
2025010103012520,ALBSL,58,42,10.0,804.0,8040.0,2025-01-01
2025010104007790,GHL,58,43,150.0,201.0,30150.0,2025-01-01
2025010105008167,NRM,45,58,10.0,424.1,4241.0,2025-01-01
2025010104007789,HDHPC,51,17,10.0,195.0,1950.0,2025-01-01
2025010101014302,SMHL,65,29,10.0,1245.1,12451.0,2025-01-01
2025010101014301,EBL,1,17,100.0,580.0,58000.0,2025-01-01
2025010101014300,EBL,49,17,172.0,580.0,99760.0,2025-01-01
2025010101014299,EBL,52,17,10.0,580.0,5800.0,2025-01-01
2025010101014298,EBL,39,17,138.0,580.0,80040.0,2025-01-01
2025010103012519,SAPDBL,87,41,28.0,860.0,24080.0,2025-01-01
2025010103012518,SAPDBL,58,41,35.0,861.0,30135.0,2025-01-01
2025010103012517,SAPDBL,58,41,37.0,861.0,31857.0,2025-01-01
2025010105008166,PHCL,59,87,10.0,517.0,5170.0,2025-01-01
2025010105008165,NRM,45,16,30.0,424.1,12723.0,2025-01-01
2025010103012516,SJLIC,59,21,10.0,440.0,4400.0,2025-01-01
2025010103012515,SJLIC,59,3,80.0,440.0,35200.0,2025-01-01
2025010101014297,DLBS,49,22,10.0,1670.0,16700.0,2025-01-01
2025010101014296,SPC,49,26,64.0,490.0,31360.0,2025-01-01
2025010104007788,GLH,33,40,355.0,231.0,82005.0,2025-01-01
2025010104007787,GLH,33,98,145.0,231.0,33495.0,2025-01-01
2025010103012514,MLBBL,58,49,10.0,1560.0,15600.0,2025-01-01
2025010101014295,SBI,86,19,90.0,420.1,37809.0,2025-01-01
2025010101014294,USHEC,86,72,50.0,593.0,29650.0,2025-01-01
2025010103012513,MFIL,77,57,29.0,648.0,18792.0,2025-01-01
2025010103012512,MFIL,77,22,15.0,646.0,9690.0,2025-01-01
2025010105008164,NRN,50,28,10.0,1044.0,10440.0,2025-01-01
2025010105008163,SFMF,58,4,200.0,10.01,2002.0,2025-01-01
2025010105008162,SFMF,13,4,5000.0,10.01,50050.0,2025-01-01
2025010105008161,SFMF,14,4,2000.0,10.01,20020.0,2025-01-01
2025010103012511,SKBBL,42,6,30.0,810.0,24300.0,2025-01-01
2025010104007786,SSHL,7,62,40.0,220.0,8800.0,2025-01-01
2025010103012510,SMB,58,70,30.0,2905.9,87177.0,2025-01-01
2025010104007785,KPCL,42,17,10.0,521.0,5210.0,2025-01-01
2025010101014293,MKJC,35,34,10.0,521.9,5219.0,2025-01-01
2025010104007784,GLH,54,98,15.0,231.0,3465.0,2025-01-01
2025010101014292,SARBTM,57,38,32.0,710.0,22720.0,2025-01-01
2025010101014291,SARBTM,65,38,50.0,710.1,35505.0,2025-01-01
2025010101014290,SARBTM,57,38,118.0,711.0,83898.0,2025-01-01
2025010103012509,GFCL,1,49,75.0,794.9,59617.5,2025-01-01
2025010101014289,ULHC,57,53,10.0,479.9,4799.0,2025-01-01
2025010101014288,PRVU,42,57,50.0,228.0,11400.0,2025-01-01
2025010101014287,PRVU,48,57,140.0,228.3,31962.0,2025-01-01
2025010101014286,CITY,77,49,10.0,865.0,8650.0,2025-01-01
2025010101014285,CITY,77,58,10.0,865.0,8650.0,2025-01-01
2025010101014284,CITY,77,13,10.0,863.0,8630.0,2025-01-01
2025010101014283,CITY,77,41,10.0,863.0,8630.0,2025-01-01
2025010101014282,CITY,77,13,10.0,860.0,8600.0,2025-01-01
2025010103012508,NFS,72,43,300.0,1028.9,308670.0,2025-01-01
2025010104007783,DHPL,49,8,10.0,288.0,2880.0,2025-01-01
2025010104007782,DHPL,49,8,10.0,289.0,2890.0,2025-01-01
2025010105008160,CLI,18,18,200.0,675.1,135020.0,2025-01-01
2025010103012507,ALICL,58,66,115.0,705.0,81075.0,2025-01-01
2025010101014281,HHL,100,56,75.0,491.0,36825.0,2025-01-01
2025010101014280,HHL,6,56,50.0,491.1,24555.0,2025-01-01
2025010105008159,CIT,65,58,50.0,2099.0,104950.0,2025-01-01
2025010101014279,NYADI,35,33,10.0,442.0,4420.0,2025-01-01
2025010105008158,RNLI,85,85,20.0,494.8,9896.0,2025-01-01
2025010104007781,UMRH,69,32,10.0,605.9,6059.0,2025-01-01
2025010105008157,ILI,57,38,10.0,467.0,4670.0,2025-01-01
2025010104007780,HDHPC,22,17,40.0,195.0,7800.0,2025-01-01
2025010104007779,PPCL,22,32,110.0,273.3,30063.0,2025-01-01
2025010104007778,HPPL,21,48,10.0,394.0,3940.0,2025-01-01
2025010104007777,HURJA,44,49,616.0,220.2,135643.2,2025-01-01
2025010104007776,HURJA,13,49,55.0,220.4,12122.0,2025-01-01
2025010104007775,HURJA,53,49,662.0,220.6,146037.2,2025-01-01
2025010103012506,MLBL,52,44,34.0,361.0,12274.0,2025-01-01
2025010103012505,MLBL,57,44,87.0,361.0,31407.0,2025-01-01
2025010101014278,PCBL,57,4,100.0,257.8,25780.0,2025-01-01
2025010103012504,NFS,87,14,10.0,1029.0,10290.0,2025-01-01
2025010101014277,CYCL,60,51,10.0,1625.0,16250.0,2025-01-01
2025010101014276,MKJC,29,34,10.0,521.9,5219.0,2025-01-01
2025010101014275,UNLB,36,68,10.0,2488.0,24880.0,2025-01-01
2025010101014274,NYADI,56,33,200.0,442.0,88400.0,2025-01-01
2025010104007774,KKHC,56,8,72.0,362.0,26064.0,2025-01-01
2025010101014273,SARBTM,57,58,22.0,711.0,15642.0,2025-01-01
2025010103012503,MDB,45,48,89.0,619.0,55091.0,2025-01-01
2025010104007773,UPPER,45,25,10.0,202.9,2029.0,2025-01-01
2025010103012502,GFCL,1,45,75.0,794.9,59617.5,2025-01-01
2025010104007772,UMRH,69,32,10.0,605.9,6059.0,2025-01-01
2025010101014272,UNLB,74,21,35.0,2460.0,86100.0,2025-01-01
2025010101014271,UNLB,47,21,40.0,2460.1,98404.0,2025-01-01
2025010101014270,UNLB,74,21,25.0,2460.2,61505.0,2025-01-01
2025010103012501,KSBBL,36,17,218.0,430.0,93740.0,2025-01-01
2025010103012500,KSBBL,36,35,52.0,429.9,22354.8,2025-01-01
2025010103012499,KSBBL,36,32,30.0,429.9,12897.0,2025-01-01
2025010101014269,MCHL,55,32,10.0,597.0,5970.0,2025-01-01
2025010103012498,NFS,72,43,300.0,1028.9,308670.0,2025-01-01
2025010101014268,IHL,26,21,10.0,644.0,6440.0,2025-01-01
2025010103012497,SADBL,45,42,150.0,380.0,57000.0,2025-01-01
2025010104007771,NHPC,13,16,210.0,208.8,43848.0,2025-01-01
2025010103012496,NFS,72,58,25.0,1028.9,25722.5,2025-01-01
2025010104007770,HURJA,45,53,100.0,221.0,22100.0,2025-01-01
2025010104007769,DHPL,49,38,10.0,290.0,2900.0,2025-01-01
2025010105008156,HIDCL,42,22,11.0,231.0,2541.0,2025-01-01
2025010105008155,HIDCL,60,22,89.0,231.0,20559.0,2025-01-01
2025010105008154,SONA,83,54,10.0,450.0,4500.0,2025-01-01
2025010105008153,SONA,83,50,10.0,450.0,4500.0,2025-01-01
2025010105008152,SONA,83,38,10.0,450.0,4500.0,2025-01-01
2025010105008151,SONA,83,16,10.0,450.0,4500.0,2025-01-01
2025010105008150,SONA,83,29,10.0,450.0,4500.0,2025-01-01
2025010105008149,SONA,83,7,10.0,450.0,4500.0,2025-01-01
2025010105008148,SONA,83,58,10.0,450.0,4500.0,2025-01-01
2025010105008147,SONA,83,47,10.0,450.0,4500.0,2025-01-01
2025010105008146,SONA,83,17,20.0,450.0,9000.0,2025-01-01
2025010105008145,SONA,83,91,200.0,449.5,89900.0,2025-01-01
2025010101014267,JBLB,41,42,100.0,1390.0,139000.0,2025-01-01
2025010104007768,RURU,62,39,10.0,674.0,6740.0,2025-01-01
2025010104007767,API,49,14,69.0,257.6,17774.4,2025-01-01
2025010105008144,NTC,58,6,100.0,950.0,95000.0,2025-01-01
2025010105008143,NTC,36,45,20.0,949.0,18980.0,2025-01-01
2025010101014266,NYADI,38,94,825.0,440.6,363495.0,2025-01-01
2025010101014265,NYADI,57,94,175.0,441.9,77332.5,2025-01-01
2025010104007766,UMHL,35,19,350.0,316.8,110880.0,2025-01-01
2025010103012495,NFS,72,44,50.0,1028.9,51445.0,2025-01-01
2025010104007765,NHPC,16,36,1750.0,208.1,364175.0,2025-01-01
2025010104007764,NHPC,45,36,25.0,208.2,5205.0,2025-01-01
2025010104007763,NHPC,48,36,770.0,208.2,160314.0,2025-01-01
2025010104007762,NHPC,82,36,500.0,208.3,104150.0,2025-01-01
2025010101014264,IHL,60,21,10.0,644.0,6440.0,2025-01-01
2025010101014263,DORDI,72,34,100.0,507.7,50770.0,2025-01-01
2025010101014262,RHGCL,59,25,10.0,529.1,5291.0,2025-01-01
2025010101014261,RHGCL,32,25,90.0,529.5,47655.0,2025-01-01
2025010104007761,IGI,55,39,50.0,568.2,28410.0,2025-01-01
2025010103012494,MLBSL,34,56,10.0,2470.0,24700.0,2025-01-01
2025010104007760,CHL,29,43,10.0,399.0,3990.0,2025-01-01
2025010105008142,NRN,77,53,62.0,1040.0,64480.0,2025-01-01
2025010105008141,NRN,65,53,100.0,1040.0,104000.0,2025-01-01
2025010105008140,NRN,50,53,160.0,1040.0,166400.0,2025-01-01
2025010101014260,NICA,53,62,10.0,383.4,3834.0,2025-01-01
2025010103012493,SJLIC,58,3,20.0,440.0,8800.0,2025-01-01
2025010103012492,SJLIC,58,49,10.0,440.0,4400.0,2025-01-01
2025010101014259,TAMOR,50,52,10.0,490.0,4900.0,2025-01-01
2025010101014258,AHL,52,51,10.0,707.0,7070.0,2025-01-01
2025010101014257,AHL,52,42,10.0,706.8,7068.0,2025-01-01
2025010103012491,NFS,72,45,890.0,1028.9,915721.0,2025-01-01
2025010103012490,NFS,80,45,10.0,1029.0,10290.0,2025-01-01
2025010103012489,NFS,39,45,20.0,1029.0,20580.0,2025-01-01
2025010103012488,NFS,17,45,80.0,1029.0,82320.0,2025-01-01
2025010101014256,IHL,45,21,20.0,644.0,12880.0,2025-01-01
2025010101014255,NIMB,10,94,519.0,217.1,112674.9,2025-01-01
2025010101014254,NIMB,16,94,500.0,217.1,108550.0,2025-01-01
2025010101014253,NIMB,4,94,481.0,219.0,105339.0,2025-01-01
2025010103012487,PROFL,26,90,30.0,601.1,18033.0,2025-01-01
2025010103012486,JFL,47,91,100.0,776.2,77620.0,2025-01-01
2025010103012485,NMLBBL,26,21,78.0,655.0,51090.0,2025-01-01
2025010103012484,NMLBBL,26,37,72.0,655.0,47160.0,2025-01-01
2025010103012483,NMLBBL,26,49,10.0,654.9,6549.0,2025-01-01
2025010101014252,DLBS,10,39,10.0,1647.0,16470.0,2025-01-01
2025010104007759,JOSHI,72,58,270.0,433.9,117153.0,2025-01-01
2025010104007758,UMRH,69,32,10.0,605.9,6059.0,2025-01-01
2025010105008139,HRL,44,16,10.0,793.2,7932.0,2025-01-01
2025010101014251,SGHC,1,17,10.0,450.0,4500.0,2025-01-01
2025010104007757,SSHL,57,19,10.0,220.8,2208.0,2025-01-01
2025010105008138,NRN,50,60,150.0,1040.0,156000.0,2025-01-01
2025010103012482,SAPDBL,60,14,10.0,868.0,8680.0,2025-01-01
2025010103012481,NFS,17,34,10.0,1029.0,10290.0,2025-01-01
2025010103012480,PFL,40,32,150.0,537.0,80550.0,2025-01-01
2025010103012479,PFL,18,32,50.0,537.0,26850.0,2025-01-01
2025010104007756,UMHL,35,39,640.0,316.8,202752.0,2025-01-01
2025010104007755,JOSHI,72,56,1000.0,433.9,433900.0,2025-01-01
2025010103012478,NMLBBL,38,75,10.0,651.1,6511.0,2025-01-01
2025010103012477,NMLBBL,41,75,20.0,651.1,13022.0,2025-01-01
2025010104007754,HPPL,57,41,30.0,392.0,11760.0,2025-01-01
2025010104007753,HPPL,55,41,200.0,392.1,78420.0,2025-01-01
2025010104007752,SHEL,42,41,500.0,231.3,115650.0,2025-01-01
2025010103012476,SFCL,58,13,100.0,603.4,60340.0,2025-01-01
2025010101014250,SBL,40,45,400.0,296.2,118480.0,2025-01-01
2025010103012475,KSBBL,45,32,10.0,429.9,4299.0,2025-01-01
2025010103012474,SIFC,58,45,46.0,560.5,25783.0,2025-01-01
2025010103012473,ICFC,57,22,55.0,648.1,35645.5,2025-01-01
2025010103012472,ICFC,88,22,40.0,648.9,25956.0,2025-01-01
2025010103012471,EDBL,71,38,500.0,550.3,275150.0,2025-01-01
2025010103012470,KMCDB,77,5,10.0,1100.0,11000.0,2025-01-01
2025010105008137,NTC,25,6,100.0,950.0,95000.0,2025-01-01
2025010103012469,GMFIL,32,48,259.0,510.9,132323.1,2025-01-01
2025010105008136,NRM,17,42,500.0,424.2,212100.0,2025-01-01
2025010104007751,PRIN,65,62,10.0,956.0,9560.0,2025-01-01
2025010104007750,PRIN,65,10,100.0,956.0,95600.0,2025-01-01
2025010101014249,USHL,58,37,44.0,788.0,34672.0,2025-01-01
2025010103012468,NFS,17,45,100.0,1029.0,102900.0,2025-01-01
2025010101014248,HHL,22,56,10.0,495.0,4950.0,2025-01-01
2025010101014247,HHL,22,35,20.0,494.0,9880.0,2025-01-01
2025010103012467,NMLBBL,44,21,7.0,643.1,4501.7,2025-01-01
2025010103012466,MFIL,49,22,60.0,646.0,38760.0,2025-01-01
2025010103012465,WNLB,49,19,10.0,2559.9,25599.0,2025-01-01
2025010105008135,MEL,5,17,140.0,309.0,43260.0,2025-01-01
2025010103012464,NFS,17,50,10.0,1029.0,10290.0,2025-01-01
2025010105008134,HATHY,29,36,50.0,1305.1,65255.0,2025-01-01
2025010105008133,HATHY,55,36,10.0,1307.0,13070.0,2025-01-01
2025010105008132,HATHY,39,36,30.0,1307.0,39210.0,2025-01-01
2025010105008131,HATHY,45,36,100.0,1307.1,130710.0,2025-01-01
2025010105008130,HATHY,34,36,10.0,1307.2,13072.0,2025-01-01
2025010103012463,SMPDA,62,47,189.0,906.0,171234.0,2025-01-01
2025010103012462,SMPDA,41,47,35.0,906.1,31713.5,2025-01-01
2025010103012461,SMPDA,25,47,26.0,907.0,23582.0,2025-01-01
2025010101014246,PRVU,48,34,10.0,228.3,2283.0,2025-01-01
2025010103012460,SLBSL,80,32,100.0,1842.0,184200.0,2025-01-01
2025010103012459,RLFL,95,14,50.0,548.0,27400.0,2025-01-01
2025010101014245,DORDI,29,21,10.0,511.0,5110.0,2025-01-01
2025010103012458,SFCL,32,6,100.0,603.0,60300.0,2025-01-01
2025010101014244,HBL,48,35,667.0,237.0,158079.0,2025-01-01
2025010101014243,HBL,33,35,217.0,237.1,51450.7,2025-01-01
2025010101014242,NYADI,35,33,10.0,442.0,4420.0,2025-01-01
2025010103012457,SHINE,52,58,150.0,405.0,60750.0,2025-01-01
2025010104007749,UMRH,69,32,10.0,605.9,6059.0,2025-01-01
2025010105008129,CLI,45,35,288.0,677.8,195206.4,2025-01-01
2025010105008128,CLI,45,19,100.0,677.7,67770.0,2025-01-01
2025010105008127,CLI,45,58,10.0,677.0,6770.0,2025-01-01
2025010105008126,CLI,45,47,300.0,677.0,203100.0,2025-01-01
2025010105008125,CLI,45,38,10.0,677.0,6770.0,2025-01-01
2025010105008124,CLI,45,58,22.0,677.0,14894.0,2025-01-01
2025010105008123,CLI,45,55,10.0,676.8,6768.0,2025-01-01
2025010105008122,CLI,45,19,100.0,676.6,67660.0,2025-01-01
2025010105008121,CLI,45,57,10.0,676.5,6765.0,2025-01-01
2025010105008120,CLI,45,29,10.0,676.0,6760.0,2025-01-01
2025010105008119,CLI,45,35,140.0,676.0,94640.0,2025-01-01
2025010101014241,HIDCLP,44,38,200.0,161.5,32300.0,2025-01-01
2025010104007748,AKJCL,3,50,1013.0,193.2,195711.6,2025-01-01
2025010104007747,AKJCL,50,50,10.0,193.3,1933.0,2025-01-01
2025010104007746,AKJCL,54,50,500.0,193.3,96650.0,2025-01-01
2025010104007745,AKJCL,50,50,10.0,193.3,1933.0,2025-01-01
2025010104007744,AKJCL,57,50,50.0,193.4,9670.0,2025-01-01
2025010104007743,AKJCL,34,50,200.0,193.4,38680.0,2025-01-01
2025010104007742,AKJCL,3,50,17.0,193.4,3287.8,2025-01-01
2025010104007741,CHCL,43,32,80.0,508.5,40680.0,2025-01-01
2025010101014240,PRVU,48,38,50.0,228.3,11415.0,2025-01-01
2025010103012456,PFL,34,25,100.0,538.0,53800.0,2025-01-01
2025010103012455,SADBL,57,42,20.0,380.1,7602.0,2025-01-01
2025010105008118,NICBF,42,35,100.0,9.2,920.0,2025-01-01
2025010105008117,VLUCL,19,65,910.0,640.2,582582.0,2025-01-01
2025010105008116,VLUCL,44,65,390.0,640.2,249678.0,2025-01-01
2025010105008115,VLUCL,57,65,100.0,641.0,64100.0,2025-01-01
2025010105008114,VLUCL,50,65,100.0,641.0,64100.0,2025-01-01
2025010103012454,SINDU,52,16,190.0,737.8,140182.0,2025-01-01
2025010103012453,SINDU,52,43,250.0,734.7,183675.0,2025-01-01
2025010103012452,SINDU,52,42,10.0,734.0,7340.0,2025-01-01
2025010103012451,SINDU,52,43,100.0,733.9,73390.0,2025-01-01
2025010103012450,SINDU,52,5,100.0,732.0,73200.0,2025-01-01
2025010103012449,SINDU,52,26,30.0,732.0,21960.0,2025-01-01
2025010103012448,SINDU,52,43,150.0,730.7,109605.0,2025-01-01
2025010103012447,SINDU,52,71,160.0,729.9,116784.0,2025-01-01
2025010103012446,SINDU,52,44,10.0,728.0,7280.0,2025-01-01
2025010104007740,UMRH,69,45,500.0,603.0,301500.0,2025-01-01
2025010105008113,MBJC,45,16,187.0,327.0,61149.0,2025-01-01
2025010101014239,PRVU,43,38,707.0,227.1,160559.7,2025-01-01
2025010101014238,PRVU,43,38,50.0,227.1,11355.0,2025-01-01
2025010101014237,PRVU,58,38,10.0,227.4,2274.0,2025-01-01
2025010101014236,PRVU,8,38,100.0,227.5,22750.0,2025-01-01
2025010101014235,PRVU,49,38,400.0,227.5,91000.0,2025-01-01
2025010101014234,PRVU,14,38,10.0,227.7,2277.0,2025-01-01
2025010101014233,PRVU,7,38,25.0,227.7,5692.5,2025-01-01
2025010101014232,PRVU,19,38,100.0,227.7,22770.0,2025-01-01
2025010101014231,PRVU,62,38,500.0,227.8,113900.0,2025-01-01
2025010101014230,PRVU,44,38,500.0,227.9,113950.0,2025-01-01
2025010101014229,PRVU,11,38,50.0,228.0,11400.0,2025-01-01
2025010101014228,PRVU,45,38,100.0,228.0,22800.0,2025-01-01
2025010101014227,PRVU,32,38,10.0,228.0,2280.0,2025-01-01
2025010101014226,PRVU,57,38,138.0,228.0,31464.0,2025-01-01
2025010101014225,SBI,14,38,10.0,421.0,4210.0,2025-01-01
2025010101014224,NABIL,1,14,400.0,501.4,200560.0,2025-01-01
2025010101014223,NABIL,1,39,150.0,501.0,75150.0,2025-01-01
2025010101014222,NABIL,1,48,600.0,501.0,300600.0,2025-01-01
2025010101014221,NBL,49,25,273.0,267.0,72891.0,2025-01-01
2025010101014220,NBL,49,7,67.0,267.0,17889.0,2025-01-01
2025010101014219,NBL,49,7,10.0,266.9,2669.0,2025-01-01
2025010103012445,NFS,72,7,16.0,1028.9,16462.4,2025-01-01
2025010103012444,NFS,38,7,34.0,1029.0,34986.0,2025-01-01
2025010103012443,JFL,72,5,100.0,776.0,77600.0,2025-01-01
2025010104007739,NHPC,57,16,100.0,208.8,20880.0,2025-01-01
2025010103012442,NFS,38,50,20.0,1029.0,20580.0,2025-01-01
2025010104007738,SHPC,60,55,20.0,446.9,8938.0,2025-01-01
2025010103012441,GFCL,47,25,40.0,795.0,31800.0,2025-01-01
2025010103012440,GFCL,47,48,60.0,795.0,47700.0,2025-01-01
2025010101014218,LSL,34,60,325.0,221.5,71987.5,2025-01-01
2025010103012439,GLBSL,46,3,13.0,2350.0,30550.0,2025-01-01
2025010103012438,GLBSL,46,42,10.0,2349.9,23499.0,2025-01-01
2025010103012437,NABBC,17,71,30.0,1009.5,30285.0,2025-01-01
2025010103012436,NABBC,17,65,10.0,1008.0,10080.0,2025-01-01
2025010103012435,NABBC,17,45,50.0,1001.0,50050.0,2025-01-01
2025010103012434,NABBC,17,1,10.0,984.0,9840.0,2025-01-01
2025010103012433,GMFIL,54,48,10.0,510.9,5109.0,2025-01-01
2025010103012432,MPFL,58,22,190.0,646.0,122740.0,2025-01-01
2025010103012431,MPFL,58,6,10.0,646.0,6460.0,2025-01-01
2025010101014217,MBL,22,34,10.0,234.9,2349.0,2025-01-01
2025010101014216,NYADI,94,33,50.0,442.0,22100.0,2025-01-01
2025010103012430,NFS,38,34,50.0,1029.0,51450.0,2025-01-01
2025010103012429,NFS,38,17,96.0,1029.0,98784.0,2025-01-01
2025010101014215,DLBS,46,22,10.0,1670.0,16700.0,2025-01-01
2025010101014214,BHL,95,42,10.0,352.3,3523.0,2025-01-01
2025010101014213,BHL,95,22,10.0,352.0,3520.0,2025-01-01
2025010101014212,BHL,95,58,10.0,350.0,3500.0,2025-01-01
2025010101014211,BHL,95,95,150.0,350.0,52500.0,2025-01-01
2025010101014210,BHL,95,77,10.0,350.0,3500.0,2025-01-01
2025010101014209,BHL,95,41,10.0,348.0,3480.0,2025-01-01
2025010101014208,BHL,95,47,100.0,347.0,34700.0,2025-01-01
2025010104007737,JOSHI,72,10,50.0,433.9,21695.0,2025-01-01
2025010104007736,SPDL,70,88,13.0,320.0,4160.0,2025-01-01
2025010104007735,UMRH,69,32,10.0,605.9,6059.0,2025-01-01
2025010103012428,MLBL,57,45,14.0,361.0,5054.0,2025-01-01
2025010103012427,MLBL,14,45,110.0,361.0,39710.0,2025-01-01
2025010103012426,MLBL,26,45,76.0,362.0,27512.0,2025-01-01
2025010104007734,SHEL,22,5,70.0,231.6,16212.0,2025-01-01
2025010105008112,GCIL,47,38,140.0,479.1,67074.0,2025-01-01
2025010105008111,GCIL,52,38,10.0,480.0,4800.0,2025-01-01
2025010105008110,HIDCL,60,86,29.0,231.0,6699.0,2025-01-01
2025010104007733,AKJCL,57,45,20.0,194.0,3880.0,2025-01-01
2025010104007732,BPCL,7,34,50.0,387.0,19350.0,2025-01-01
2025010101014207,MHCL,57,72,55.0,517.8,28479.0,2025-01-01
2025010103012425,RLFL,95,57,471.0,548.0,258108.0,2025-01-01
2025010104007731,NHPC,91,16,20.0,208.8,4176.0,2025-01-01
2025010101014206,MANDU,34,17,10.0,873.0,8730.0,2025-01-01
2025010104007730,CGH,83,42,100.0,885.0,88500.0,2025-01-01
2025010104007729,CGH,45,42,78.0,885.0,69030.0,2025-01-01
2025010101014205,MCHL,40,42,49.0,596.0,29204.0,2025-01-01
2025010101014204,MKJC,40,45,250.0,522.0,130500.0,2025-01-01
2025010104007728,NICL,75,44,10.0,953.0,9530.0,2025-01-01
2025010104007727,NICL,75,44,40.0,952.0,38080.0,2025-01-01
2025010104007726,NICL,75,53,50.0,951.5,47575.0,2025-01-01
2025010101014203,MLBS,64,19,10.0,2026.9,20269.0,2025-01-01
2025010103012424,SINDU,17,44,70.0,728.0,50960.0,2025-01-01
2025010105008109,CIT,65,54,10.0,2099.0,20990.0,2025-01-01
2025010101014202,MANDU,5,20,30.0,872.0,26160.0,2025-01-01
2025010101014201,MANDU,86,20,20.0,872.0,17440.0,2025-01-01
2025010101014200,SANIMA,58,45,50.0,298.0,14900.0,2025-01-01
2025010101014199,BNT,86,32,10.0,13265.0,132650.0,2025-01-01
2025010105008108,NBF2,58,38,225.0,9.26,2083.5,2025-01-01
2025010105008107,NBF2,34,38,300.0,9.26,2778.0,2025-01-01
2025010101014198,MSHL,36,44,10.0,918.0,9180.0,2025-01-01
2025010105008106,NIFRA,44,95,214.0,250.0,53500.0,2025-01-01
2025010105008105,NIFRA,44,32,14.0,249.9,3498.6,2025-01-01
2025010105008104,NIFRA,44,83,1772.0,248.0,439456.0,2025-01-01
2025010104007725,AHPC,49,49,25.0,244.9,6122.5,2025-01-01
2025010101014197,SANIMA,43,45,100.0,298.0,29800.0,2025-01-01
2025010103012423,MLBL,26,25,424.0,362.0,153488.0,2025-01-01
2025010103012422,JFL,34,45,12.0,779.0,9348.0,2025-01-01
2025010103012421,JFL,34,49,88.0,777.0,68376.0,2025-01-01
2025010101014196,ULBSL,62,17,10.0,4254.0,42540.0,2025-01-01
2025010103012420,JFL,72,42,111.0,776.0,86136.0,2025-01-01
2025010101014195,DORDI,56,21,30.0,511.0,15330.0,2025-01-01
2025010104007724,UAIL,55,36,25.0,636.0,15900.0,2025-01-01
2025010103012419,MLBSL,34,35,19.0,2470.0,46930.0,2025-01-01
2025010104007723,UMRH,69,32,10.0,605.9,6059.0,2025-01-01
2025010105008103,NRIC,3,11,330.0,740.0,244200.0,2025-01-01
2025010104007722,HURJA,53,33,33.0,220.6,7279.8,2025-01-01
2025010104007721,API,49,57,10.0,257.6,2576.0,2025-01-01
2025010104007720,API,49,57,50.0,257.7,12885.0,2025-01-01
2025010104007719,PMHPL,57,17,10.0,262.5,2625.0,2025-01-01
2025010104007718,PMHPL,57,48,10.0,261.1,2611.0,2025-01-01
2025010103012418,SHINE,49,58,100.0,405.0,40500.0,2025-01-01
2025010103012417,JFL,22,49,12.0,777.0,9324.0,2025-01-01
2025010104007717,PPCL,8,32,10.0,273.3,2733.0,2025-01-01
2025010103012416,SAPDBL,58,14,10.0,861.0,8610.0,2025-01-01
2025010103012415,ALBSL,56,42,50.0,804.0,40200.0,2025-01-01
2025010105008102,NTC,35,6,200.0,950.0,190000.0,2025-01-01
2025010104007716,IGI,45,61,170.0,572.0,97240.0,2025-01-01
2025010101014194,SNLI,38,21,12.0,615.0,7380.0,2025-01-01
2025010101014193,TVCL,74,33,30.0,608.3,18249.0,2025-01-01
2025010103012414,MLBBL,58,49,60.0,1560.0,93600.0,2025-01-01
2025010101014192,CKHL,60,46,10.0,722.0,7220.0,2025-01-01
2025010101014191,SMHL,65,32,200.0,1245.1,249020.0,2025-01-01
2025010101014190,RFPL,21,32,15.0,1026.0,15390.0,2025-01-01
2025010101014189,RFPL,21,32,15.0,1026.0,15390.0,2025-01-01
2025010101014188,RFPL,84,32,70.0,1026.1,71827.0,2025-01-01
2025010105008101,NRM,66,51,10.0,425.0,4250.0,2025-01-01
2025010101014187,KDL,34,75,10.0,1086.0,10860.0,2025-01-01
2025010101014186,KDL,34,58,10.0,1080.0,10800.0,2025-01-01
2025010101014185,KDL,34,58,10.0,1075.0,10750.0,2025-01-01
2025010105008100,GIBF1,17,51,100.0,9.85,985.0,2025-01-01
2025010105008099,GIBF1,17,55,100.0,9.84,984.0,2025-01-01
2025010105008098,GIBF1,17,58,150.0,9.82,1473.0,2025-01-01
2025010103012413,SKBBL,67,6,90.0,810.0,72900.0,2025-01-01
2025010105008097,HRL,57,67,75.0,793.0,59475.0,2025-01-01
2025010105008096,HRL,51,67,10.0,793.0,7930.0,2025-01-01
2025010105008095,HRL,56,67,15.0,793.1,11896.5,2025-01-01
2025010101014184,PCBL,36,41,20.0,257.7,5154.0,2025-01-01
2025010101014183,PRVU,21,38,100.0,228.3,22830.0,2025-01-01
2025010105008094,HATHY,38,60,50.0,1310.0,65500.0,2025-01-01
2025010103012412,JFL,72,5,500.0,776.0,388000.0,2025-01-01
2025010105008093,NRM,57,51,10.0,425.0,4250.0,2025-01-01
2025010101014182,SMHL,65,90,100.0,1245.1,124510.0,2025-01-01
2025010103012411,SHINE,57,58,40.0,405.0,16200.0,2025-01-01
2025010103012410,MFIL,77,49,125.0,645.0,80625.0,2025-01-01
2025010103012409,SFCL,49,13,600.0,603.4,362040.0,2025-01-01
2025010101014181,CKHL,77,48,20.0,714.9,14298.0,2025-01-01
2025010101014180,MHL,67,25,50.0,823.1,41155.0,2025-01-01
2025010103012408,NMLBBL,10,25,72.0,651.1,46879.2,2025-01-01
2025010105008092,SONA,33,4,200.0,449.0,89800.0,2025-01-01
2025010104007715,SHEL,42,66,500.0,231.3,115650.0,2025-01-01
2025010104007714,KKHC,42,71,1000.0,361.0,361000.0,2025-01-01
2025010104007713,UPPER,42,51,50.0,202.5,10125.0,2025-01-01
2025010101014179,NYADI,57,64,10.0,441.9,4419.0,2025-01-01
2025010104007712,UMHL,29,21,10.0,317.9,3179.0,2025-01-01
2025010105008091,RNLI,16,58,10.0,493.0,4930.0,2025-01-01
2025010101014178,NMB,65,33,398.0,243.2,96793.6,2025-01-01
2025010101014177,NMB,8,33,50.0,243.2,12160.0,2025-01-01
2025010101014176,NMB,63,33,200.0,243.3,48660.0,2025-01-01
2025010101014175,NMB,63,33,500.0,243.3,121650.0,2025-01-01
2025010101014174,NMB,37,33,61.0,243.3,14841.3,2025-01-01
2025010101014173,NMB,90,33,138.0,243.5,33603.0,2025-01-01
2025010103012407,NFS,72,47,50.0,1028.9,51445.0,2025-01-01
2025010101014172,ULBSL,62,26,10.0,4250.0,42500.0,2025-01-01
2025010104007711,RIDI,66,42,167.0,217.0,36239.0,2025-01-01
2025010104007710,RIDI,66,81,333.0,217.0,72261.0,2025-01-01
2025010103012406,ICFC,34,42,40.0,648.9,25956.0,2025-01-01
2025010103012405,NFS,72,14,10.0,1028.9,10289.0,2025-01-01
2025010104007709,CHL,36,43,10.0,399.0,3990.0,2025-01-01
2025010104007708,HEI,13,26,50.0,606.0,30300.0,2025-01-01
2025010104007707,UPCL,51,17,302.0,264.0,79728.0,2025-01-01
2025010104007706,UPCL,51,41,120.0,264.0,31680.0,2025-01-01
2025010104007705,UPCL,51,39,78.0,264.0,20592.0,2025-01-01
2025010101014171,ADBL,22,36,100.0,307.0,30700.0,2025-01-01
2025010104007704,UMRH,69,32,10.0,605.9,6059.0,2025-01-01
2025010103012404,SAPDBL,58,45,53.0,861.0,45633.0,2025-01-01
2025010101014170,TVCL,74,45,20.0,608.3,12166.0,2025-01-01
2025010103012403,NLICL,100,38,20.0,570.0,11400.0,2025-01-01
2025010105008090,NRN,50,61,500.0,1040.0,520000.0,2025-01-01
2025010105008089,NRN,50,57,10.0,1040.0,10400.0,2025-01-01
2025010105008088,NRN,50,36,180.0,1039.0,187020.0,2025-01-01
2025010101014169,MMKJL,55,78,270.0,672.7,181629.0,2025-01-01
2025010101014168,MMKJL,58,78,30.0,672.8,20184.0,2025-01-01
2025010101014167,MMKJL,45,78,100.0,672.9,67290.0,2025-01-01
2025010101014166,MMKJL,57,78,100.0,673.0,67300.0,2025-01-01
2025010103012402,NFS,72,42,10.0,1028.9,10289.0,2025-01-01
2025010103012401,SFCL,4,13,290.0,603.4,174986.0,2025-01-01
2025010104007703,JOSHI,49,51,10.0,434.0,4340.0,2025-01-01
2025010101014165,NYADI,35,33,10.0,442.0,4420.0,2025-01-01
2025010103012400,NFS,72,17,50.0,1028.9,51445.0,2025-01-01
2025010101014164,BGWT,16,38,10.0,963.0,9630.0,2025-01-01
2025010103012399,SADBL,45,50,10.0,383.0,3830.0,2025-01-01
2025010104007702,HURJA,53,58,145.0,220.6,31987.0,2025-01-01
2025010103012398,HLI,50,49,150.0,443.3,66495.0,2025-01-01
2025010104007701,UNHPL,49,47,10.0,270.0,2700.0,2025-01-01
2025010103012397,GFCL,58,48,40.0,795.0,31800.0,2025-01-01
2025010101014163,HIDCLP,44,48,50.0,161.5,8075.0,2025-01-01
2025010101014162,HIDCLP,25,48,100.0,161.6,16160.0,2025-01-01
2025010101014161,HIDCLP,41,48,50.0,161.6,8080.0,2025-01-01
2025010101014160,HIDCLP,49,48,100.0,161.6,16160.0,2025-01-01
2025010101014159,HIDCLP,58,48,200.0,161.7,32340.0,2025-01-01
2025010103012396,NLIC,47,42,30.0,760.0,22800.0,2025-01-01
2025010101014158,SPC,63,26,500.0,490.0,245000.0,2025-01-01
2025010104007700,AKPL,58,34,135.0,227.0,30645.0,2025-01-01
2025010104007699,AKPL,58,34,100.0,227.1,22710.0,2025-01-01
2025010104007698,AKPL,26,34,265.0,227.5,60287.5,2025-01-01
2025010105008087,ILI,49,39,43.0,467.0,20081.0,2025-01-01
2025010103012395,SLBBL,54,42,17.0,899.0,15283.0,2025-01-01
2025010104007697,MEN,71,45,10.0,586.6,5866.0,2025-01-01
2025010103012394,MPFL,11,63,54.0,645.0,34830.0,2025-01-01
2025010104007696,SSHL,7,59,130.0,220.0,28600.0,2025-01-01
2025010101014157,EBL,55,52,10.0,581.0,5810.0,2025-01-01
2025010103012393,JFL,72,55,100.0,776.0,77600.0,2025-01-01
2025010101014156,MHCL,46,72,85.0,517.8,44013.0,2025-01-01
2025010101014155,MHCL,46,58,10.0,515.0,5150.0,2025-01-01
2025010101014154,MHCL,46,58,10.0,515.0,5150.0,2025-01-01
2025010101014153,MHCL,46,34,100.0,515.0,51500.0,2025-01-01
2025010101014152,MHCL,46,32,10.0,514.0,5140.0,2025-01-01
2025010101014151,MHCL,46,50,35.0,514.0,17990.0,2025-01-01
2025010105008086,KDBY,43,47,2400.0,9.21,22104.0,2025-01-01
2025010101014150,NABIL,51,62,10.0,500.5,5005.0,2025-01-01
2025010101014149,MHCL,33,13,10.0,512.0,5120.0,2025-01-01
2025010103012392,NUBL,34,60,10.0,679.0,6790.0,2025-01-01
2025010103012391,NFS,72,36,20.0,1028.9,20578.0,2025-01-01
2025010101014148,MKJC,29,45,10.0,522.0,5220.0,2025-01-01
2025010103012390,NFS,17,41,10.0,1029.0,10290.0,2025-01-01
2025010103012389,NFS,17,1,30.0,1029.0,30870.0,2025-01-01
2025010103012388,NFS,17,17,50.0,1029.0,51450.0,2025-01-01
2025010103012387,NFS,17,45,10.0,1029.0,10290.0,2025-01-01
2025010104007695,RBCL,58,59,20.0,15303.0,306060.0,2025-01-01
2025010104007694,RBCL,59,59,10.0,15400.0,154000.0,2025-01-01
2025010104007693,RBCL,51,59,10.0,15402.0,154020.0,2025-01-01
2025010104007692,RBCL,7,59,10.0,15402.2,154022.0,2025-01-01
2025010104007691,RBCL,1,59,10.0,15403.0,154030.0,2025-01-01
2025010104007690,JOSHI,49,19,50.0,434.0,21700.0,2025-01-01
2025010103012386,GLBSL,33,42,10.0,2349.9,23499.0,2025-01-01
2025010101014147,SPHL,7,34,500.0,780.0,390000.0,2025-01-01
2025010104007689,TRH,66,46,10.0,1069.9,10699.0,2025-01-01
2025010101014146,ULBSL,62,7,10.0,4254.0,42540.0,2025-01-01
2025010101014145,GVL,14,66,90.0,480.0,43200.0,2025-01-01
2025010103012385,SHINE,29,13,50.0,404.9,20245.0,2025-01-01
2025010103012384,MLBSL,34,58,10.0,2470.0,24700.0,2025-01-01
2025010103012383,MLBSL,34,18,21.0,2470.0,51870.0,2025-01-01
2025010103012382,MLBSL,34,6,10.0,2470.0,24700.0,2025-01-01
2025010105008085,NTC,17,6,200.0,950.0,190000.0,2025-01-01
2025010105008084,NIFRA,36,83,100.0,248.0,24800.0,2025-01-01
2025010101014144,UNLB,74,21,75.0,2460.2,184515.0,2025-01-01
2025010101014143,UNLB,51,21,25.0,2461.0,61525.0,2025-01-01
2025010103012381,NFS,72,22,15.0,1028.9,15433.5,2025-01-01
2025010101014142,SMHL,65,44,50.0,1245.1,62255.0,2025-01-01
2025010101014141,NYADI,82,33,1000.0,442.0,442000.0,2025-01-01
2025010101014140,NYADI,6,33,790.0,442.4,349496.0,2025-01-01
2025010101014139,NYADI,8,33,250.0,442.6,110650.0,2025-01-01
2025010101014138,NYADI,56,33,480.0,442.7,212496.0,2025-01-01
2025010101014137,GBIME,22,90,200.0,225.1,45020.0,2025-01-01
2025010103012380,SINDU,57,44,20.0,728.0,14560.0,2025-01-01
2025010103012379,PFL,1,25,90.0,538.0,48420.0,2025-01-01
2025010103012378,SKBBL,4,6,60.0,810.0,48600.0,2025-01-01
2025010101014136,PRVU,32,38,50.0,228.3,11415.0,2025-01-01
2025010101014135,PRVU,57,13,62.0,228.0,14136.0,2025-01-01
2025010101014134,PRVU,50,13,42.0,228.0,9576.0,2025-01-01
2025010101014133,PRVU,21,13,50.0,228.0,11400.0,2025-01-01
2025010101014132,PRVU,42,13,150.0,228.0,34200.0,2025-01-01
2025010101014131,PRVU,19,13,150.0,228.0,34200.0,2025-01-01
2025010101014130,PRVU,38,13,46.0,228.0,10488.0,2025-01-01
2025010104007688,UPPER,36,25,50.0,202.9,10145.0,2025-01-01
2025010103012377,MFIL,36,22,75.0,646.0,48450.0,2025-01-01
2025010101014129,SNLI,32,29,175.0,614.7,107572.5,2025-01-01
2025010101014128,PRVU,38,16,54.0,228.0,12312.0,2025-01-01
2025010101014127,PRVU,16,16,40.0,228.0,9120.0,2025-01-01
2025010101014126,PRVU,40,16,406.0,228.0,92568.0,2025-01-01
2025010104007687,SHL,83,50,500.0,470.5,235250.0,2025-01-01
2025010104007686,JOSHI,49,56,10.0,434.0,4340.0,2025-01-01
2025010105008083,HDL,26,13,50.0,1359.0,67950.0,2025-01-01
2025010105008082,HDL,26,42,100.0,1359.0,135900.0,2025-01-01
2025010105008081,HDL,26,58,50.0,1358.0,67900.0,2025-01-01
2025010105008080,HDL,26,59,300.0,1358.0,407400.0,2025-01-01
2025010105008079,HIDCL,60,25,82.0,231.0,18942.0,2025-01-01
2025010105008078,HIDCL,47,25,150.0,231.0,34650.0,2025-01-01
2025010105008077,HIDCL,38,25,20.0,231.9,4638.0,2025-01-01
2025010103012376,GILB,57,32,27.0,1162.2,31379.4,2025-01-01
2025010103012375,GILB,42,32,23.0,1162.2,26730.6,2025-01-01
2025010104007685,GLH,42,98,100.0,231.0,23100.0,2025-01-01
2025010105008076,SAHAS,6,39,13.0,466.0,6058.0,2025-01-01
2025010105008075,SAHAS,34,39,20.0,466.0,9320.0,2025-01-01
2025010101014125,PRVU,40,34,10.0,228.0,2280.0,2025-01-01
2025010103012374,GFCL,56,65,50.0,795.0,39750.0,2025-01-01
2025010103012373,BFC,17,42,10.0,634.0,6340.0,2025-01-01
2025010104007684,MHNL,58,17,400.0,246.0,98400.0,2025-01-01
2025010104007683,MHNL,55,17,10.0,246.5,2465.0,2025-01-01
2025010105008074,ILI,49,88,15.0,467.0,7005.0,2025-01-01
2025010105008073,HRL,14,45,216.0,795.0,171720.0,2025-01-01
2025010105008072,NBF3,40,22,100.0,9.38,938.0,2025-01-01
2025010103012372,SINDU,5,44,150.0,728.0,109200.0,2025-01-01
2025010103012371,NFS,72,1,30.0,1028.9,30867.0,2025-01-01
2025010103012370,HLBSL,10,7,160.0,940.1,150416.0,2025-01-01
2025010103012369,SMPDA,16,38,35.0,907.0,31745.0,2025-01-01
2025010103012368,SMPDA,36,38,20.0,907.0,18140.0,2025-01-01
2025010103012367,SMPDA,5,38,10.0,907.1,9071.0,2025-01-01
2025010101014124,RAWA,92,55,803.0,773.0,620719.0,2025-01-01
2025010101014123,RAWA,41,55,89.0,773.0,68797.0,2025-01-01
2025010101014122,RAWA,92,55,108.0,774.0,83592.0,2025-01-01
2025010101014121,KBL,57,14,160.0,213.0,34080.0,2025-01-01
2025010103012366,NFS,72,47,500.0,1028.9,514450.0,2025-01-01
2025010101014120,IHL,84,65,34.0,637.0,21658.0,2025-01-01
2025010103012365,KMCDB,62,5,80.0,1103.0,88240.0,2025-01-01
2025010101014119,NABIL,51,13,90.0,500.5,45045.0,2025-01-01
2025010101014118,NABIL,6,13,10.0,500.5,5005.0,2025-01-01
2025010105008071,SONA,33,52,10.0,449.0,4490.0,2025-01-01
2025010104007682,UPPER,42,16,400.0,202.5,81000.0,2025-01-01
2025010103012364,RLFL,95,11,60.0,548.0,32880.0,2025-01-01
2025010101014117,RAWA,92,82,42.0,774.0,32508.0,2025-01-01
2025010101014116,RAWA,92,82,258.0,774.0,199692.0,2025-01-01
2025010105008070,NRM,49,51,10.0,425.0,4250.0,2025-01-01
2025010101014115,ULBSL,62,41,11.0,4250.0,46750.0,2025-01-01
2025010103012363,NFS,72,95,300.0,1028.9,308670.0,2025-01-01
2025010105008069,NTC,36,32,12.0,949.0,11388.0,2025-01-01
2025010104007681,HDHPC,41,36,100.0,194.1,19410.0,2025-01-01
2025010104007680,HDHPC,91,36,74.0,194.1,14363.4,2025-01-01
2025010104007679,HDHPC,58,36,20.0,194.2,3884.0,2025-01-01
2025010101014114,NBL,25,42,200.0,266.6,53320.0,2025-01-01
2025010101014113,NICA,42,62,50.0,383.4,19170.0,2025-01-01
2025010101014112,RFPL,84,42,10.0,1026.1,10261.0,2025-01-01
2025010104007678,GHL,42,43,100.0,201.0,20100.0,2025-01-01
2025010105008068,HRL,14,57,20.0,795.0,15900.0,2025-01-01
2025010105008067,HRL,14,83,130.0,795.0,103350.0,2025-01-01
2025010104007677,HURJA,53,14,160.0,220.6,35296.0,2025-01-01
2025010103012362,FOWAD,52,49,16.0,1238.0,19808.0,2025-01-01
2025010104007676,HURJA,22,33,1662.0,220.9,367135.8,2025-01-01
2025010105008066,MEL,1,17,10.0,309.0,3090.0,2025-01-01
2025010104007675,UMHL,35,1,10.0,316.8,3168.0,2025-01-01
2025010103012361,NFS,38,62,13.0,1029.0,13377.0,2025-01-01
2025010105008065,SHIVM,32,8,418.0,510.0,213180.0,2025-01-01
2025010105008064,SHIVM,42,8,18.0,510.0,9180.0,2025-01-01
2025010105008063,SHIVM,34,8,50.0,510.0,25500.0,2025-01-01
2025010105008062,SHIVM,42,8,10.0,510.0,5100.0,2025-01-01
2025010105008061,SHIVM,52,8,250.0,510.0,127500.0,2025-01-01
2025010105008060,SHIVM,29,8,254.0,510.1,129565.4,2025-01-01
2025010104007674,KKHC,58,8,187.0,362.0,67694.0,2025-01-01
2025010104007673,KKHC,58,28,13.0,361.0,4693.0,2025-01-01
2025010103012360,NFS,72,95,500.0,1028.9,514450.0,2025-01-01
2025010104007672,AHPC,42,49,65.0,244.9,15918.5,2025-01-01
2025010105008059,SHIVM,29,14,40.0,510.1,20404.0,2025-01-01
2025010105008058,NTC,34,6,100.0,950.0,95000.0,2025-01-01
2025010103012359,RLFL,6,41,50.0,550.0,27500.0,2025-01-01
2025010103012358,RLFL,6,8,100.0,549.9,54990.0,2025-01-01
2025010105008057,CLI,45,35,360.0,676.0,243360.0,2025-01-01
2025010101014111,DOLTI,35,17,60.0,714.9,42894.0,2025-01-01
2025010101014110,DOLTI,35,20,10.0,714.0,7140.0,2025-01-01
2025010101014109,DOLTI,35,21,10.0,713.0,7130.0,2025-01-01
2025010101014108,DOLTI,35,8,200.0,711.9,142380.0,2025-01-01
2025010101014107,DOLTI,35,57,10.0,711.0,7110.0,2025-01-01
2025010101014106,DOLTI,35,34,100.0,710.9,71090.0,2025-01-01
2025010101014105,DOLTI,35,29,100.0,710.0,71000.0,2025-01-01
2025010101014104,DOLTI,35,49,10.0,710.0,7100.0,2025-01-01
2025010101014103,DOLTI,35,58,500.0,710.0,355000.0,2025-01-01
2025010104007671,BARUN,52,52,200.0,393.0,78600.0,2025-01-01
2025010103012357,GMFBS,58,57,10.0,1749.0,17490.0,2025-01-01
2025010104007670,BPCL,21,99,50.0,386.0,19300.0,2025-01-01
2025010105008056,NRIC,58,11,17.0,740.0,12580.0,2025-01-01
2025010105008055,NRIC,58,8,13.0,735.0,9555.0,2025-01-01
2025010104007669,UNHPL,48,32,220.0,268.4,59048.0,2025-01-01
2025010104007668,UNHPL,35,32,90.0,269.0,24210.0,2025-01-01
2025010104007667,UNHPL,57,32,200.0,269.0,53800.0,2025-01-01
2025010101014102,USHL,58,34,31.0,788.0,24428.0,2025-01-01
2025010103012356,VLBS,34,18,10.0,849.3,8493.0,2025-01-01
2025010103012355,VLBS,34,18,50.0,835.0,41750.0,2025-01-01
2025010104007666,API,56,22,191.0,258.0,49278.0,2025-01-01
2025010104007665,API,56,38,809.0,258.0,208722.0,2025-01-01
2025010101014101,IHL,81,65,1000.0,637.0,637000.0,2025-01-01
2025010101014100,DOLTI,39,58,192.0,703.0,134976.0,2025-01-01
2025010103012354,GFCL,41,51,100.0,795.0,79500.0,2025-01-01
2025010105008054,ILI,25,35,12.0,467.0,5604.0,2025-01-01
2025010105008053,PHCL,77,52,310.0,519.0,160890.0,2025-01-01
2025010105008052,PHCL,77,38,100.0,516.0,51600.0,2025-01-01
2025010105008051,PHCL,77,46,10.0,516.0,5160.0,2025-01-01
2025010105008050,PHCL,77,62,580.0,516.0,299280.0,2025-01-01
2025010103012353,SHINE,19,58,20.0,405.0,8100.0,2025-01-01
2025010104007664,CHCL,43,44,20.0,508.4,10168.0,2025-01-01
2025010103012352,SFCL,26,5,25.0,604.0,15100.0,2025-01-01
2025010101014099,ULBSL,62,37,10.0,4250.0,42500.0,2025-01-01
2025010105008049,NRN,36,36,200.0,1039.0,207800.0,2025-01-01
2025010105008048,NRN,58,36,100.0,1039.0,103900.0,2025-01-01
2025010105008047,NRN,50,36,20.0,1039.1,20782.0,2025-01-01
2025010101014098,MAKAR,42,42,10.0,587.0,5870.0,2025-01-01
2025010105008046,HRL,14,83,870.0,795.0,691650.0,2025-01-01
2025010105008045,HRL,14,33,10.0,795.0,7950.0,2025-01-01
2025010105008044,HRL,14,59,100.0,794.9,79490.0,2025-01-01
2025010105008043,HRL,14,46,10.0,794.0,7940.0,2025-01-01
2025010105008042,HRL,14,50,10.0,794.0,7940.0,2025-01-01
2025010105008041,NRM,42,51,100.0,425.0,42500.0,2025-01-01
2025010105008040,NRM,34,51,40.0,425.0,17000.0,2025-01-01
2025010105008039,NRM,45,51,100.0,425.0,42500.0,2025-01-01
2025010105008038,NRM,45,51,50.0,425.2,21260.0,2025-01-01
2025010101014097,USHL,41,3,150.0,790.0,118500.0,2025-01-01
2025010104007663,BPCL,21,41,20.0,386.0,7720.0,2025-01-01
2025010103012351,MPFL,43,63,200.0,645.0,129000.0,2025-01-01
2025010103012350,MPFL,57,63,50.0,645.0,32250.0,2025-01-01
2025010103012349,MPFL,6,63,120.0,645.0,77400.0,2025-01-01
2025010103012348,MPFL,25,63,50.0,645.1,32255.0,2025-01-01
2025010103012347,MPFL,34,63,20.0,645.2,12904.0,2025-01-01
2025010103012346,MATRI,45,5,10.0,1257.0,12570.0,2025-01-01
2025010103012345,SFCL,55,5,110.0,604.0,66440.0,2025-01-01
2025010103012344,SFCL,55,63,50.0,604.0,30200.0,2025-01-01
2025010105008037,HATHY,17,60,48.0,1310.0,62880.0,2025-01-01
2025010104007662,SSHL,57,59,10.0,220.0,2200.0,2025-01-01
2025010103012343,SMB,49,70,20.0,2905.9,58118.0,2025-01-01
2025010103012342,MLBBL,58,36,10.0,1560.0,15600.0,2025-01-01
2025010103012341,MLBBL,58,36,40.0,1560.0,62400.0,2025-01-01
2025010104007661,GHL,32,43,200.0,201.0,40200.0,2025-01-01
2025010101014096,UHEWA,14,57,100.0,689.8,68980.0,2025-01-01
2025010101014095,BHPL,45,34,30.0,850.0,25500.0,2025-01-01
2025010101014094,NICA,11,34,60.0,383.5,23010.0,2025-01-01
2025010101014093,NICA,22,34,90.0,383.5,34515.0,2025-01-01
2025010104007660,UMRH,69,32,10.0,605.9,6059.0,2025-01-01
2025010104007659,UMRH,69,17,40.0,605.8,24232.0,2025-01-01
2025010101014092,DLBS,35,22,10.0,1670.0,16700.0,2025-01-01
2025010101014091,TPC,52,53,1000.0,515.0,515000.0,2025-01-01
2025010105008036,CLI,45,86,30.0,676.0,20280.0,2025-01-01
2025010103012340,KSBBL,33,44,620.0,426.1,264182.0,2025-01-01
2025010103012339,KSBBL,51,44,50.0,426.3,21315.0,2025-01-01
2025010103012338,JFL,72,55,1500.0,776.0,1164000.0,2025-01-01
2025010105008035,NRM,48,59,40.0,425.3,17012.0,2025-01-01
2025010103012337,MLBL,44,25,200.0,362.0,72400.0,2025-01-01
2025010104007658,UPPER,42,58,23.0,202.5,4657.5,2025-01-01
2025010101014090,USHEC,32,72,340.0,593.0,201620.0,2025-01-01
2025010101014089,USHEC,32,45,10.0,593.0,5930.0,2025-01-01
2025010101014088,USHEC,32,54,100.0,593.0,59300.0,2025-01-01
2025010103012336,JFL,26,49,875.0,776.0,679000.0,2025-01-01
2025010103012335,JFL,44,49,15.0,777.0,11655.0,2025-01-01
2025010105008034,SMJC,49,67,11.0,512.0,5632.0,2025-01-01
2025010103012334,NFS,72,34,18.0,1028.9,18520.2,2025-01-01
2025010101014087,SCB,34,45,530.0,669.0,354570.0,2025-01-01
2025010104007657,GLH,41,34,130.0,230.1,29913.0,2025-01-01
2025010104007656,GLH,17,34,20.0,230.2,4604.0,2025-01-01
2025010104007655,GLH,36,34,100.0,230.2,23020.0,2025-01-01
2025010104007654,GLH,38,34,100.0,230.3,23030.0,2025-01-01
2025010104007653,AKJCL,6,45,100.0,194.0,19400.0,2025-01-01
2025010105008033,GCIL,58,17,382.0,479.0,182978.0,2025-01-01
2025010105008032,GCIL,22,17,448.0,479.0,214592.0,2025-01-01
2025010105008031,GCIL,34,17,120.0,481.0,57720.0,2025-01-01
2025010101014086,MBL,48,26,250.0,234.1,58525.0,2025-01-01
2025010103012333,NFS,72,47,200.0,1028.9,205780.0,2025-01-01
2025010103012332,MPFL,42,32,230.0,646.0,148580.0,2025-01-01
2025010104007652,CGH,42,25,10.0,886.0,8860.0,2025-01-01
2025010101014085,DORDI,72,14,100.0,507.7,50770.0,2025-01-01
2025010105008030,HIDCL,34,21,11.0,232.0,2552.0,2025-01-01
2025010105008029,HIDCL,34,54,39.0,232.0,9048.0,2025-01-01
2025010101014084,SANIMA,65,34,1457.0,296.0,431272.0,2025-01-01
2025010101014083,PPL,65,58,10.0,522.0,5220.0,2025-01-01
2025010101014082,PPL,65,43,66.0,522.0,34452.0,2025-01-01
2025010101014081,NMB,56,25,10.0,245.0,2450.0,2025-01-01
2025010103012331,MFIL,77,45,200.0,645.0,129000.0,2025-01-01
2025010103012330,MFIL,77,47,440.0,645.0,283800.0,2025-01-01
2025010103012329,MFIL,77,5,191.0,645.0,123195.0,2025-01-01
2025010105008028,CLI,45,19,100.0,676.0,67600.0,2025-01-01
2025010103012328,JFL,44,19,50.0,777.0,38850.0,2025-01-01
2025010103012327,JFL,44,95,135.0,777.0,104895.0,2025-01-01
2025010104007651,HURJA,38,33,200.0,220.9,44180.0,2025-01-01
2025010103012326,SJLIC,43,35,199.0,439.4,87440.6,2025-01-01
2025010103012325,SJLIC,35,35,50.0,439.4,21970.0,2025-01-01
2025010103012324,SJLIC,3,35,823.0,439.4,361626.2,2025-01-01
2025010101014080,DORDI,88,21,97.0,511.0,49567.0,2025-01-01
2025010101014079,DORDI,88,71,98.0,509.9,49970.2,2025-01-01
2025010101014078,DORDI,88,22,40.0,509.9,20396.0,2025-01-01
2025010101014077,DORDI,88,8,130.0,509.8,66274.0,2025-01-01
2025010101014076,DORDI,88,26,10.0,509.0,5090.0,2025-01-01
2025010101014075,DORDI,88,58,25.0,509.0,12725.0,2025-01-01
2025010103012323,NFS,72,94,100.0,1028.9,102890.0,2025-01-01
2025010103012322,ALICL,42,86,325.0,704.3,228897.5,2025-01-01
2025010103012321,ALICL,46,86,140.0,705.0,98700.0,2025-01-01
2025010103012320,NICLBSL,48,48,100.0,651.2,65120.0,2025-01-01
2025010101014074,MHCL,57,65,10.0,514.0,5140.0,2025-01-01
2025010101014073,MHCL,57,5,10.0,513.0,5130.0,2025-01-01
2025010104007650,UAIL,95,4,10.0,639.0,6390.0,2025-01-01
2025010101014072,NBL,25,81,10.0,266.6,2666.0,2025-01-01
2025010105008027,NRN,32,58,10.0,1040.0,10400.0,2025-01-01
2025010105008026,KDBY,43,58,100.0,9.21,921.0,2025-01-01
2025010105008025,NTC,36,58,50.0,949.0,47450.0,2025-01-01
2025010105008024,CIT,65,26,70.0,2099.0,146930.0,2025-01-01
2025010105008023,CIT,65,13,10.0,2099.0,20990.0,2025-01-01
2025010105008022,CIT,65,51,90.0,2098.9,188901.0,2025-01-01
2025010105008021,CIT,65,6,100.0,2098.0,209800.0,2025-01-01
2025010105008020,CIT,65,25,13.0,2098.0,27274.0,2025-01-01
2025010101014071,MKJC,35,5,311.0,523.0,162653.0,2025-01-01
2025010101014070,MKJC,35,22,100.0,522.9,52290.0,2025-01-01
2025010101014069,MKJC,35,21,160.0,522.9,83664.0,2025-01-01
2025010101014068,MKJC,35,52,363.0,522.0,189486.0,2025-01-01
2025010101014067,MKJC,35,41,366.0,522.0,191052.0,2025-01-01
2025010101014066,RHGCL,38,17,90.0,532.0,47880.0,2025-01-01
2025010103012319,SWMF,56,21,10.0,761.0,7610.0,2025-01-01
2025010101014065,NIMB,4,41,340.0,219.0,74460.0,2025-01-01
2025010103012318,NLICL,100,33,145.0,570.0,82650.0,2025-01-01
2025010103012317,NLICL,62,33,50.0,570.1,28505.0,2025-01-01
2025010105008019,MBJC,45,5,10.0,327.0,3270.0,2025-01-01
2025010103012316,SHINE,57,58,50.0,405.0,20250.0,2025-01-01
2025010103012315,CFCL,39,28,85.0,568.0,48280.0,2025-01-01
2025010103012314,CFCL,57,28,65.0,568.0,36920.0,2025-01-01
2025010105008018,CIT,1,49,10.0,2090.0,20900.0,2025-01-01
2025010101014064,NYADI,56,64,10.0,442.7,4427.0,2025-01-01
2025010101014063,NABIL,45,34,60.0,501.0,30060.0,2025-01-01
2025010101014062,GVL,48,54,10.0,477.3,4773.0,2025-01-01
2025010104007649,HDHPC,21,17,14.0,195.0,2730.0,2025-01-01
2025010104007648,HDHPC,21,41,50.0,195.0,9750.0,2025-01-01
2025010104007647,HDHPC,21,39,435.0,195.0,84825.0,2025-01-01
2025010104007646,HDHPC,21,49,200.0,194.6,38920.0,2025-01-01
2025010104007645,HDHPC,21,7,1000.0,194.5,194500.0,2025-01-01
2025010104007644,HDHPC,21,36,301.0,194.5,58544.5,2025-01-01
2025010104007643,HPPL,57,19,251.0,392.0,98392.0,2025-01-01
2025010104007642,HPPL,45,19,249.0,392.1,97632.9,2025-01-01
2025010103012313,NFS,72,55,1000.0,1028.9,1028900.0,2025-01-01
2025010101014061,ULBSL,62,59,10.0,4250.0,42500.0,2025-01-01
2025010103012312,MLBBL,58,62,40.0,1560.0,62400.0,2025-01-01
2025010105008017,CHDC,32,80,200.0,1568.3,313660.0,2025-01-01
2025010103012311,MDB,45,58,27.0,618.8,16707.6,2025-01-01
2025010101014060,KBL,58,14,10.0,213.0,2130.0,2025-01-01
2025010105008016,CLI,45,46,10.0,676.0,6760.0,2025-01-01
2025010101014059,LSL,42,34,250.0,222.1,55525.0,2025-01-01
