transaction,symbol,buyer,seller,quantity,rate,amount,date
2024050604006694,NGPL,7,21,100.0,305.0,30500.0,2024-05-06
2024050603014698,RSDC,34,29,70.0,710.0,49700.0,2024-05-06
2024050603014697,CORBL,1,72,10.0,450.0,4500.0,2024-05-06
2024050604006693,SHEL,58,35,10.0,149.0,1490.0,2024-05-06
2024050603014696,KSBBL,58,26,100.0,368.6,36860.0,2024-05-06
2024050603014695,MERO,58,48,10.0,667.0,6670.0,2024-05-06
2024050603014694,MERO,58,43,10.0,667.0,6670.0,2024-05-06
2024050603014693,MERO,58,38,10.0,666.0,6660.0,2024-05-06
2024050603014692,MERO,58,38,10.0,665.0,6650.0,2024-05-06
2024050603014691,MERO,58,21,100.0,664.0,66400.0,2024-05-06
2024050601023173,BNHC,36,70,30.0,437.9,13137.0,2024-05-06
2024050604006692,MEN,36,3,131.0,520.9,68237.9,2024-05-06
2024050604006691,MEN,36,13,49.0,520.9,25524.1,2024-05-06
2024050605004144,HRL,1,26,25.0,575.1,14377.5,2024-05-06
2024050605004143,HRL,36,26,25.0,575.1,14377.5,2024-05-06
2024050605004142,HRL,42,26,30.0,575.1,17253.0,2024-05-06
2024050605004141,HRL,57,26,50.0,575.1,28755.0,2024-05-06
2024050605004140,HRL,21,26,20.0,575.2,11504.0,2024-05-06
2024050605004139,HRL,19,26,10.0,575.2,5752.0,2024-05-06
2024050605004138,HRL,85,26,40.0,576.0,23040.0,2024-05-06
2024050601023172,SBI,11,38,150.0,273.0,40950.0,2024-05-06
2024050601023171,NRM,38,34,21.0,352.9,7410.9,2024-05-06
2024050601023170,NRM,38,34,39.0,352.8,13759.2,2024-05-06
2024050604006690,AKJCL,38,43,35.0,205.9,7206.5,2024-05-06
2024050604006689,AKJCL,38,94,35.0,205.0,7175.0,2024-05-06
2024050601023169,SMJC,71,43,20.0,348.0,6960.0,2024-05-06
2024050603014690,GUFL,34,71,322.0,700.0,225400.0,2024-05-06
2024050603014689,GUFL,45,71,100.0,700.0,70000.0,2024-05-06
2024050603014688,GUFL,49,71,10.0,700.0,7000.0,2024-05-06
2024050603014687,GUFL,32,71,10.0,700.0,7000.0,2024-05-06
2024050603014686,GUFL,42,71,150.0,700.0,105000.0,2024-05-06
2024050603014685,GUFL,26,71,500.0,700.0,350000.0,2024-05-06
2024050603014684,GUFL,25,71,50.0,700.0,35000.0,2024-05-06
2024050603014683,GUFL,45,71,100.0,700.0,70000.0,2024-05-06
2024050603014682,GUFL,46,71,30.0,700.0,21000.0,2024-05-06
2024050603014681,GUFL,20,71,10.0,700.0,7000.0,2024-05-06
2024050603014680,GUFL,67,71,100.0,700.1,70010.0,2024-05-06
2024050603014679,GUFL,52,71,20.0,700.1,14002.0,2024-05-06
2024050603014678,GUFL,13,71,25.0,700.7,17517.5,2024-05-06
2024050603014677,GUFL,52,71,100.0,701.0,70100.0,2024-05-06
2024050603014676,GUFL,70,71,20.0,701.0,14020.0,2024-05-06
2024050603014675,GUFL,50,71,50.0,701.0,35050.0,2024-05-06
2024050603014674,GUFL,32,71,100.0,701.0,70100.0,2024-05-06
2024050603014673,GUFL,34,71,50.0,701.5,35075.0,2024-05-06
2024050603014672,GUFL,32,71,353.0,701.9,247770.7,2024-05-06
2024050601023168,SCB,5,39,10.0,513.5,5135.0,2024-05-06
2024050603014671,ILBS,33,66,499.0,1180.0,588820.0,2024-05-06
2024050603014670,ILBS,62,66,80.0,1180.0,94400.0,2024-05-06
2024050603014669,ILBS,45,66,31.0,1181.0,36611.0,2024-05-06
2024050603014668,ILBS,33,66,10.0,1181.0,11810.0,2024-05-06
2024050603014667,ILBS,3,66,51.0,1181.1,60236.1,2024-05-06
2024050603014666,ILBS,57,66,20.0,1181.2,23624.0,2024-05-06
2024050603014665,SMFBS,25,34,91.0,1291.0,117481.0,2024-05-06
2024050601023167,BHPL,35,52,50.0,540.0,27000.0,2024-05-06
2024050604006688,UMRH,80,49,370.0,330.0,122100.0,2024-05-06
2024050604006687,UMRH,80,62,1000.0,330.0,330000.0,2024-05-06
2024050601023166,KBL,48,48,10.0,132.3,1323.0,2024-05-06
2024050601023165,GVL,8,45,100.0,431.0,43100.0,2024-05-06
2024050601023164,GVL,8,41,150.0,431.0,64650.0,2024-05-06
2024050601023163,GVL,8,42,10.0,430.9,4309.0,2024-05-06
2024050603014664,GLBSL,74,5,13.0,1825.0,23725.0,2024-05-06
2024050603014663,GLBSL,74,62,81.0,1825.0,147825.0,2024-05-06
2024050601023162,RHGCL,69,74,1290.0,344.5,444405.0,2024-05-06
2024050603014662,NFS,20,32,10.0,520.0,5200.0,2024-05-06
2024050603014661,CFCL,19,44,10.0,389.0,3890.0,2024-05-06
2024050603014660,PFL,62,45,10.0,662.4,6624.0,2024-05-06
2024050601023161,PRVU,22,57,10.0,135.0,1350.0,2024-05-06
2024050601023160,SMJC,37,43,10.0,348.0,3480.0,2024-05-06
2024050601023159,SMJC,37,22,20.0,347.0,6940.0,2024-05-06
2024050601023158,SMJC,37,51,10.0,346.0,3460.0,2024-05-06
2024050603014659,NLICL,34,11,149.0,527.0,78523.0,2024-05-06
2024050601023157,CITY,16,42,10.0,580.0,5800.0,2024-05-06
2024050601023156,CITY,16,58,10.0,580.0,5800.0,2024-05-06
2024050601023155,CITY,16,32,10.0,580.0,5800.0,2024-05-06
2024050601023154,CITY,16,58,10.0,580.0,5800.0,2024-05-06
2024050601023153,CITY,16,43,10.0,580.0,5800.0,2024-05-06
2024050601023152,CITY,16,68,32.0,579.9,18556.8,2024-05-06
2024050601023151,CITY,16,57,10.0,578.3,5783.0,2024-05-06
2024050604006686,JOSHI,41,45,10.0,325.0,3250.0,2024-05-06
2024050604006685,NGPL,45,21,70.0,305.0,21350.0,2024-05-06
2024050601023150,BEDC,42,21,10.0,362.1,3621.0,2024-05-06
2024050604006684,GLH,49,57,300.0,201.2,60360.0,2024-05-06
2024050601023149,MKHL,21,41,10.0,407.0,4070.0,2024-05-06
2024050601023148,ILI,93,72,20.0,542.0,10840.0,2024-05-06
2024050601023147,MKHL,53,41,10.0,407.0,4070.0,2024-05-06
2024050603014658,GFCL,34,58,10.0,458.9,4589.0,2024-05-06
2024050605004137,BBC,34,49,10.0,3699.8,36998.0,2024-05-06
2024050601023146,SBI,5,34,13.0,277.9,3612.7,2024-05-06
2024050601023145,SBI,5,45,90.0,277.8,25002.0,2024-05-06
2024050601023144,SBI,5,55,72.0,276.1,19879.2,2024-05-06
2024050601023143,SBI,5,38,50.0,276.0,13800.0,2024-05-06
2024050605004136,NIFRA,47,55,492.0,193.9,95398.8,2024-05-06
2024050605004135,NIFRA,34,55,400.0,194.0,77600.0,2024-05-06
2024050605004134,NIFRA,36,55,20.0,194.0,3880.0,2024-05-06
2024050605004133,NIFRA,49,55,25.0,194.0,4850.0,2024-05-06
2024050605004132,NIFRA,34,55,63.0,194.0,12222.0,2024-05-06
2024050604006683,NGPL,91,21,10.0,305.0,3050.0,2024-05-06
2024050604006682,UPPER,58,22,20.0,162.8,3256.0,2024-05-06
2024050601023142,RAWA,36,28,10.0,475.0,4750.0,2024-05-06
2024050605004131,NRIC,56,42,1000.0,675.0,675000.0,2024-05-06
2024050605004130,NRIC,56,16,51.0,675.0,34425.0,2024-05-06
2024050605004129,NRIC,56,42,322.0,675.0,217350.0,2024-05-06
2024050605004128,NRIC,56,25,30.0,674.0,20220.0,2024-05-06
2024050603014657,MPFL,34,60,420.0,432.0,181440.0,2024-05-06
2024050603014656,MPFL,35,60,200.0,433.0,86600.0,2024-05-06
2024050603014655,MPFL,66,60,70.0,433.9,30373.0,2024-05-06
2024050604006681,SPDL,60,13,434.0,226.5,98301.0,2024-05-06
2024050604006680,SPDL,60,45,100.0,226.5,22650.0,2024-05-06
2024050604006679,SPDL,60,22,166.0,226.5,37599.0,2024-05-06
2024050603014654,GILB,60,52,10.0,1010.0,10100.0,2024-05-06
2024050601023141,TSHL,60,13,10.0,510.0,5100.0,2024-05-06
2024050601023140,TSHL,60,52,10.0,507.9,5079.0,2024-05-06
2024050601023139,PCBL,39,7,10.0,189.7,1897.0,2024-05-06
2024050601023138,UHEWA,35,34,10.0,384.0,3840.0,2024-05-06
2024050601023137,UHEWA,35,35,40.0,383.0,15320.0,2024-05-06
2024050604006678,LEC,11,52,10.0,181.0,1810.0,2024-05-06
2024050603014653,ICFC,52,36,15.0,516.0,7740.0,2024-05-06
2024050601023136,NIMB,51,17,875.0,151.0,132125.0,2024-05-06
2024050604006677,AKJCL,54,94,25.0,205.0,5125.0,2024-05-06
2024050604006676,UMHL,54,42,20.0,231.5,4630.0,2024-05-06
2024050604006675,IGI,6,38,173.0,524.3,90703.9,2024-05-06
2024050604006674,IGI,94,38,500.0,525.0,262500.0,2024-05-06
2024050604006673,IGI,42,38,190.0,525.0,99750.0,2024-05-06
2024050604006672,IGI,59,38,100.0,525.1,52510.0,2024-05-06
2024050604006671,IGI,16,38,97.0,525.1,50934.7,2024-05-06
2024050604006670,IGI,44,38,100.0,525.2,52520.0,2024-05-06
2024050604006669,IGI,38,38,50.0,525.2,26260.0,2024-05-06
2024050604006668,NICL,68,38,130.0,814.2,105846.0,2024-05-06
2024050604006667,NICL,4,38,200.0,815.0,163000.0,2024-05-06
2024050604006666,NICL,41,38,50.0,815.1,40755.0,2024-05-06
2024050604006665,NICL,53,38,120.0,817.0,98040.0,2024-05-06
2024050601023135,MEHL,43,45,21.0,304.0,6384.0,2024-05-06
2024050601023134,CLI,62,38,146.0,463.1,67612.6,2024-05-06
2024050601023133,CLI,49,38,184.0,463.1,85210.4,2024-05-06
2024050601023132,CLI,49,38,190.0,463.1,87989.0,2024-05-06
2024050601023131,HHL,34,40,291.0,338.8,98590.8,2024-05-06
2024050601023130,HHL,4,40,661.0,339.0,224079.0,2024-05-06
2024050603014652,ALICL,44,43,45.0,545.0,24525.0,2024-05-06
2024050603014651,ALICL,44,42,200.0,544.0,108800.0,2024-05-06
2024050603014650,ALICL,44,13,90.0,544.0,48960.0,2024-05-06
2024050603014649,ALICL,44,36,15.0,543.9,8158.5,2024-05-06
2024050603014648,SWBBL,44,57,10.0,755.0,7550.0,2024-05-06
2024050603014647,ACLBSL,62,62,10.0,813.5,8135.0,2024-05-06
2024050601023129,SNLI,22,36,30.0,589.0,17670.0,2024-05-06
2024050603014646,HLBSL,18,1,10.0,778.9,7789.0,2024-05-06
2024050604006664,UNHPL,45,6,1265.0,219.5,277667.5,2024-05-06
2024050604006663,UNHPL,45,85,50.0,219.0,10950.0,2024-05-06
2024050604006662,UNHPL,45,55,50.0,219.0,10950.0,2024-05-06
2024050604006661,UNHPL,45,57,60.0,219.0,13140.0,2024-05-06
2024050603014645,GUFL,32,42,100.0,701.9,70190.0,2024-05-06
2024050604006660,PRIN,5,49,24.0,763.1,18314.4,2024-05-06
2024050603014644,SDLBSL,26,42,66.0,847.0,55902.0,2024-05-06
2024050603014643,SDLBSL,43,42,122.0,850.0,103700.0,2024-05-06
2024050601023128,HHL,21,14,10.0,344.7,3447.0,2024-05-06
2024050603014642,VLBS,28,13,15.0,805.0,12075.0,2024-05-06
2024050603014641,VLBS,28,13,101.0,804.0,81204.0,2024-05-06
2024050603014640,VLBS,28,58,25.0,801.8,20045.0,2024-05-06
2024050603014639,VLBS,28,33,50.0,800.0,40000.0,2024-05-06
2024050603014638,VLBS,28,34,57.0,799.9,45594.3,2024-05-06
2024050603014637,VLBS,28,41,269.0,797.0,214393.0,2024-05-06
2024050603014636,VLBS,28,11,33.0,797.0,26301.0,2024-05-06
2024050603014635,VLBS,28,6,50.0,796.9,39845.0,2024-05-06
2024050601023127,KBL,52,84,5000.0,132.0,660000.0,2024-05-06
2024050601023126,CITY,34,49,10.0,578.0,5780.0,2024-05-06
2024050604006659,SHEL,75,35,10.0,149.0,1490.0,2024-05-06
2024050604006658,SHEL,55,35,10.0,149.0,1490.0,2024-05-06
2024050603014634,NABBC,38,58,100.0,424.4,42440.0,2024-05-06
2024050603014633,NABBC,38,58,100.0,430.0,43000.0,2024-05-06
2024050604006657,JOSHI,36,45,840.0,325.0,273000.0,2024-05-06
2024050604006656,JOSHI,36,49,50.0,325.0,16250.0,2024-05-06
2024050604006655,JOSHI,36,22,100.0,324.9,32490.0,2024-05-06
2024050604006654,JOSHI,36,7,10.0,324.9,3249.0,2024-05-06
2024050601023125,KDL,47,86,70.0,777.9,54453.0,2024-05-06
2024050601023124,KDL,47,55,20.0,777.2,15544.0,2024-05-06
2024050601023123,KDL,47,41,10.0,777.2,7772.0,2024-05-06
2024050601023122,KDL,47,38,10.0,776.3,7763.0,2024-05-06
2024050601023121,KDL,47,5,40.0,776.0,31040.0,2024-05-06
2024050603014632,ALBSL,70,64,22.0,774.0,17028.0,2024-05-06
2024050603014631,GBLBS,33,62,200.0,675.0,135000.0,2024-05-06
2024050603014630,PROFL,71,43,10.0,330.0,3300.0,2024-05-06
2024050601023120,KBSH,58,14,33.0,1012.0,33396.0,2024-05-06
2024050601023119,KBSH,19,14,20.0,1013.4,20268.0,2024-05-06
2024050601023118,KBSH,38,14,10.0,1015.0,10150.0,2024-05-06
2024050601023117,KBSH,38,14,10.0,1020.0,10200.0,2024-05-06
2024050601023116,KBSH,38,14,10.0,1021.0,10210.0,2024-05-06
2024050601023115,KBSH,38,14,10.0,1021.0,10210.0,2024-05-06
2024050601023114,KBSH,38,14,10.0,1022.0,10220.0,2024-05-06
2024050601023113,KBSH,38,14,20.0,1025.0,20500.0,2024-05-06
2024050601023112,KBSH,38,14,20.0,1030.0,20600.0,2024-05-06
2024050601023111,KBSH,38,14,34.0,1031.0,35054.0,2024-05-06
2024050601023110,KBSH,38,14,23.0,1033.0,23759.0,2024-05-06
2024050603014629,MFIL,25,1,15.0,512.9,7693.5,2024-05-06
2024050601023109,HHL,63,14,25.0,344.7,8617.5,2024-05-06
2024050601023108,RFPL,65,58,10.0,343.0,3430.0,2024-05-06
2024050601023107,HDL,52,14,25.0,1338.0,33450.0,2024-05-06
2024050603014628,SWMF,16,50,200.0,757.2,151440.0,2024-05-06
2024050604006653,RADHI,67,59,40.0,227.0,9080.0,2024-05-06
2024050604006652,RADHI,67,3,10.0,226.9,2269.0,2024-05-06
2024050603014627,GILB,62,52,100.0,1010.0,101000.0,2024-05-06
2024050603014626,LICN,41,33,10.0,1265.0,12650.0,2024-05-06
2024050603014625,ACLBSL,95,49,10.0,824.0,8240.0,2024-05-06
2024050604006651,API,17,42,500.0,163.6,81800.0,2024-05-06
2024050601023106,HHL,42,14,315.0,344.7,108580.5,2024-05-06
2024050601023105,HHL,42,14,110.0,344.7,37917.0,2024-05-06
2024050601023104,HHL,42,36,650.0,344.0,223600.0,2024-05-06
2024050601023103,HHL,42,32,100.0,344.0,34400.0,2024-05-06
2024050601023102,HHL,42,19,10.0,344.0,3440.0,2024-05-06
2024050601023101,HHL,42,41,200.0,344.0,68800.0,2024-05-06
2024050601023100,HHL,42,54,100.0,343.9,34390.0,2024-05-06
2024050601023099,HHL,42,58,15.0,339.1,5086.5,2024-05-06
2024050603014624,MNBBL,34,56,10.0,344.9,3449.0,2024-05-06
2024050601023098,RHGCL,69,68,50.0,344.5,17225.0,2024-05-06
2024050601023097,RHGCL,69,10,50.0,344.5,17225.0,2024-05-06
2024050601023096,RHGCL,69,65,200.0,344.0,68800.0,2024-05-06
2024050601023095,RHGCL,69,38,200.0,344.0,68800.0,2024-05-06
2024050601023094,RHGCL,69,45,100.0,343.0,34300.0,2024-05-06
2024050601023093,RHGCL,69,74,1000.0,343.0,343000.0,2024-05-06
2024050601023092,RHGCL,69,57,200.0,341.0,68200.0,2024-05-06
2024050601023091,RHGCL,69,25,100.0,341.0,34100.0,2024-05-06
2024050601023090,RHGCL,69,52,100.0,341.0,34100.0,2024-05-06
2024050603014623,SHINE,55,42,74.0,385.9,28556.6,2024-05-06
2024050604006650,RIDI,6,58,79.0,162.7,12853.3,2024-05-06
2024050601023089,EBL,33,38,10.0,497.9,4979.0,2024-05-06
2024050601023088,EBL,33,1,20.0,497.3,9946.0,2024-05-06
2024050605004127,NRIC,17,25,20.0,674.0,13480.0,2024-05-06
2024050601023087,VLUCL,35,14,10.0,454.0,4540.0,2024-05-06
2024050603014622,KLBSL,35,85,20.0,899.0,17980.0,2024-05-06
2024050603014621,KLBSL,35,17,30.0,898.9,26967.0,2024-05-06
2024050603014620,KLBSL,35,32,10.0,887.4,8874.0,2024-05-06
2024050603014619,KLBSL,35,57,10.0,886.0,8860.0,2024-05-06
2024050601023086,SARBTM,35,22,10.0,765.9,7659.0,2024-05-06
2024050601023085,SONA,56,51,10.0,437.6,4376.0,2024-05-06
2024050603014618,SDLBSL,43,38,50.0,850.0,42500.0,2024-05-06
2024050603014617,SDLBSL,43,45,100.0,850.0,85000.0,2024-05-06
2024050603014616,SDLBSL,43,4,28.0,850.0,23800.0,2024-05-06
2024050603014615,PROFL,56,43,30.0,330.0,9900.0,2024-05-06
2024050603014614,PROFL,38,43,10.0,330.0,3300.0,2024-05-06
2024050603014613,PROFL,52,43,408.0,330.5,134844.0,2024-05-06
2024050601023084,IHL,88,46,30.0,369.9,11097.0,2024-05-06
2024050601023083,IHL,88,51,10.0,369.0,3690.0,2024-05-06
2024050601023082,IHL,88,54,40.0,369.0,14760.0,2024-05-06
2024050601023081,MKHC,19,39,65.0,315.0,20475.0,2024-05-06
2024050601023080,MKHC,19,67,200.0,315.0,63000.0,2024-05-06
2024050601023079,MKHC,19,35,30.0,315.0,9450.0,2024-05-06
2024050601023078,MKHC,19,38,165.0,315.0,51975.0,2024-05-06
2024050601023077,MKHC,19,38,40.0,312.9,12516.0,2024-05-06
2024050603014612,GBLBS,34,62,1158.0,675.2,781881.6,2024-05-06
2024050603014611,GBLBS,33,62,43.0,675.2,29033.6,2024-05-06
2024050603014610,MLBL,74,11,357.0,322.1,114989.7,2024-05-06
2024050604006649,API,16,38,500.0,163.7,81850.0,2024-05-06
2024050601023076,CYCL,45,65,10.0,1598.0,15980.0,2024-05-06
2024050603014609,SHINE,80,42,140.0,386.0,54040.0,2024-05-06
2024050605004126,HRL,85,45,60.0,576.0,34560.0,2024-05-06
2024050605004125,HRL,38,45,40.0,576.0,23040.0,2024-05-06
2024050603014608,GRDBL,53,57,56.0,433.0,24248.0,2024-05-06
2024050603014607,GRDBL,17,57,20.0,433.1,8662.0,2024-05-06
2024050604006648,IGI,55,32,100.0,526.0,52600.0,2024-05-06
2024050601023075,TAMOR,3,58,820.0,356.8,292576.0,2024-05-06
2024050601023074,TAMOR,13,58,40.0,356.9,14276.0,2024-05-06
2024050603014606,CBBL,41,32,10.0,815.0,8150.0,2024-05-06
2024050603014605,CBBL,45,32,18.0,815.0,14670.0,2024-05-06
2024050603014604,CBBL,38,32,100.0,816.0,81600.0,2024-05-06
2024050603014603,CFCL,14,44,10.0,389.0,3890.0,2024-05-06
2024050604006647,LEC,35,38,120.0,182.0,21840.0,2024-05-06
2024050604006646,LEC,35,28,40.0,182.0,7280.0,2024-05-06
2024050604006645,LEC,35,67,100.0,181.8,18180.0,2024-05-06
2024050604006644,LEC,35,49,100.0,181.8,18180.0,2024-05-06
2024050604006643,LEC,35,42,140.0,181.5,25410.0,2024-05-06
2024050603014602,SADBL,51,88,335.0,305.0,102175.0,2024-05-06
2024050601023073,SARBTM,75,48,100.0,765.0,76500.0,2024-05-06
2024050604006642,RURU,6,48,76.0,502.0,38152.0,2024-05-06
2024050604006641,RURU,34,48,164.0,502.1,82344.4,2024-05-06
2024050601023072,PRVU,38,57,10.0,135.0,1350.0,2024-05-06
2024050603014601,ILBS,44,95,161.0,1189.9,191573.9,2024-05-06
2024050603014600,ILBS,44,48,19.0,1189.0,22591.0,2024-05-06
2024050603014599,ILBS,44,37,100.0,1189.0,118900.0,2024-05-06
2024050603014598,ILBS,44,42,10.0,1189.0,11890.0,2024-05-06
2024050603014597,ILBS,44,39,10.0,1188.0,11880.0,2024-05-06
2024050603014596,SWBBL,50,57,25.0,755.0,18875.0,2024-05-06
2024050601023071,HDL,13,14,10.0,1338.0,13380.0,2024-05-06
2024050603014595,NABBC,56,22,10.0,432.8,4328.0,2024-05-06
2024050603014594,SKBBL,13,16,400.0,794.5,317800.0,2024-05-06
2024050601023070,SBI,11,45,10.0,273.0,2730.0,2024-05-06
2024050601023069,SONA,42,49,19.0,438.0,8322.0,2024-05-06
2024050601023068,SONA,42,8,31.0,438.0,13578.0,2024-05-06
2024050603014593,ICFC,84,36,10.0,516.0,5160.0,2024-05-06
2024050601023067,PPL,10,69,40.0,510.0,20400.0,2024-05-06
2024050601023066,PPL,58,69,100.0,510.0,51000.0,2024-05-06
2024050601023065,PPL,41,69,10.0,510.0,5100.0,2024-05-06
2024050601023064,PPL,11,69,50.0,510.0,25500.0,2024-05-06
2024050601023063,PPL,28,69,100.0,511.0,51100.0,2024-05-06
2024050604006640,SGIC,32,6,10.0,525.0,5250.0,2024-05-06
2024050604006639,SGIC,32,19,10.0,524.9,5249.0,2024-05-06
2024050601023062,BEDC,17,39,100.0,360.8,36080.0,2024-05-06
2024050603014592,RSDC,34,35,20.0,710.0,14200.0,2024-05-06
2024050601023061,ILI,59,72,480.0,542.0,260160.0,2024-05-06
2024050603014591,ICFC,13,36,10.0,516.0,5160.0,2024-05-06
2024050605004124,HRL,32,59,200.0,576.1,115220.0,2024-05-06
2024050605004123,HRL,34,59,20.0,576.1,11522.0,2024-05-06
2024050605004122,HRL,36,59,20.0,576.2,11524.0,2024-05-06
2024050605004121,HRL,25,59,10.0,576.2,5762.0,2024-05-06
2024050605004120,HRL,21,59,100.0,576.2,57620.0,2024-05-06
2024050605004119,HRL,6,59,20.0,576.3,11526.0,2024-05-06
2024050605004118,HRL,57,59,30.0,577.0,17310.0,2024-05-06
2024050605004117,HRL,21,59,100.0,577.0,57700.0,2024-05-06
2024050604006638,GHL,45,57,740.0,145.8,107892.0,2024-05-06
2024050601023060,UHEWA,57,35,10.0,383.0,3830.0,2024-05-06
2024050603014590,MFIL,53,1,10.0,512.9,5129.0,2024-05-06
2024050601023059,MKHC,5,38,10.0,312.9,3129.0,2024-05-06
2024050601023058,MKHC,5,26,60.0,312.0,18720.0,2024-05-06
2024050601023057,CLI,1,47,291.0,463.0,134733.0,2024-05-06
2024050601023056,CLI,14,47,10.0,463.0,4630.0,2024-05-06
2024050601023055,CLI,22,47,50.0,463.0,23150.0,2024-05-06
2024050601023054,CLI,4,47,100.0,463.0,46300.0,2024-05-06
2024050601023053,CLI,57,47,49.0,463.0,22687.0,2024-05-06
2024050603014589,SHINE,58,4,267.0,390.0,104130.0,2024-05-06
2024050603014588,SHINE,58,32,100.0,390.0,39000.0,2024-05-06
2024050603014587,SHINE,58,7,104.0,390.0,40560.0,2024-05-06
2024050603014586,SHINE,58,58,1000.0,390.0,390000.0,2024-05-06
2024050603014585,SHINE,58,57,50.0,390.0,19500.0,2024-05-06
2024050603014584,SHINE,58,58,50.0,390.0,19500.0,2024-05-06
2024050603014583,SHINE,58,58,99.0,389.0,38511.0,2024-05-06
2024050603014582,SHINE,58,57,500.0,389.0,194500.0,2024-05-06
2024050603014581,SHINE,58,38,336.0,388.7,130603.2,2024-05-06
2024050603014580,SHINE,58,58,201.0,388.6,78108.6,2024-05-06
2024050603014579,SHINE,58,38,265.0,388.0,102820.0,2024-05-06
2024050603014578,SHINE,58,32,651.0,387.7,252392.7,2024-05-06
2024050603014577,SHINE,58,51,40.0,387.6,15504.0,2024-05-06
2024050603014576,SHINE,58,17,200.0,387.6,77520.0,2024-05-06
2024050603014575,SHINE,58,57,500.0,386.9,193450.0,2024-05-06
2024050603014574,SHINE,58,17,114.0,386.9,44106.6,2024-05-06
2024050603014573,SHINE,58,55,43.0,386.9,16636.7,2024-05-06
2024050603014572,SHINE,58,17,480.0,386.8,185664.0,2024-05-06
2024050601023052,NBL,35,52,10.0,198.8,1988.0,2024-05-06
2024050605004116,NRIC,48,42,100.0,675.0,67500.0,2024-05-06
2024050603014571,GBLBS,33,38,50.0,675.2,33760.0,2024-05-06
2024050603014570,SJLIC,22,25,20.0,404.1,8082.0,2024-05-06
2024050604006637,MHNL,47,11,10.0,248.5,2485.0,2024-05-06
2024050601023051,SMJC,59,41,150.0,345.0,51750.0,2024-05-06
2024050603014569,SAPDBL,21,71,50.0,318.0,15900.0,2024-05-06
2024050601023050,BHL,45,17,30.0,320.0,9600.0,2024-05-06
2024050601023049,CLI,57,34,51.0,463.0,23613.0,2024-05-06
2024050601023048,CLI,44,34,11.0,463.0,5093.0,2024-05-06
2024050601023047,CLI,34,34,35.0,463.1,16208.5,2024-05-06
2024050601023046,PCBL,49,91,107.0,189.0,20223.0,2024-05-06
2024050601023045,PCBL,58,91,20.0,189.0,3780.0,2024-05-06
2024050601023044,PCBL,47,91,1000.0,189.0,189000.0,2024-05-06
2024050601023043,PCBL,44,91,100.0,189.0,18900.0,2024-05-06
2024050601023042,PCBL,58,91,50.0,189.1,9455.0,2024-05-06
2024050601023041,PCBL,42,91,33.0,189.1,6240.3,2024-05-06
2024050601023040,PCBL,70,7,1000.0,189.7,189700.0,2024-05-06
2024050601023039,ILI,59,58,10.0,542.0,5420.0,2024-05-06
2024050601023038,GBIME,58,59,56.0,176.0,9856.0,2024-05-06
2024050601023037,MCHL,33,48,10.0,365.0,3650.0,2024-05-06
2024050601023036,MCHL,33,32,100.0,365.0,36500.0,2024-05-06
2024050601023035,MCHL,33,14,50.0,365.0,18250.0,2024-05-06
2024050601023034,MCHL,33,58,10.0,364.9,3649.0,2024-05-06
2024050603014568,SMFBS,25,33,10.0,1290.0,12900.0,2024-05-06
2024050604006636,AHPC,8,14,600.0,160.0,96000.0,2024-05-06
2024050604006635,AHPC,57,14,480.0,160.5,77040.0,2024-05-06
2024050603014567,NLIC,3,13,10.0,580.0,5800.0,2024-05-06
2024050603014566,NLIC,29,13,100.0,580.0,58000.0,2024-05-06
2024050603014565,NLIC,28,13,20.0,580.0,11600.0,2024-05-06
2024050603014564,NLIC,45,13,20.0,582.5,11650.0,2024-05-06
2024050601023033,SHLB,62,38,10.0,1195.0,11950.0,2024-05-06
2024050604006634,AKPL,59,38,200.0,164.0,32800.0,2024-05-06
2024050604006633,IGI,16,32,15.0,526.0,7890.0,2024-05-06
2024050603014563,KSBBL,16,26,10.0,368.6,3686.0,2024-05-06
2024050601023032,GCIL,28,86,11.0,482.9,5311.9,2024-05-06
2024050603014562,NICLBSL,74,45,140.0,652.6,91364.0,2024-05-06
2024050603014561,NICLBSL,57,45,200.0,652.6,130520.0,2024-05-06
2024050603014560,NICLBSL,52,45,340.0,653.0,222020.0,2024-05-06
2024050605004115,NRN,6,45,1960.0,491.0,962360.0,2024-05-06
2024050601023031,BHDC,50,57,10.0,478.9,4789.0,2024-05-06
2024050605004114,CHDC,7,33,10.0,705.0,7050.0,2024-05-06
2024050603014559,GUFL,1,35,10.0,703.0,7030.0,2024-05-06
2024050603014558,RSDC,34,7,10.0,710.0,7100.0,2024-05-06
2024050605004113,NRN,6,56,100.0,491.0,49100.0,2024-05-06
2024050601023030,CLI,32,7,100.0,464.0,46400.0,2024-05-06
2024050603014557,MPFL,66,22,30.0,433.9,13017.0,2024-05-06
2024050603014556,SDLBSL,26,33,200.0,847.0,169400.0,2024-05-06
2024050601023029,CLI,34,14,65.0,463.1,30101.5,2024-05-06
2024050601023028,CLI,25,14,10.0,463.1,4631.0,2024-05-06
2024050601023027,CLI,34,14,25.0,463.2,11580.0,2024-05-06
2024050604006632,DHPL,52,14,10.0,209.1,2091.0,2024-05-06
2024050604006631,DHPL,52,7,200.0,209.0,41800.0,2024-05-06
2024050604006630,DHPL,52,10,10.0,209.0,2090.0,2024-05-06
2024050604006629,DHPL,52,32,100.0,207.0,20700.0,2024-05-06
2024050604006628,DHPL,52,32,100.0,205.0,20500.0,2024-05-06
2024050604006627,DHPL,52,57,2000.0,205.0,410000.0,2024-05-06
2024050601023026,SARBTM,38,45,10.0,765.5,7655.0,2024-05-06
2024050601023025,SARBTM,38,53,20.0,765.5,15310.0,2024-05-06
2024050603014555,DDBL,52,38,50.0,692.0,34600.0,2024-05-06
2024050603014554,GILB,41,13,10.0,1006.0,10060.0,2024-05-06
2024050601023024,SONA,22,8,19.0,438.0,8322.0,2024-05-06
2024050601023023,SONA,22,42,10.0,438.0,4380.0,2024-05-06
2024050603014553,KSBBL,18,26,50.0,368.6,18430.0,2024-05-06
2024050603014552,GUFL,32,45,47.0,701.9,32989.3,2024-05-06
2024050603014551,GUFL,43,45,500.0,702.0,351000.0,2024-05-06
2024050603014550,GUFL,26,45,43.0,702.0,30186.0,2024-05-06
2024050603014549,GUFL,26,45,10.0,702.0,7020.0,2024-05-06
2024050605004112,HRL,40,7,10.0,577.0,5770.0,2024-05-06
2024050601023022,MEL,29,34,30.0,232.0,6960.0,2024-05-06
2024050603014548,ILBS,57,42,30.0,1181.2,35436.0,2024-05-06
2024050604006626,HPPL,42,45,10.0,253.7,2537.0,2024-05-06
2024050601023021,EHPL,42,74,10.0,449.9,4499.0,2024-05-06
2024050601023020,MEL,58,34,350.0,232.8,81480.0,2024-05-06
2024050604006625,IGI,58,26,100.0,526.0,52600.0,2024-05-06
2024050603014547,GUFL,26,58,10.0,702.0,7020.0,2024-05-06
2024050601023019,BHPL,35,52,145.0,540.0,78300.0,2024-05-06
2024050601023018,BHPL,35,51,267.0,538.0,143646.0,2024-05-06
2024050601023017,BHPL,35,35,88.0,538.0,47344.0,2024-05-06
2024050604006624,UAIL,77,34,10.0,537.0,5370.0,2024-05-06
2024050603014546,NUBL,32,50,76.0,647.0,49172.0,2024-05-06
2024050603014545,NUBL,52,50,100.0,647.1,64710.0,2024-05-06
2024050603014544,NUBL,37,50,90.0,647.2,58248.0,2024-05-06
2024050603014543,ALBSL,70,59,50.0,774.0,38700.0,2024-05-06
2024050601023016,HDL,41,14,50.0,1338.0,66900.0,2024-05-06
2024050603014542,SKBBL,6,16,500.0,795.0,397500.0,2024-05-06
2024050603014541,GBBL,21,59,70.0,363.9,25473.0,2024-05-06
2024050603014540,GBBL,21,14,30.0,363.8,10914.0,2024-05-06
2024050601023015,CLI,21,7,160.0,464.0,74240.0,2024-05-06
2024050601023014,RHGCL,21,57,100.0,340.9,34090.0,2024-05-06
2024050601023013,TPC,53,56,10.0,460.0,4600.0,2024-05-06
2024050603014539,SHINE,42,17,10.0,386.8,3868.0,2024-05-06
2024050601023012,RNLI,55,34,181.0,427.0,77287.0,2024-05-06
2024050603014538,MDB,70,42,50.0,443.0,22150.0,2024-05-06
2024050601023011,DORDI,87,45,10.0,408.0,4080.0,2024-05-06
2024050601023010,UHEWA,35,35,10.0,383.0,3830.0,2024-05-06
2024050601023009,SHIVM,35,50,30.0,500.0,15000.0,2024-05-06
2024050603014537,GUFL,26,52,30.0,702.0,21060.0,2024-05-06
2024050603014536,GUFL,50,74,50.0,702.0,35100.0,2024-05-06
2024050603014535,GUFL,14,74,20.0,702.0,14040.0,2024-05-06
2024050603014534,SABSL,42,62,160.0,798.8,127808.0,2024-05-06
2024050603014533,SABSL,1,62,100.0,799.0,79900.0,2024-05-06
2024050603014532,SABSL,42,62,100.0,800.0,80000.0,2024-05-06
2024050603014531,SABSL,22,62,15.0,800.0,12000.0,2024-05-06
2024050601023008,ILI,59,57,10.0,542.0,5420.0,2024-05-06
2024050601023007,MKHL,58,59,200.0,405.4,81080.0,2024-05-06
2024050601023006,MKHL,58,59,200.0,406.0,81200.0,2024-05-06
2024050601023005,MKHL,36,59,130.0,406.0,52780.0,2024-05-06
2024050601023004,MANDU,65,21,100.0,793.0,79300.0,2024-05-06
2024050603014530,RSDC,21,7,40.0,710.0,28400.0,2024-05-06
2024050604006623,PPCL,57,14,10.0,225.0,2250.0,2024-05-06
2024050605004111,HIDCL,45,72,20.0,161.0,3220.0,2024-05-06
2024050601023003,USHL,1,38,103.0,460.0,47380.0,2024-05-06
2024050601023002,USHL,1,42,172.0,460.0,79120.0,2024-05-06
2024050601023001,USHL,1,51,10.0,460.0,4600.0,2024-05-06
2024050601023000,USHL,1,57,600.0,460.0,276000.0,2024-05-06
2024050601022999,USHL,1,86,95.0,457.9,43500.5,2024-05-06
2024050601022998,USHL,1,28,10.0,457.9,4579.0,2024-05-06
2024050601022997,USHL,1,35,10.0,457.0,4570.0,2024-05-06
2024050603014529,MNBBL,4,1,248.0,343.9,85287.2,2024-05-06
2024050603014528,FMDBL,64,33,711.0,627.0,445797.0,2024-05-06
2024050603014527,FMDBL,64,71,500.0,626.9,313450.0,2024-05-06
2024050603014526,FMDBL,64,48,20.0,626.0,12520.0,2024-05-06
2024050603014525,FMDBL,64,48,30.0,626.0,18780.0,2024-05-06
2024050603014524,FMDBL,64,45,49.0,625.7,30659.3,2024-05-06
2024050603014523,FMDBL,64,32,190.0,625.6,118864.0,2024-05-06
2024050603014522,KRBL,58,57,106.0,422.0,44732.0,2024-05-06
2024050603014521,KRBL,58,1,50.0,421.9,21095.0,2024-05-06
2024050603014520,KRBL,58,14,100.0,421.0,42100.0,2024-05-06
2024050603014519,KRBL,58,74,34.0,420.5,14297.0,2024-05-06
2024050603014518,KRBL,58,67,10.0,420.0,4200.0,2024-05-06
2024050603014517,RSDC,62,33,208.0,708.7,147409.6,2024-05-06
2024050603014516,SMB,35,55,10.0,1410.0,14100.0,2024-05-06
2024050604006622,NICL,53,38,380.0,817.0,310460.0,2024-05-06
2024050604006621,NICL,48,38,120.0,817.5,98100.0,2024-05-06
2024050603014515,FMDBL,50,32,10.0,625.6,6256.0,2024-05-06
2024050604006620,UPCL,21,25,200.0,193.0,38600.0,2024-05-06
2024050603014514,LLBS,49,54,71.0,975.0,69225.0,2024-05-06
2024050603014513,LLBS,49,59,100.0,972.5,97250.0,2024-05-06
2024050603014512,LLBS,49,7,100.0,970.0,97000.0,2024-05-06
2024050603014511,LLBS,49,22,89.0,970.0,86330.0,2024-05-06
2024050603014510,LLBS,49,58,20.0,970.0,19400.0,2024-05-06
2024050603014509,LLBS,49,34,10.0,970.0,9700.0,2024-05-06
2024050603014508,LLBS,49,17,15.0,970.0,14550.0,2024-05-06
2024050603014507,LLBS,49,41,50.0,969.9,48495.0,2024-05-06
2024050603014506,LLBS,49,57,30.0,969.0,29070.0,2024-05-06
2024050603014505,LLBS,49,6,15.0,965.0,14475.0,2024-05-06
2024050603014504,ICFC,60,36,200.0,515.0,103000.0,2024-05-06
2024050603014503,ICFC,25,36,100.0,515.1,51510.0,2024-05-06
2024050604006619,HDHPC,14,21,97.0,130.0,12610.0,2024-05-06
2024050603014502,GLBSL,38,52,1000.0,1814.0,1814000.0,2024-05-06
2024050603014501,NFS,16,22,110.0,517.0,56870.0,2024-05-06
2024050603014500,NFS,11,22,40.0,517.0,20680.0,2024-05-06
2024050603014499,NFS,50,22,30.0,517.1,15513.0,2024-05-06
2024050603014498,NFS,34,22,485.0,518.0,251230.0,2024-05-06
2024050601022996,LSL,22,56,10.0,146.5,1465.0,2024-05-06
2024050603014497,NICLBSL,52,59,160.0,653.0,104480.0,2024-05-06
2024050603014496,NICLBSL,59,59,10.0,653.0,6530.0,2024-05-06
2024050603014495,HLI,59,52,10.0,384.0,3840.0,2024-05-06
2024050603014494,HLI,59,32,10.0,383.0,3830.0,2024-05-06
2024050603014493,HLI,59,45,10.0,382.0,3820.0,2024-05-06
2024050603014492,GUFL,14,49,30.0,702.0,21060.0,2024-05-06
2024050601022995,IHL,21,54,10.0,369.0,3690.0,2024-05-06
2024050601022994,ADBL,52,57,183.0,235.5,43096.5,2024-05-06
2024050601022993,ADBL,32,57,61.0,236.0,14396.0,2024-05-06
2024050603014491,WNLB,10,57,10.0,1325.2,13252.0,2024-05-06
2024050601022992,MHCL,49,45,350.0,379.0,132650.0,2024-05-06
2024050601022991,KBSH,38,45,10.0,1033.0,10330.0,2024-05-06
2024050601022990,ILI,28,1,148.0,538.1,79638.8,2024-05-06
2024050601022989,ILI,14,1,30.0,538.1,16143.0,2024-05-06
2024050601022988,ILI,14,1,500.0,538.2,269100.0,2024-05-06
2024050601022987,ILI,62,1,100.0,539.0,53900.0,2024-05-06
2024050601022986,ILI,45,1,10.0,539.0,5390.0,2024-05-06
2024050601022985,ILI,52,1,100.0,540.0,54000.0,2024-05-06
2024050601022984,ILI,49,1,190.0,540.0,102600.0,2024-05-06
2024050601022983,ILI,38,1,100.0,540.0,54000.0,2024-05-06
2024050601022982,ILI,50,1,50.0,540.0,27000.0,2024-05-06
2024050601022981,ILI,29,1,100.0,540.0,54000.0,2024-05-06
2024050601022980,ILI,57,1,200.0,540.1,108020.0,2024-05-06
2024050601022979,ILI,41,1,40.0,542.0,21680.0,2024-05-06
2024050601022978,ILI,25,1,30.0,542.0,16260.0,2024-05-06
2024050603014490,GUFL,14,4,100.0,702.0,70200.0,2024-05-06
2024050603014489,GUFL,63,4,100.0,702.0,70200.0,2024-05-06
2024050601022977,MHL,26,34,10.0,400.0,4000.0,2024-05-06
2024050603014488,GMFIL,58,4,140.0,371.0,51940.0,2024-05-06
2024050601022976,VLUCL,58,58,30.0,455.0,13650.0,2024-05-06
2024050601022975,MANDU,65,40,770.0,793.0,610610.0,2024-05-06
2024050605004110,STC,54,25,10.0,4325.0,43250.0,2024-05-06
2024050605004109,STC,54,5,10.0,4324.0,43240.0,2024-05-06
2024050605004108,STC,54,49,50.0,4299.9,214995.0,2024-05-06
2024050605004107,STC,54,43,50.0,4299.0,214950.0,2024-05-06
2024050601022974,EBL,51,38,500.0,496.0,248000.0,2024-05-06
2024050601022973,EBL,4,38,100.0,496.0,49600.0,2024-05-06
2024050601022972,EBL,38,38,200.0,496.0,99200.0,2024-05-06
2024050601022971,EBL,4,38,100.0,496.0,49600.0,2024-05-06
2024050601022970,EBL,32,38,100.0,496.0,49600.0,2024-05-06
2024050601022969,EBL,17,38,300.0,496.0,148800.0,2024-05-06
2024050601022968,EBL,17,38,696.0,496.0,345216.0,2024-05-06
2024050604006618,API,50,38,100.0,163.7,16370.0,2024-05-06
2024050604006617,API,40,38,83.0,163.7,13587.1,2024-05-06
2024050604006616,API,44,38,30.0,163.7,4911.0,2024-05-06
2024050604006615,API,47,38,24.0,163.7,3928.8,2024-05-06
2024050601022967,BHDC,50,49,10.0,479.0,4790.0,2024-05-06
2024050603014487,JFL,34,19,40.0,502.1,20084.0,2024-05-06
2024050603014486,JFL,42,19,50.0,502.1,25105.0,2024-05-06
2024050603014485,JFL,42,19,10.0,502.2,5022.0,2024-05-06
2024050603014484,MPFL,34,29,328.0,432.0,141696.0,2024-05-06
2024050603014483,MPFL,67,29,100.0,432.0,43200.0,2024-05-06
2024050603014482,MPFL,39,29,500.0,432.6,216300.0,2024-05-06
2024050603014481,MPFL,90,29,100.0,433.2,43320.0,2024-05-06
2024050603014480,MPFL,19,29,100.0,433.8,43380.0,2024-05-06
2024050603014479,HLBSL,42,45,16.0,775.1,12401.6,2024-05-06
2024050603014478,HLBSL,91,45,84.0,775.1,65108.4,2024-05-06
2024050604006614,UPPER,49,55,1000.0,162.0,162000.0,2024-05-06
2024050604006613,CHL,52,34,250.0,313.1,78275.0,2024-05-06
2024050603014477,RSDC,62,60,196.0,708.7,138905.2,2024-05-06
2024050603014476,RSDC,62,60,100.0,708.7,70870.0,2024-05-06
2024050603014475,RSDC,19,60,10.0,709.0,7090.0,2024-05-06
2024050603014474,RSDC,58,60,110.0,709.0,77990.0,2024-05-06
2024050603014473,RSDC,49,60,25.0,709.1,17727.5,2024-05-06
2024050601022966,PPL,39,63,50.0,515.0,25750.0,2024-05-06
2024050603014472,SMFBS,25,33,71.0,1290.0,91590.0,2024-05-06
2024050603014471,SMFBS,25,57,10.0,1290.0,12900.0,2024-05-06
2024050604006612,OHL,58,8,30.0,720.0,21600.0,2024-05-06
2024050603014470,PFL,58,45,10.0,662.4,6624.0,2024-05-06
2024050604006611,PPCL,52,14,35.0,225.0,7875.0,2024-05-06
2024050601022965,MAKAR,38,59,10.0,359.4,3594.0,2024-05-06
2024050603014469,FMDBL,44,32,100.0,625.6,62560.0,2024-05-06
2024050603014468,SWBBL,58,16,586.0,750.0,439500.0,2024-05-06
2024050603014467,SWBBL,44,16,200.0,751.0,150200.0,2024-05-06
2024050603014466,SWBBL,52,16,40.0,752.0,30080.0,2024-05-06
2024050603014465,MLBL,6,58,60.0,324.9,19494.0,2024-05-06
2024050605004106,HRL,49,70,64.0,578.0,36992.0,2024-05-06
2024050605004105,HRL,49,42,21.0,578.0,12138.0,2024-05-06
2024050605004104,HRL,49,43,15.0,577.0,8655.0,2024-05-06
2024050601022964,SRLI,49,3,30.0,434.0,13020.0,2024-05-06
2024050601022963,HDL,49,53,100.0,1335.7,133570.0,2024-05-06
2024050603014464,LLBS,57,57,60.0,956.2,57372.0,2024-05-06
2024050603014463,SADBL,55,88,100.0,305.0,30500.0,2024-05-06
2024050604006610,HURJA,74,36,50.0,277.0,13850.0,2024-05-06
2024050604006609,HURJA,22,36,10.0,277.0,2770.0,2024-05-06
2024050603014462,JFL,42,26,50.0,502.2,25110.0,2024-05-06
2024050603014461,RSDC,34,5,50.0,710.0,35500.0,2024-05-06
2024050603014460,SLBBL,34,16,10.0,689.9,6899.0,2024-05-06
2024050601022962,TAMOR,3,52,10.0,362.0,3620.0,2024-05-06
2024050603014459,SAPDBL,52,71,10.0,318.0,3180.0,2024-05-06
2024050601022961,ULBSL,19,48,40.0,1385.0,55400.0,2024-05-06
2024050601022960,PPL,45,54,10.0,514.0,5140.0,2024-05-06
2024050603014458,NADEP,51,17,70.0,720.0,50400.0,2024-05-06
2024050604006608,HURJA,38,26,100.0,278.0,27800.0,2024-05-06
2024050601022959,CYCL,62,59,150.0,1600.0,240000.0,2024-05-06
2024050604006607,SPDL,17,22,12.0,226.5,2718.0,2024-05-06
2024050603014457,GBBL,17,14,30.0,363.8,10914.0,2024-05-06
2024050601022958,MANDU,65,22,200.0,793.0,158600.0,2024-05-06
2024050604006606,RHPL,59,34,30.0,264.5,7935.0,2024-05-06
2024050604006605,RHPL,59,56,70.0,264.4,18508.0,2024-05-06
2024050603014456,KMCDB,43,7,77.0,855.9,65904.3,2024-05-06
2024050603014455,PROFL,52,45,112.0,330.5,37016.0,2024-05-06
2024050603014454,PROFL,14,45,150.0,332.0,49800.0,2024-05-06
2024050603014453,PROFL,66,45,100.0,332.0,33200.0,2024-05-06
2024050603014452,PROFL,4,45,18.0,332.0,5976.0,2024-05-06
2024050603014451,PROFL,58,45,30.0,332.1,9963.0,2024-05-06
2024050603014450,MLBSL,5,17,20.0,1700.0,34000.0,2024-05-06
2024050601022957,RNLI,55,42,58.0,427.0,24766.0,2024-05-06
2024050601022956,CLI,14,7,50.0,464.0,23200.0,2024-05-06
2024050601022955,UHEWA,35,34,20.0,384.0,7680.0,2024-05-06
2024050603014449,KLBSL,8,48,10.0,885.0,8850.0,2024-05-06
2024050603014448,JFL,42,52,90.0,502.2,45198.0,2024-05-06
2024050601022954,SARBTM,38,53,10.0,765.5,7655.0,2024-05-06
2024050601022953,PRVU,17,41,227.0,134.6,30554.2,2024-05-06
2024050603014447,GMFBS,16,11,10.0,1190.0,11900.0,2024-05-06
2024050605004103,NIFRA,34,41,78.0,194.0,15132.0,2024-05-06
2024050605004102,NIFRA,45,41,22.0,194.1,4270.2,2024-05-06
2024050605004101,CHDC,7,6,10.0,703.0,7030.0,2024-05-06
2024050601022952,VLUCL,35,49,100.0,454.0,45400.0,2024-05-06
2024050601022951,MAKAR,49,29,10.0,354.6,3546.0,2024-05-06
2024050601022950,KBL,52,45,55.0,132.0,7260.0,2024-05-06
2024050603014446,NFS,34,1,15.0,518.0,7770.0,2024-05-06
2024050603014445,NFS,1,1,465.0,518.0,240870.0,2024-05-06
2024050603014444,RLFL,45,70,200.0,367.0,73400.0,2024-05-06
2024050603014443,SLBBL,33,47,25.0,684.0,17100.0,2024-05-06
2024050601022949,MKHC,41,26,100.0,312.0,31200.0,2024-05-06
2024050601022948,MKHC,43,26,100.0,312.0,31200.0,2024-05-06
2024050603014442,NFS,3,32,15.0,520.0,7800.0,2024-05-06
2024050603014441,NFS,3,33,50.0,519.0,25950.0,2024-05-06
2024050603014440,NFS,3,17,435.0,519.0,225765.0,2024-05-06
2024050603014439,PROFL,33,28,100.0,333.0,33300.0,2024-05-06
2024050603014438,PROFL,33,37,226.0,332.8,75212.8,2024-05-06
2024050603014437,CFCL,25,41,40.0,387.0,15480.0,2024-05-06
2024050601022947,GCIL,50,25,655.0,480.1,314465.5,2024-05-06
2024050601022946,NRM,35,51,30.0,352.0,10560.0,2024-05-06
2024050604006604,UMHL,88,58,222.0,230.5,51171.0,2024-05-06
2024050604006603,UMHL,5,58,200.0,230.6,46120.0,2024-05-06
2024050604006602,UMHL,17,58,578.0,230.6,133286.8,2024-05-06
2024050605004100,HRL,49,58,10.0,576.2,5762.0,2024-05-06
2024050604006601,SHPC,72,45,130.0,322.0,41860.0,2024-05-06
2024050604006600,SHPC,72,13,70.0,322.0,22540.0,2024-05-06
2024050603014436,NADEP,44,17,50.0,720.0,36000.0,2024-05-06
2024050603014435,PROFL,17,37,100.0,332.8,33280.0,2024-05-06
2024050603014434,MERO,42,29,22.0,662.0,14564.0,2024-05-06
2024050601022945,BHL,5,17,10.0,320.0,3200.0,2024-05-06
2024050601022944,BHL,5,1,10.0,317.0,3170.0,2024-05-06
2024050601022943,BHL,5,17,20.0,317.0,6340.0,2024-05-06
2024050604006599,BARUN,36,42,213.0,224.9,47903.7,2024-05-06
2024050604006598,BARUN,36,56,287.0,224.0,64288.0,2024-05-06
2024050604006597,AKPL,47,38,500.0,164.0,82000.0,2024-05-06
2024050603014433,NICLBSL,59,56,40.0,653.0,26120.0,2024-05-06
2024050603014432,NICLBSL,67,56,30.0,653.0,19590.0,2024-05-06
2024050604006596,SHPC,8,13,100.0,322.0,32200.0,2024-05-06
2024050604006595,RURU,58,45,15.0,504.0,7560.0,2024-05-06
2024050601022942,CITY,69,38,10.0,570.7,5707.0,2024-05-06
2024050603014431,GUFL,63,72,100.0,702.0,70200.0,2024-05-06
2024050603014430,GUFL,55,72,300.0,702.0,210600.0,2024-05-06
2024050601022941,PRVU,39,41,10.0,134.6,1346.0,2024-05-06
2024050605004099,ENL,34,45,10.0,785.9,7859.0,2024-05-06
2024050603014429,MPFL,33,60,150.0,434.0,65100.0,2024-05-06
2024050603014428,FOWAD,45,35,10.0,1130.5,11305.0,2024-05-06
2024050604006594,RURU,52,45,40.0,504.0,20160.0,2024-05-06
2024050601022940,RHGCL,57,34,100.0,340.0,34000.0,2024-05-06
2024050601022939,PCBL,20,7,90.0,189.7,17073.0,2024-05-06
2024050601022938,CBLD88,6,58,25.0,1036.0,25900.0,2024-05-06
2024050604006593,GLH,44,42,200.0,202.0,40400.0,2024-05-06
2024050603014427,ICFC,13,36,10.0,516.0,5160.0,2024-05-06
2024050601022937,UHEWA,11,81,300.0,380.0,114000.0,2024-05-06
2024050603014426,HLBSL,18,1,10.0,778.9,7789.0,2024-05-06
2024050604006592,NIL,45,21,70.0,785.5,54985.0,2024-05-06
2024050601022936,HDL,56,53,100.0,1335.5,133550.0,2024-05-06
2024050603014425,MLBBL,49,38,10.0,1120.0,11200.0,2024-05-06
2024050605004098,HRL,5,43,20.0,577.0,11540.0,2024-05-06
2024050604006591,CHCL,42,22,20.0,429.0,8580.0,2024-05-06
2024050601022935,BHPL,62,14,10.0,522.0,5220.0,2024-05-06
2024050603014424,NMBMF,22,48,100.0,614.7,61470.0,2024-05-06
2024050604006590,NLG,28,34,100.0,757.0,75700.0,2024-05-06
2024050604006589,AKPL,58,38,30.0,164.0,4920.0,2024-05-06
2024050604006588,AKPL,57,38,50.0,164.0,8200.0,2024-05-06
2024050604006587,AKPL,57,38,955.0,164.0,156620.0,2024-05-06
2024050603014423,SFCL,17,58,10.0,338.0,3380.0,2024-05-06
2024050601022934,GBIME,57,59,100.0,176.0,17600.0,2024-05-06
2024050601022933,HATHY,43,45,164.0,835.1,136956.4,2024-05-06
2024050601022932,CLI,55,7,20.0,464.0,9280.0,2024-05-06
2024050603014422,JFL,4,49,100.0,504.0,50400.0,2024-05-06
2024050603014421,KSBBL,18,42,102.0,368.0,37536.0,2024-05-06
2024050603014420,KSBBL,35,42,198.0,368.0,72864.0,2024-05-06
2024050605004097,HIDCL,42,72,50.0,161.0,8050.0,2024-05-06
2024050601022931,DOLTI,32,84,1000.0,443.7,443700.0,2024-05-06
2024050604006586,LEC,35,42,60.0,181.5,10890.0,2024-05-06
2024050604006585,LEC,35,58,90.0,181.0,16290.0,2024-05-06
2024050604006584,LEC,35,38,50.0,180.5,9025.0,2024-05-06
2024050605004096,HRL,54,43,15.0,577.0,8655.0,2024-05-06
2024050601022930,CLI,54,42,10.0,463.1,4631.0,2024-05-06
2024050603014419,SFCL,34,58,20.0,338.0,6760.0,2024-05-06
2024050603014418,SHINE,80,46,300.0,386.0,115800.0,2024-05-06
2024050605004095,NRN,6,46,300.0,491.0,147300.0,2024-05-06
2024050604006583,CHCL,35,22,25.0,429.0,10725.0,2024-05-06
2024050604006582,CHCL,22,22,10.0,429.0,4290.0,2024-05-06
2024050604006581,CHCL,63,22,593.0,429.0,254397.0,2024-05-06
2024050601022929,CITY,86,47,10.0,578.0,5780.0,2024-05-06
2024050603014417,GMFIL,29,4,10.0,371.0,3710.0,2024-05-06
2024050604006580,RURU,34,57,36.0,502.1,18075.6,2024-05-06
2024050601022928,PHCL,57,34,10.0,287.9,2879.0,2024-05-06
2024050601022927,TAMOR,3,45,620.0,356.8,221216.0,2024-05-06
2024050603014416,SIFC,6,66,760.0,420.1,319276.0,2024-05-06
2024050603014415,RSDC,33,60,507.0,710.0,359970.0,2024-05-06
2024050603014414,SINDU,50,1,10.0,377.9,3779.0,2024-05-06
2024050601022926,GCIL,50,28,24.0,480.1,11522.4,2024-05-06
2024050603014413,MSLB,1,43,21.0,1176.0,24696.0,2024-05-06
2024050601022925,DOLTI,56,84,20.0,443.7,8874.0,2024-05-06
2024050603014412,SAPDBL,25,14,30.0,317.0,9510.0,2024-05-06
2024050603014411,SAPDBL,47,14,200.0,317.1,63420.0,2024-05-06
2024050601022924,NICA,14,16,162.0,346.9,56197.8,2024-05-06
2024050601022923,NICA,14,28,88.0,346.8,30518.4,2024-05-06
2024050604006579,NGPL,34,21,100.0,305.0,30500.0,2024-05-06
2024050601022922,CLI,44,34,19.0,463.0,8797.0,2024-05-06
2024050601022921,CLI,37,34,100.0,463.0,46300.0,2024-05-06
2024050601022920,CLI,50,34,10.0,463.0,4630.0,2024-05-06
2024050601022919,CLI,42,34,20.0,463.0,9260.0,2024-05-06
2024050601022918,CLI,37,34,170.0,463.0,78710.0,2024-05-06
2024050601022917,CLI,50,34,50.0,463.1,23155.0,2024-05-06
2024050601022916,CLI,45,34,50.0,463.1,23155.0,2024-05-06
2024050601022915,CLI,13,34,81.0,463.1,37511.1,2024-05-06
2024050601022914,SGHC,58,54,1000.0,316.0,316000.0,2024-05-06
2024050601022913,SMJC,59,22,20.0,345.0,6900.0,2024-05-06
2024050604006578,CHCL,63,16,200.0,429.0,85800.0,2024-05-06
2024050604006577,MEN,6,26,200.0,520.0,104000.0,2024-05-06
2024050604006576,MEN,6,58,10.0,520.0,5200.0,2024-05-06
2024050604006575,MEN,6,43,56.0,520.0,29120.0,2024-05-06
2024050603014410,SMFBS,18,32,91.0,1286.9,117107.9,2024-05-06
2024050601022912,GCIL,28,86,11.0,482.9,5311.9,2024-05-06
2024050601022911,GCIL,50,41,15.0,480.1,7201.5,2024-05-06
2024050603014409,GMFIL,29,22,400.0,370.0,148000.0,2024-05-06
2024050601022910,GVL,34,57,552.0,430.3,237525.6,2024-05-06
2024050603014408,RSDC,58,57,290.0,709.0,205610.0,2024-05-06
2024050604006574,JOSHI,32,45,366.0,322.0,117852.0,2024-05-06
2024050604006573,JOSHI,56,45,500.0,322.0,161000.0,2024-05-06
2024050604006572,JOSHI,36,45,134.0,322.0,43148.0,2024-05-06
2024050603014407,SADBL,45,88,500.0,305.0,152500.0,2024-05-06
2024050601022909,DLBS,26,49,2.0,1160.0,2320.0,2024-05-06
2024050601022908,DLBS,26,36,10.0,1160.0,11600.0,2024-05-06
2024050601022907,MKHL,36,36,380.0,406.0,154280.0,2024-05-06
2024050603014406,SHINE,80,57,560.0,386.0,216160.0,2024-05-06
2024050603014405,SABSL,22,33,10.0,800.0,8000.0,2024-05-06
2024050603014404,SADBL,38,88,200.0,305.0,61000.0,2024-05-06
2024050603014403,SADBL,14,88,100.0,305.0,30500.0,2024-05-06
2024050603014402,SADBL,58,88,30.0,305.8,9174.0,2024-05-06
2024050603014401,SADBL,35,88,35.0,305.8,10703.0,2024-05-06
2024050601022906,GCIL,40,86,15.0,482.9,7243.5,2024-05-06
2024050601022905,GCIL,40,56,485.0,482.8,234158.0,2024-05-06
2024050603014400,NADEP,34,17,10.0,720.0,7200.0,2024-05-06
2024050604006571,RIDI,58,58,310.0,163.0,50530.0,2024-05-06
2024050601022904,TSHL,90,57,10.0,507.9,5079.0,2024-05-06
2024050601022903,TSHL,90,48,50.0,507.0,25350.0,2024-05-06
2024050601022902,TSHL,90,21,10.0,507.0,5070.0,2024-05-06
2024050601022901,TSHL,90,42,10.0,507.0,5070.0,2024-05-06
2024050601022900,TSHL,90,48,10.0,506.0,5060.0,2024-05-06
2024050601022899,TSHL,90,6,10.0,505.0,5050.0,2024-05-06
2024050601022898,TSHL,90,34,500.0,505.0,252500.0,2024-05-06
2024050601022897,TSHL,90,20,10.0,504.0,5040.0,2024-05-06
2024050601022896,TSHL,90,49,10.0,504.0,5040.0,2024-05-06
2024050601022895,TSHL,90,38,471.0,500.0,235500.0,2024-05-06
2024050601022894,TSHL,90,45,100.0,500.0,50000.0,2024-05-06
2024050601022893,MBL,22,26,10.0,162.8,1628.0,2024-05-06
2024050603014399,RSDC,58,45,500.0,709.0,354500.0,2024-05-06
2024050601022892,MKCL,45,41,10.0,820.2,8202.0,2024-05-06
2024050601022891,SARBTM,75,94,50.0,765.0,38250.0,2024-05-06
2024050604006570,MHNL,47,59,410.0,243.7,99917.0,2024-05-06
2024050604006569,MHNL,47,28,390.0,242.0,94380.0,2024-05-06
2024050604006568,MHNL,47,34,300.0,238.0,71400.0,2024-05-06
2024050604006567,MHNL,47,34,200.0,234.6,46920.0,2024-05-06
2024050604006566,MHNL,47,5,100.0,233.5,23350.0,2024-05-06
2024050604006565,MHNL,47,28,50.0,233.5,11675.0,2024-05-06
2024050604006564,MHNL,47,16,55.0,232.9,12809.5,2024-05-06
2024050604006563,MHNL,47,36,490.0,232.5,113925.0,2024-05-06
2024050604006562,MHNL,47,26,250.0,232.4,58100.0,2024-05-06
2024050604006561,MHNL,47,1,480.0,232.0,111360.0,2024-05-06
2024050604006560,MHNL,47,36,2000.0,228.0,456000.0,2024-05-06
2024050604006559,MHNL,47,57,155.0,228.0,35340.0,2024-05-06
2024050601022890,SARBTM,75,56,85.0,765.0,65025.0,2024-05-06
2024050601022889,SARBTM,48,56,100.0,765.0,76500.0,2024-05-06
2024050601022888,SARBTM,55,56,150.0,765.0,114750.0,2024-05-06
2024050601022887,SARBTM,1,56,165.0,765.0,126225.0,2024-05-06
2024050601022886,EBL,17,38,304.0,496.0,150784.0,2024-05-06
2024050601022885,EBL,37,38,200.0,496.1,99220.0,2024-05-06
2024050601022884,EBL,22,38,97.0,496.2,48131.4,2024-05-06
2024050601022883,EBL,48,38,135.0,496.3,67000.5,2024-05-06
2024050601022882,EBL,17,38,60.0,496.3,29778.0,2024-05-06
2024050601022881,EBL,41,38,84.0,496.4,41697.6,2024-05-06
2024050601022880,EBL,51,38,50.0,496.6,24830.0,2024-05-06
2024050601022879,EBL,34,38,70.0,496.7,34769.0,2024-05-06
2024050601022878,ILI,25,38,10.0,542.0,5420.0,2024-05-06
2024050601022877,KBSH,38,34,17.0,1033.0,17561.0,2024-05-06
2024050601022876,MEL,58,51,10.0,232.0,2320.0,2024-05-06
2024050601022875,MEL,58,58,10.0,232.0,2320.0,2024-05-06
2024050601022874,MEL,58,14,500.0,232.0,116000.0,2024-05-06
2024050601022873,MEL,58,49,10.0,232.0,2320.0,2024-05-06
2024050601022872,MEL,58,11,20.0,232.0,4640.0,2024-05-06
2024050601022871,MEL,58,55,100.0,232.0,23200.0,2024-05-06
2024050601022870,KBSH,58,34,10.0,1033.0,10330.0,2024-05-06
2024050601022869,ILI,37,42,10.0,542.9,5429.0,2024-05-06
2024050601022868,ILI,37,68,190.0,542.5,103075.0,2024-05-06
2024050605004094,HRL,17,56,14.0,577.0,8078.0,2024-05-06
2024050604006558,AHPC,11,22,100.0,160.8,16080.0,2024-05-06
2024050604006557,SHL,70,42,100.0,431.9,43190.0,2024-05-06
2024050604006556,SHL,70,16,100.0,431.5,43150.0,2024-05-06
2024050605004093,NIFRA,45,36,10.0,194.1,1941.0,2024-05-06
2024050605004092,NRN,6,66,700.0,491.0,343700.0,2024-05-06
2024050605004091,NRN,36,66,300.0,491.1,147330.0,2024-05-06
2024050601022867,SARBTM,88,50,37.0,765.5,28323.5,2024-05-06
2024050603014398,SJLIC,41,25,10.0,404.1,4041.0,2024-05-06
2024050603014397,SADBL,35,42,965.0,305.8,295097.0,2024-05-06
2024050603014396,NLIC,28,58,30.0,580.0,17400.0,2024-05-06
2024050603014395,NLIC,41,58,89.0,580.0,51620.0,2024-05-06
2024050604006555,RIDI,57,58,25.0,163.0,4075.0,2024-05-06
2024050604006554,RIDI,57,58,86.0,163.0,14018.0,2024-05-06
2024050603014394,GLBSL,38,22,200.0,1814.0,362800.0,2024-05-06
2024050603014393,JFL,7,6,90.0,504.0,45360.0,2024-05-06
2024050601022866,SMJC,59,49,10.0,345.0,3450.0,2024-05-06
2024050601022865,AVYAN,45,57,20.0,749.7,14994.0,2024-05-06
2024050601022864,AVYAN,68,53,20.0,750.0,15000.0,2024-05-06
2024050604006553,TRH,26,8,40.0,703.0,28120.0,2024-05-06
2024050603014392,LLBS,51,56,80.0,956.1,76488.0,2024-05-06
2024050601022863,SHIVM,56,83,10.0,501.0,5010.0,2024-05-06
2024050601022862,PHCL,44,44,170.0,284.0,48280.0,2024-05-06
2024050601022861,PHCL,17,44,200.0,285.0,57000.0,2024-05-06
2024050601022860,PHCL,16,44,50.0,285.0,14250.0,2024-05-06
2024050601022859,PHCL,50,44,100.0,285.0,28500.0,2024-05-06
2024050601022858,PHCL,39,44,200.0,285.0,57000.0,2024-05-06
2024050601022857,PHCL,57,44,410.0,285.0,116850.0,2024-05-06
2024050601022856,PHCL,41,44,20.0,286.0,5720.0,2024-05-06
2024050604006552,SJCL,6,55,60.0,266.0,15960.0,2024-05-06
2024050601022855,HDL,56,49,16.0,1335.5,21368.0,2024-05-06
2024050601022854,HDL,34,49,10.0,1335.6,13356.0,2024-05-06
2024050604006551,AHPC,69,22,25.0,160.8,4020.0,2024-05-06
2024050601022853,JALPA,3,49,24.0,1235.0,29640.0,2024-05-06
2024050601022852,JALPA,47,49,30.0,1236.0,37080.0,2024-05-06
2024050601022851,JALPA,47,49,30.0,1236.2,37086.0,2024-05-06
2024050601022850,JALPA,69,49,11.0,1237.0,13607.0,2024-05-06
2024050601022849,JALPA,13,49,85.0,1237.1,105153.5,2024-05-06
2024050603014391,SDLBSL,26,49,134.0,847.0,113498.0,2024-05-06
2024050601022848,CZBIL,14,57,851.0,154.7,131649.7,2024-05-06
2024050604006550,AKJCL,45,94,290.0,205.0,59450.0,2024-05-06
2024050604006549,AKJCL,62,94,150.0,205.1,30765.0,2024-05-06
2024050603014390,MPFL,42,60,10.0,434.0,4340.0,2024-05-06
2024050603014389,CBBL,65,32,53.0,818.0,43354.0,2024-05-06
2024050601022847,CLI,13,40,10.0,463.1,4631.0,2024-05-06
2024050603014388,PFL,43,45,10.0,662.4,6624.0,2024-05-06
2024050604006548,NGPL,80,70,40.0,304.9,12196.0,2024-05-06
2024050604006547,GHL,50,13,50.0,145.3,7265.0,2024-05-06
2024050601022846,SHIVM,54,95,93.0,499.0,46407.0,2024-05-06
2024050601022845,SHIVM,91,95,110.0,499.1,54901.0,2024-05-06
2024050601022844,SHIVM,50,95,12.0,499.1,5989.2,2024-05-06
2024050601022843,SHIVM,50,95,20.0,499.3,9986.0,2024-05-06
2024050601022842,SHIVM,34,95,65.0,500.0,32500.0,2024-05-06
2024050605004090,CHDC,7,6,10.0,703.0,7030.0,2024-05-06
2024050601022841,SARBTM,1,41,50.0,765.0,38250.0,2024-05-06
2024050603014387,GLBSL,38,49,30.0,1814.0,54420.0,2024-05-06
2024050603014386,GLBSL,34,49,10.0,1819.0,18190.0,2024-05-06
2024050603014385,SIFC,45,4,100.0,421.0,42100.0,2024-05-06
2024050603014384,MPFL,64,60,50.0,434.0,21700.0,2024-05-06
2024050603014383,RSDC,58,56,100.0,709.0,70900.0,2024-05-06
2024050603014382,GUFL,48,35,140.0,703.0,98420.0,2024-05-06
2024050603014381,GUFL,39,35,100.0,703.0,70300.0,2024-05-06
2024050603014380,GUFL,57,35,50.0,703.0,35150.0,2024-05-06
2024050603014379,GUFL,34,35,125.0,703.0,87875.0,2024-05-06
2024050603014378,GUFL,52,35,200.0,703.0,140600.0,2024-05-06
2024050603014377,GUFL,42,35,344.0,703.2,241900.8,2024-05-06
2024050604006546,CHL,77,91,10.0,313.9,3139.0,2024-05-06
2024050601022840,BHPL,35,35,212.0,538.0,114056.0,2024-05-06
2024050601022839,BHPL,35,53,40.0,537.9,21516.0,2024-05-06
2024050601022838,BHPL,35,29,10.0,537.0,5370.0,2024-05-06
2024050601022837,BHPL,35,41,238.0,535.5,127449.0,2024-05-06
2024050604006545,LEC,35,38,50.0,180.5,9025.0,2024-05-06
2024050604006544,OHL,50,44,45.0,716.1,32224.5,2024-05-06
2024050601022836,PHCL,34,35,10.0,288.0,2880.0,2024-05-06
2024050603014376,NFS,46,17,65.0,519.0,33735.0,2024-05-06
2024050604006543,JOSHI,36,13,250.0,322.0,80500.0,2024-05-06
2024050603014375,MPFL,5,60,80.0,434.0,34720.0,2024-05-06
2024050601022835,MEHL,7,94,30.0,303.0,9090.0,2024-05-06
2024050601022834,MEHL,55,94,200.0,303.0,60600.0,2024-05-06
2024050601022833,MEHL,57,94,50.0,303.0,15150.0,2024-05-06
2024050601022832,MEHL,70,94,100.0,303.0,30300.0,2024-05-06
2024050601022831,MEHL,70,94,20.0,303.3,6066.0,2024-05-06
2024050603014374,MLBBL,18,60,316.0,1115.0,352340.0,2024-05-06
2024050603014373,MLBBL,56,60,100.0,1115.0,111500.0,2024-05-06
2024050604006542,NGPL,3,70,500.0,304.9,152450.0,2024-05-06
2024050601022830,TAMOR,3,11,10.0,362.0,3620.0,2024-05-06
2024050601022829,TAMOR,3,52,10.0,361.0,3610.0,2024-05-06
2024050604006541,KPCL,55,14,55.0,387.0,21285.0,2024-05-06
2024050604006540,KPCL,58,14,10.0,387.1,3871.0,2024-05-06
2024050601022828,EHPL,42,74,10.0,449.0,4490.0,2024-05-06
2024050603014372,GUFL,54,42,100.0,705.0,70500.0,2024-05-06
2024050601022827,BNHC,42,38,10.0,435.0,4350.0,2024-05-06
2024050601022826,CLI,50,7,500.0,464.0,232000.0,2024-05-06
2024050603014371,NUBL,34,21,110.0,648.0,71280.0,2024-05-06
2024050601022825,CYCL,62,39,38.0,1612.0,61256.0,2024-05-06
2024050601022824,CYCL,62,39,20.0,1612.0,32240.0,2024-05-06
2024050601022823,CYCL,62,59,100.0,1600.0,160000.0,2024-05-06
2024050601022822,CYCL,62,42,50.0,1600.0,80000.0,2024-05-06
2024050601022821,CYCL,62,29,10.0,1550.0,15500.0,2024-05-06
2024050601022820,CYCL,62,39,200.0,1550.0,310000.0,2024-05-06
2024050601022819,CYCL,62,57,100.0,1549.4,154940.0,2024-05-06
2024050601022818,CYCL,62,17,20.0,1527.9,30558.0,2024-05-06
2024050601022817,CYCL,62,22,50.0,1527.9,76395.0,2024-05-06
2024050601022816,CYCL,62,29,10.0,1527.9,15279.0,2024-05-06
2024050601022815,CYCL,62,21,100.0,1527.9,152790.0,2024-05-06
2024050601022814,CYCL,62,38,20.0,1527.9,30558.0,2024-05-06
2024050601022813,CYCL,62,22,32.0,1527.9,48892.8,2024-05-06
2024050601022812,CYCL,62,85,50.0,1527.0,76350.0,2024-05-06
2024050601022811,CYCL,62,85,20.0,1527.0,30540.0,2024-05-06
2024050601022810,CYCL,62,13,100.0,1525.0,152500.0,2024-05-06
2024050601022809,CYCL,62,34,100.0,1524.9,152490.0,2024-05-06
2024050601022808,CYCL,62,85,10.0,1523.0,15230.0,2024-05-06
2024050601022807,CYCL,62,41,20.0,1515.8,30316.0,2024-05-06
2024050601022806,CYCL,62,29,100.0,1514.0,151400.0,2024-05-06
2024050601022805,CYCL,62,17,30.0,1514.0,45420.0,2024-05-06
2024050601022804,CYCL,62,77,60.0,1510.0,90600.0,2024-05-06
2024050601022803,CYCL,62,44,23.0,1510.0,34730.0,2024-05-06
2024050601022802,CYCL,62,35,170.0,1510.0,256700.0,2024-05-06
2024050601022801,CYCL,62,59,13.0,1505.0,19565.0,2024-05-06
2024050601022800,CYCL,62,14,50.0,1504.5,75225.0,2024-05-06
2024050601022799,CYCL,62,58,10.0,1504.5,15045.0,2024-05-06
2024050601022798,CYCL,62,49,50.0,1504.4,75220.0,2024-05-06
2024050601022797,CYCL,62,29,100.0,1504.0,150400.0,2024-05-06
2024050601022796,CYCL,62,13,100.0,1500.0,150000.0,2024-05-06
2024050601022795,CYCL,62,19,15.0,1500.0,22500.0,2024-05-06
2024050601022794,CYCL,62,14,13.0,1500.0,19500.0,2024-05-06
2024050601022793,CYCL,62,33,50.0,1500.0,75000.0,2024-05-06
2024050601022792,CYCL,62,59,36.0,1500.0,54000.0,2024-05-06
2024050601022791,CYCL,62,62,300.0,1500.0,450000.0,2024-05-06
2024050601022790,CYCL,62,71,10.0,1500.0,15000.0,2024-05-06
2024050601022789,CYCL,62,38,20.0,1499.7,29994.0,2024-05-06
2024050601022788,CYCL,62,16,50.0,1498.0,74900.0,2024-05-06
2024050601022787,CYCL,62,6,100.0,1496.0,149600.0,2024-05-06
2024050601022786,CYCL,62,44,300.0,1496.0,448800.0,2024-05-06
2024050601022785,CYCL,62,14,200.0,1493.0,298600.0,2024-05-06
2024050601022784,CYCL,62,6,100.0,1490.0,149000.0,2024-05-06
2024050601022783,CYCL,62,54,200.0,1490.0,298000.0,2024-05-06
2024050604006539,CHCL,63,19,75.0,429.0,32175.0,2024-05-06
2024050601022782,KBL,52,84,5000.0,132.0,660000.0,2024-05-06
2024050603014370,MLBBL,50,6,400.0,1120.0,448000.0,2024-05-06
2024050603014369,NFS,46,57,185.0,519.0,96015.0,2024-05-06
2024050603014368,SIFC,6,57,100.0,420.1,42010.0,2024-05-06
2024050603014367,EDBL,10,32,100.0,366.0,36600.0,2024-05-06
2024050601022781,SMJC,59,47,100.0,345.0,34500.0,2024-05-06
2024050604006538,SPDL,17,22,11.0,226.5,2491.5,2024-05-06
2024050601022780,RFPL,58,91,338.0,338.1,114277.8,2024-05-06
2024050601022779,RFPL,62,91,402.0,338.2,135956.4,2024-05-06
2024050601022778,RFPL,18,91,110.0,338.3,37213.0,2024-05-06
2024050601022777,RFPL,21,91,150.0,339.0,50850.0,2024-05-06
2024050603014366,ICFC,4,36,35.0,516.0,18060.0,2024-05-06
2024050603014365,MLBL,66,58,270.0,324.9,87723.0,2024-05-06
2024050603014364,MLBL,66,22,30.0,324.9,9747.0,2024-05-06
2024050601022776,SRLI,56,3,45.0,434.0,19530.0,2024-05-06
2024050601022775,HDL,52,14,15.0,1338.0,20070.0,2024-05-06
2024050603014363,CORBL,36,72,100.0,450.0,45000.0,2024-05-06
2024050603014362,CORBL,25,72,200.0,451.0,90200.0,2024-05-06
2024050603014361,CORBL,54,72,250.0,451.0,112750.0,2024-05-06
2024050603014360,CORBL,13,72,735.0,451.2,331632.0,2024-05-06
2024050601022774,RFPL,21,38,50.0,339.0,16950.0,2024-05-06
2024050604006537,BPCL,8,50,251.0,292.0,73292.0,2024-05-06
2024050604006536,BPCL,39,50,100.0,292.0,29200.0,2024-05-06
2024050604006535,BPCL,26,50,1500.0,292.0,438000.0,2024-05-06
2024050604006534,BPCL,6,50,60.0,292.0,17520.0,2024-05-06
2024050604006533,BPCL,13,50,70.0,292.0,20440.0,2024-05-06
2024050604006532,BPCL,19,50,109.0,292.0,31828.0,2024-05-06
2024050604006531,BPCL,26,50,54.0,292.1,15773.4,2024-05-06
2024050604006530,BPCL,43,50,500.0,292.2,146100.0,2024-05-06
2024050604006529,BPCL,41,50,10.0,292.2,2922.0,2024-05-06
2024050604006528,BPCL,13,50,99.0,292.2,28927.8,2024-05-06
2024050604006527,BPCL,26,50,561.0,292.3,163980.3,2024-05-06
2024050604006526,BPCL,53,50,50.0,292.3,14615.0,2024-05-06
2024050605004089,HRL,62,6,419.0,579.0,242601.0,2024-05-06
2024050605004088,HRL,62,7,20.0,579.0,11580.0,2024-05-06
2024050605004087,HRL,62,58,10.0,579.0,5790.0,2024-05-06
2024050605004086,HRL,62,11,20.0,579.0,11580.0,2024-05-06
2024050605004085,HRL,62,4,14.0,578.0,8092.0,2024-05-06
2024050605004084,HRL,62,58,20.0,577.1,11542.0,2024-05-06
2024050605004083,HRL,62,49,47.0,577.0,27119.0,2024-05-06
2024050603014359,SMFBS,18,49,13.0,1287.0,16731.0,2024-05-06
2024050601022773,NABIL,43,29,100.0,424.0,42400.0,2024-05-06
2024050601022772,SONA,57,45,50.0,437.0,21850.0,2024-05-06
2024050601022771,SONA,18,45,50.0,437.0,21850.0,2024-05-06
2024050601022770,SONA,46,45,50.0,437.0,21850.0,2024-05-06
2024050601022769,SONA,91,45,500.0,437.0,218500.0,2024-05-06
2024050601022768,SONA,42,45,25.0,437.0,10925.0,2024-05-06
2024050601022767,SONA,11,45,50.0,437.0,21850.0,2024-05-06
2024050601022766,SONA,40,45,270.0,437.1,118017.0,2024-05-06
2024050603014358,NMBMF,33,36,144.0,615.0,88560.0,2024-05-06
2024050603014357,NMBMF,25,36,20.0,615.5,12310.0,2024-05-06
2024050603014356,CORBL,42,14,100.0,452.0,45200.0,2024-05-06
2024050603014355,ICFC,60,43,65.0,515.0,33475.0,2024-05-06
2024050603014354,ICFC,52,43,135.0,515.0,69525.0,2024-05-06
2024050603014353,ICFC,53,43,100.0,515.1,51510.0,2024-05-06
2024050603014352,ICFC,88,43,100.0,515.5,51550.0,2024-05-06
2024050603014351,ICFC,61,43,100.0,515.6,51560.0,2024-05-06
2024050601022765,SARBTM,38,50,10.0,765.5,7655.0,2024-05-06
2024050603014350,NADEP,42,17,80.0,719.5,57560.0,2024-05-06
2024050604006525,JOSHI,36,22,16.0,322.0,5152.0,2024-05-06
2024050604006524,JOSHI,36,22,84.0,322.0,27048.0,2024-05-06
2024050601022764,GBIME,38,59,50.0,176.0,8800.0,2024-05-06
2024050601022763,GBIME,57,59,200.0,176.0,35200.0,2024-05-06
2024050601022762,GBIME,49,59,14.0,176.0,2464.0,2024-05-06
2024050601022761,GBIME,33,59,166.0,176.0,29216.0,2024-05-06
2024050601022760,GBIME,21,59,100.0,176.0,17600.0,2024-05-06
2024050601022759,GBIME,19,59,50.0,176.0,8800.0,2024-05-06
2024050601022758,GBIME,58,59,10.0,176.0,1760.0,2024-05-06
2024050601022757,GBIME,42,59,140.0,176.0,24640.0,2024-05-06
2024050603014349,GUFL,1,42,85.0,705.0,59925.0,2024-05-06
2024050603014348,GUFL,1,4,100.0,705.0,70500.0,2024-05-06
2024050603014347,GUFL,1,35,15.0,705.0,10575.0,2024-05-06
2024050601022756,SONA,4,49,10.0,437.5,4375.0,2024-05-06
2024050604006523,API,47,39,608.0,163.7,99529.6,2024-05-06
2024050604006522,API,91,39,65.0,163.8,10647.0,2024-05-06
2024050604006521,API,22,39,10.0,163.8,1638.0,2024-05-06
2024050604006520,API,57,39,200.0,163.8,32760.0,2024-05-06
2024050604006519,API,39,39,50.0,163.9,8195.0,2024-05-06
2024050604006518,API,41,39,10.0,163.9,1639.0,2024-05-06
2024050604006517,API,7,39,300.0,164.0,49200.0,2024-05-06
2024050601022755,MANDU,65,41,10.0,792.0,7920.0,2024-05-06
2024050601022754,MANDU,65,25,300.0,790.0,237000.0,2024-05-06
2024050601022753,MANDU,65,32,50.0,790.0,39500.0,2024-05-06
2024050601022752,MANDU,65,87,10.0,790.0,7900.0,2024-05-06
2024050601022751,MANDU,65,52,10.0,790.0,7900.0,2024-05-06
2024050601022750,MANDU,65,47,10.0,790.0,7900.0,2024-05-06
2024050601022749,MANDU,65,11,10.0,790.0,7900.0,2024-05-06
2024050601022748,MANDU,65,14,10.0,790.0,7900.0,2024-05-06
2024050601022747,MANDU,65,49,10.0,789.0,7890.0,2024-05-06
2024050601022746,MANDU,65,62,50.0,789.0,39450.0,2024-05-06
2024050601022745,MANDU,65,57,10.0,786.0,7860.0,2024-05-06
2024050601022744,MANDU,65,56,20.0,786.0,15720.0,2024-05-06
2024050601022743,MANDU,65,95,10.0,784.0,7840.0,2024-05-06
2024050601022742,MANDU,65,35,10.0,784.0,7840.0,2024-05-06
2024050601022741,MBL,13,26,100.0,162.0,16200.0,2024-05-06
2024050601022740,CLI,43,7,30.0,464.0,13920.0,2024-05-06
2024050601022739,SARBTM,1,34,50.0,765.0,38250.0,2024-05-06
2024050601022738,KBSH,38,34,16.0,1031.0,16496.0,2024-05-06
2024050601022737,HBLD86,58,13,25.0,1050.0,26250.0,2024-05-06
2024050601022736,TPC,7,56,10.0,460.0,4600.0,2024-05-06
2024050601022735,MLBS,29,39,10.0,1189.7,11897.0,2024-05-06
2024050603014346,SHINE,49,57,190.0,386.0,73340.0,2024-05-06
2024050605004082,HRL,35,49,67.0,577.0,38659.0,2024-05-06
2024050601022734,SRLI,17,45,110.0,432.2,47542.0,2024-05-06
2024050601022733,SRLI,1,45,10.0,432.3,4323.0,2024-05-06
2024050601022732,SRLI,25,45,20.0,432.4,8648.0,2024-05-06
2024050601022731,SRLI,58,45,50.0,433.0,21650.0,2024-05-06
2024050601022730,SRLI,49,45,10.0,433.0,4330.0,2024-05-06
2024050603014345,SIFC,6,66,200.0,420.1,84020.0,2024-05-06
2024050601022729,KBL,52,56,50.0,132.0,6600.0,2024-05-06
2024050601022728,SIKLES,44,45,10.0,499.0,4990.0,2024-05-06
2024050601022727,SIKLES,44,35,10.0,494.9,4949.0,2024-05-06
2024050601022726,SIKLES,44,34,10.0,492.0,4920.0,2024-05-06
2024050603014344,ALBSL,39,18,11.0,775.0,8525.0,2024-05-06
2024050601022725,RHGCL,57,56,360.0,340.0,122400.0,2024-05-06
2024050604006516,UPPER,49,42,1305.0,162.0,211410.0,2024-05-06
2024050604006515,UPPER,45,42,100.0,162.2,16220.0,2024-05-06
2024050601022724,HDL,11,54,15.0,1338.0,20070.0,2024-05-06
2024050603014343,GUFL,19,35,15.0,705.0,10575.0,2024-05-06
2024050603014342,NFS,46,22,50.0,519.0,25950.0,2024-05-06
2024050603014341,PROFL,6,37,254.0,332.8,84531.2,2024-05-06
2024050603014340,PROFL,6,52,36.0,332.5,11970.0,2024-05-06
2024050603014339,PROFL,6,35,10.0,332.3,3323.0,2024-05-06
2024050603014338,KSBBL,57,26,50.0,368.6,18430.0,2024-05-06
2024050604006514,NGPL,60,21,203.0,305.0,61915.0,2024-05-06
2024050604006513,NGPL,60,45,100.0,305.0,30500.0,2024-05-06
2024050604006512,NGPL,60,48,697.0,305.0,212585.0,2024-05-06
2024050603014337,PROFL,58,39,20.0,332.1,6642.0,2024-05-06
2024050601022723,SPC,20,33,10.0,484.0,4840.0,2024-05-06
2024050601022722,BEDC,38,48,10.0,362.9,3629.0,2024-05-06
2024050601022721,CYCL,22,62,51.0,1427.0,72777.0,2024-05-06
2024050601022720,CYCL,29,62,10.0,1428.0,14280.0,2024-05-06
2024050601022719,CYCL,55,62,30.0,1430.0,42900.0,2024-05-06
2024050601022718,CYCL,55,62,30.0,1431.0,42930.0,2024-05-06
2024050601022717,CYCL,77,62,42.0,1431.0,60102.0,2024-05-06
2024050601022716,CYCL,57,62,50.0,1435.8,71790.0,2024-05-06
2024050601022715,CYCL,29,62,10.0,1436.0,14360.0,2024-05-06
2024050601022714,CYCL,13,62,100.0,1436.0,143600.0,2024-05-06
2024050601022713,CYCL,81,62,40.0,1436.8,57472.0,2024-05-06
2024050601022712,CYCL,33,62,100.0,1437.7,143770.0,2024-05-06
2024050601022711,CYCL,62,62,250.0,1437.7,359425.0,2024-05-06
2024050601022710,CYCL,42,62,50.0,1440.0,72000.0,2024-05-06
2024050601022709,CYCL,44,62,298.0,1440.0,429120.0,2024-05-06
2024050601022708,CYCL,66,62,600.0,1441.6,864960.0,2024-05-06
2024050601022707,CYCL,56,62,20.0,1445.0,28900.0,2024-05-06
2024050601022706,CYCL,64,62,50.0,1445.5,72275.0,2024-05-06
2024050601022705,CYCL,26,62,10.0,1445.5,14455.0,2024-05-06
2024050601022704,CYCL,59,62,500.0,1445.5,722750.0,2024-05-06
2024050601022703,CYCL,34,62,50.0,1446.0,72300.0,2024-05-06
2024050601022702,CYCL,39,62,30.0,1446.0,43380.0,2024-05-06
2024050601022701,CYCL,33,62,25.0,1446.0,36150.0,2024-05-06
2024050601022700,CYCL,37,62,20.0,1446.0,28920.0,2024-05-06
2024050601022699,CYCL,65,62,60.0,1447.3,86838.0,2024-05-06
2024050601022698,CYCL,26,62,77.0,1450.0,111650.0,2024-05-06
2024050601022697,CYCL,55,62,30.0,1450.0,43500.0,2024-05-06
2024050601022696,CYCL,53,62,100.0,1450.0,145000.0,2024-05-06
2024050601022695,CYCL,33,62,10.0,1450.0,14500.0,2024-05-06
2024050601022694,CYCL,22,62,20.0,1451.0,29020.0,2024-05-06
2024050601022693,CYCL,48,62,20.0,1451.0,29020.0,2024-05-06
2024050601022692,CYCL,19,62,30.0,1452.0,43560.0,2024-05-06
2024050601022691,CYCL,52,62,10.0,1452.0,14520.0,2024-05-06
2024050601022690,CYCL,45,62,50.0,1452.6,72630.0,2024-05-06
2024050601022689,CYCL,14,62,260.0,1455.0,378300.0,2024-05-06
2024050601022688,CYCL,14,62,50.0,1455.0,72750.0,2024-05-06
2024050601022687,CYCL,45,62,50.0,1455.0,72750.0,2024-05-06
2024050601022686,CYCL,6,62,30.0,1455.0,43650.0,2024-05-06
2024050601022685,CYCL,62,62,100.0,1455.1,145510.0,2024-05-06
2024050601022684,CYCL,19,62,10.0,1455.4,14554.0,2024-05-06
2024050601022683,CYCL,58,62,33.0,1457.0,48081.0,2024-05-06
2024050601022682,CYCL,48,62,100.0,1458.0,145800.0,2024-05-06
2024050601022681,CYCL,54,62,200.0,1458.0,291600.0,2024-05-06
2024050601022680,CYCL,34,62,485.0,1458.1,707178.5,2024-05-06
2024050601022679,CYCL,54,62,150.0,1459.0,218850.0,2024-05-06
2024050601022678,CYCL,45,62,20.0,1467.0,29340.0,2024-05-06
2024050601022677,CYCL,59,62,50.0,1467.1,73355.0,2024-05-06
2024050601022676,MHL,13,58,10.0,397.8,3978.0,2024-05-06
2024050603014336,JFL,7,11,10.0,505.0,5050.0,2024-05-06
2024050601022675,HHL,4,29,189.0,339.0,64071.0,2024-05-06
2024050601022674,HHL,52,29,10.0,339.0,3390.0,2024-05-06
2024050604006511,RURU,34,45,100.0,504.0,50400.0,2024-05-06
2024050604006510,RURU,32,45,20.0,504.8,10096.0,2024-05-06
2024050604006509,RURU,34,45,73.0,504.8,36850.4,2024-05-06
2024050603014335,KSBBL,35,57,750.0,368.0,276000.0,2024-05-06
2024050603014334,KSBBL,86,57,250.0,368.1,92025.0,2024-05-06
2024050603014333,KRBL,36,67,10.0,420.0,4200.0,2024-05-06
2024050603014332,ICFC,35,36,41.0,516.0,21156.0,2024-05-06
2024050604006508,PMHPL,40,57,480.0,222.9,106992.0,2024-05-06
2024050604006507,PMHPL,40,26,100.0,222.9,22290.0,2024-05-06
2024050601022673,RNLI,48,45,11.0,427.0,4697.0,2024-05-06
2024050601022672,RNLI,48,8,11.0,427.0,4697.0,2024-05-06
2024050601022671,RNLI,48,41,11.0,426.0,4686.0,2024-05-06
2024050601022670,RNLI,48,42,11.0,425.5,4680.5,2024-05-06
2024050601022669,MKHL,58,41,500.0,407.0,203500.0,2024-05-06
2024050601022668,CLI,7,7,50.0,464.0,23200.0,2024-05-06
2024050603014331,GRDBL,7,57,15.0,434.8,6522.0,2024-05-06
2024050604006506,AHPC,57,4,20.0,160.5,3210.0,2024-05-06
2024050601022667,BHDC,47,49,10.0,479.0,4790.0,2024-05-06
2024050601022666,RHGCL,69,3,1000.0,338.0,338000.0,2024-05-06
2024050601022665,SBL,6,39,10.0,217.8,2178.0,2024-05-06
2024050603014330,VLBS,58,39,10.0,787.0,7870.0,2024-05-06
2024050603014329,SADBL,52,42,10.0,305.8,3058.0,2024-05-06
2024050601022664,USHEC,77,48,120.0,364.0,43680.0,2024-05-06
2024050601022663,USHEC,77,58,30.0,363.9,10917.0,2024-05-06
2024050601022662,USHEC,77,36,150.0,362.0,54300.0,2024-05-06
2024050605004081,HRL,35,38,50.0,577.0,28850.0,2024-05-06
2024050605004080,HRL,35,22,383.0,577.0,220991.0,2024-05-06
2024050603014328,GUFL,42,37,156.0,703.2,109699.2,2024-05-06
2024050603014327,GUFL,36,37,150.0,703.3,105495.0,2024-05-06
2024050603014326,GUFL,62,37,124.0,705.0,87420.0,2024-05-06
2024050601022661,SHIVM,34,36,10.0,500.0,5000.0,2024-05-06
2024050601022660,SHIVM,34,47,125.0,500.0,62500.0,2024-05-06
2024050601022659,SAMAJ,33,19,10.0,1900.0,19000.0,2024-05-06
2024050601022658,SAMAJ,58,19,25.0,1911.0,47775.0,2024-05-06
2024050604006505,MEN,6,43,944.0,520.0,490880.0,2024-05-06
2024050604006504,MEN,6,13,56.0,520.0,29120.0,2024-05-06
2024050603014325,KSBBL,58,26,30.0,368.5,11055.0,2024-05-06
2024050601022657,ULHC,41,45,100.0,326.4,32640.0,2024-05-06
2024050601022656,TAMOR,3,45,990.0,356.8,353232.0,2024-05-06
2024050601022655,TAMOR,42,45,10.0,357.0,3570.0,2024-05-06
2024050603014324,SAPDBL,25,19,110.0,317.0,34870.0,2024-05-06
2024050604006503,SHEL,53,25,230.0,148.1,34063.0,2024-05-06
2024050604006502,SHEL,4,25,100.0,148.5,14850.0,2024-05-06
2024050601022654,SCB,5,35,30.0,513.5,15405.0,2024-05-06
2024050601022653,SCB,36,35,50.0,514.0,25700.0,2024-05-06
2024050601022652,SCB,53,35,20.0,514.0,10280.0,2024-05-06
2024050605004079,HIDCL,11,72,500.0,161.0,80500.0,2024-05-06
2024050603014323,SIFC,6,58,440.0,420.0,184800.0,2024-05-06
2024050601022651,PPL,58,63,14.0,515.0,7210.0,2024-05-06
2024050603014322,SIFC,29,58,50.0,420.0,21000.0,2024-05-06
2024050603014321,SIFC,28,58,10.0,420.0,4200.0,2024-05-06
2024050603014320,HLI,41,14,60.0,381.0,22860.0,2024-05-06
2024050601022650,SARBTM,1,49,30.0,765.0,22950.0,2024-05-06
2024050601022649,SARBTM,53,49,20.0,765.1,15302.0,2024-05-06
2024050601022648,UHEWA,57,45,10.0,385.0,3850.0,2024-05-06
2024050601022647,UHEWA,57,45,90.0,381.0,34290.0,2024-05-06
2024050603014319,MPFL,44,60,200.0,434.0,86800.0,2024-05-06
2024050603014318,MPFL,64,60,100.0,434.2,43420.0,2024-05-06
2024050603014317,MPFL,69,60,50.0,435.0,21750.0,2024-05-06
2024050603014316,MPFL,45,60,500.0,435.1,217550.0,2024-05-06
2024050603014315,MPFL,94,60,100.0,435.2,43520.0,2024-05-06
2024050603014314,MPFL,34,60,500.0,435.4,217700.0,2024-05-06
2024050603014313,MPFL,5,60,100.0,436.0,43600.0,2024-05-06
2024050603014312,MPFL,32,60,500.0,437.0,218500.0,2024-05-06
2024050603014311,MPFL,49,60,146.0,437.0,63802.0,2024-05-06
2024050603014310,MPFL,35,60,200.0,437.1,87420.0,2024-05-06
2024050603014309,MPFL,66,60,100.0,437.5,43750.0,2024-05-06
2024050601022646,SONA,40,39,730.0,437.1,319083.0,2024-05-06
2024050601022645,SONA,21,39,1000.0,437.2,437200.0,2024-05-06
2024050601022644,SONA,48,39,50.0,437.2,21860.0,2024-05-06
2024050601022643,SONA,6,39,100.0,437.3,43730.0,2024-05-06
2024050601022642,SONA,35,39,20.0,437.5,8750.0,2024-05-06
2024050601022641,SONA,58,39,100.0,438.0,43800.0,2024-05-06
2024050603014308,NFS,46,42,200.0,519.0,103800.0,2024-05-06
2024050601022640,UNLB,42,43,10.0,1600.0,16000.0,2024-05-06
2024050604006501,API,43,42,10.0,165.0,1650.0,2024-05-06
2024050604006500,API,43,42,90.0,164.5,14805.0,2024-05-06
2024050604006499,API,43,38,50.0,164.0,8200.0,2024-05-06
2024050601022639,AVYAN,52,17,10.0,750.0,7500.0,2024-05-06
2024050601022638,AVYAN,52,42,10.0,750.0,7500.0,2024-05-06
2024050601022637,BHPL,35,41,62.0,535.5,33201.0,2024-05-06
2024050601022636,BHPL,35,55,10.0,535.0,5350.0,2024-05-06
2024050601022635,BHPL,35,54,50.0,535.0,26750.0,2024-05-06
2024050601022634,BHPL,35,19,378.0,535.0,202230.0,2024-05-06
2024050603014307,GUFL,62,43,176.0,705.0,124080.0,2024-05-06
2024050605004078,HRL,46,54,6.0,566.5,3399.0,2024-05-06
2024050601022633,NRM,34,34,140.0,352.8,49392.0,2024-05-06
2024050601022632,NRM,34,48,10.0,352.7,3527.0,2024-05-06
2024050603014306,RSDC,45,60,50.0,710.0,35500.0,2024-05-06
2024050603014305,RSDC,67,60,500.0,710.0,355000.0,2024-05-06
2024050603014304,RSDC,38,60,100.0,710.0,71000.0,2024-05-06
2024050603014303,RSDC,67,60,100.0,710.0,71000.0,2024-05-06
2024050603014302,RSDC,62,60,1000.0,710.0,710000.0,2024-05-06
2024050603014301,RSDC,62,60,468.0,710.0,332280.0,2024-05-06
2024050603014300,RSDC,62,60,200.0,710.1,142020.0,2024-05-06
2024050603014299,RSDC,32,60,75.0,710.2,53265.0,2024-05-06
2024050601022631,PPL,42,63,50.0,515.0,25750.0,2024-05-06
2024050601022630,PPL,26,63,100.0,515.0,51500.0,2024-05-06
2024050601022629,PPL,38,63,100.0,515.0,51500.0,2024-05-06
2024050601022628,PPL,45,63,135.0,515.2,69552.0,2024-05-06
2024050605004077,KEF,28,39,1500.0,8.0,12000.0,2024-05-06
2024050603014298,MFIL,14,45,40.0,510.0,20400.0,2024-05-06
2024050603014297,MFIL,14,14,106.0,510.0,54060.0,2024-05-06
2024050604006498,PPCL,14,14,20.0,225.0,4500.0,2024-05-06
2024050605004076,STC,13,42,15.0,4274.2,64113.0,2024-05-06
2024050601022627,BHPL,35,19,15.0,535.0,8025.0,2024-05-06
2024050601022626,BHPL,35,58,10.0,535.0,5350.0,2024-05-06
2024050601022625,BHPL,35,10,475.0,535.0,254125.0,2024-05-06
2024050603014296,FMDBL,44,48,30.0,625.0,18750.0,2024-05-06
2024050603014295,FMDBL,44,39,100.0,625.0,62500.0,2024-05-06
2024050603014294,FMDBL,44,48,50.0,624.5,31225.0,2024-05-06
2024050603014293,FMDBL,44,38,10.0,624.0,6240.0,2024-05-06
2024050604006497,UMHL,41,50,10.0,230.8,2308.0,2024-05-06
2024050601022624,ILI,93,68,10.0,542.5,5425.0,2024-05-06
2024050601022623,ILI,93,1,50.0,541.9,27095.0,2024-05-06
2024050603014292,SAPDBL,82,19,290.0,317.0,91930.0,2024-05-06
2024050603014291,GBLBS,34,58,42.0,675.0,28350.0,2024-05-06
2024050601022622,MKCL,40,6,10.0,820.2,8202.0,2024-05-06
2024050603014290,GBLBS,88,58,100.0,675.0,67500.0,2024-05-06
2024050603014289,GBLBS,33,58,23.0,675.0,15525.0,2024-05-06
2024050603014288,SJLIC,57,46,30.0,405.0,12150.0,2024-05-06
2024050601022621,PPL,45,57,220.0,515.2,113344.0,2024-05-06
2024050601022620,PPL,45,57,30.0,515.3,15459.0,2024-05-06
2024050601022619,PPL,58,57,10.0,515.3,5153.0,2024-05-06
2024050601022618,PPL,6,57,60.0,515.3,30918.0,2024-05-06
2024050605004075,HRL,32,22,500.0,577.0,288500.0,2024-05-06
2024050603014287,HLBSL,91,43,16.0,775.1,12401.6,2024-05-06
2024050603014286,HLBSL,37,43,10.0,775.2,7752.0,2024-05-06
2024050603014285,HLBSL,18,43,64.0,776.0,49664.0,2024-05-06
2024050603014284,HLBSL,52,43,10.0,777.0,7770.0,2024-05-06
2024050603014283,HLBSL,38,43,50.0,777.1,38855.0,2024-05-06
2024050603014282,RSDC,33,51,10.0,715.0,7150.0,2024-05-06
2024050603014281,RSDC,33,58,10.0,713.2,7132.0,2024-05-06
2024050604006496,AKPL,57,34,45.0,164.0,7380.0,2024-05-06
2024050601022617,RFPL,18,22,190.0,338.3,64277.0,2024-05-06
2024050601022616,RFPL,13,22,10.0,338.4,3384.0,2024-05-06
2024050601022615,RFPL,45,22,10.0,338.5,3385.0,2024-05-06
2024050601022614,RFPL,56,22,50.0,338.6,16930.0,2024-05-06
2024050601022613,RFPL,13,22,10.0,338.7,3387.0,2024-05-06
2024050601022612,RFPL,13,22,10.0,338.8,3388.0,2024-05-06
2024050601022611,RFPL,13,22,10.0,338.9,3389.0,2024-05-06
2024050601022610,RFPL,21,22,220.0,339.1,74602.0,2024-05-06
2024050601022609,RFPL,82,22,490.0,339.2,166208.0,2024-05-06
2024050603014280,SMFBS,18,49,91.0,1287.0,117117.0,2024-05-06
2024050605004074,NRIC,32,7,34.0,674.0,22916.0,2024-05-06
2024050604006495,SICL,28,53,11.0,683.0,7513.0,2024-05-06
2024050601022608,MKHL,34,41,45.0,407.0,18315.0,2024-05-06
2024050601022607,MKHL,21,41,500.0,407.0,203500.0,2024-05-06
2024050601022606,MKHL,58,41,100.0,407.1,40710.0,2024-05-06
2024050605004073,HIDCL,42,72,205.0,161.0,33005.0,2024-05-06
2024050604006494,DHPL,52,52,10.0,205.0,2050.0,2024-05-06
2024050604006493,DHPL,52,33,100.0,203.9,20390.0,2024-05-06
2024050604006492,DHPL,52,72,100.0,203.2,20320.0,2024-05-06
2024050604006491,DHPL,52,57,100.0,203.0,20300.0,2024-05-06
2024050604006490,DHPL,52,43,200.0,203.0,40600.0,2024-05-06
2024050601022605,SGHC,41,35,10.0,313.0,3130.0,2024-05-06
2024050603014279,PFL,35,45,66.0,662.4,43718.4,2024-05-06
2024050605004072,HRL,33,22,10.0,577.0,5770.0,2024-05-06
2024050601022604,NIMB,22,17,125.0,151.0,18875.0,2024-05-06
2024050604006489,IGI,13,85,100.0,526.0,52600.0,2024-05-06
2024050603014278,SWMF,55,42,10.0,759.0,7590.0,2024-05-06
2024050605004071,NRN,6,45,850.0,493.0,419050.0,2024-05-06
2024050605004070,NRN,36,45,190.0,493.1,93689.0,2024-05-06
2024050604006488,UMHL,41,36,180.0,230.8,41544.0,2024-05-06
2024050604006487,SSHL,5,21,10.0,162.4,1624.0,2024-05-06
2024050604006486,SGIC,32,6,10.0,525.0,5250.0,2024-05-06
2024050601022603,HATHY,43,51,22.0,835.1,18372.2,2024-05-06
2024050604006485,RIDI,57,38,1914.0,163.0,311982.0,2024-05-06
2024050604006484,RIDI,47,38,286.0,163.0,46618.0,2024-05-06
2024050603014277,USLB,62,21,10.0,2005.0,20050.0,2024-05-06
2024050605004069,HRL,57,22,107.0,577.0,61739.0,2024-05-06
2024050603014276,RSDC,32,68,425.0,710.2,301835.0,2024-05-06
2024050603014275,RSDC,4,68,50.0,712.0,35600.0,2024-05-06
2024050603014274,RSDC,47,68,15.0,712.0,10680.0,2024-05-06
2024050603014273,RSDC,41,68,10.0,712.5,7125.0,2024-05-06
2024050601022602,RNLI,55,49,11.0,425.0,4675.0,2024-05-06
2024050601022601,GVL,34,53,130.0,430.3,55939.0,2024-05-06
2024050601022600,GVL,34,53,70.0,430.3,30121.0,2024-05-06
2024050601022599,CLI,36,7,20.0,464.0,9280.0,2024-05-06
2024050601022598,RAWA,57,42,489.0,473.0,231297.0,2024-05-06
2024050601022597,GCIL,50,65,164.0,480.1,78736.4,2024-05-06
2024050603014272,GMFIL,14,45,73.0,368.0,26864.0,2024-05-06
2024050603014271,GUFL,34,43,100.0,705.0,70500.0,2024-05-06
2024050603014270,GUFL,65,43,50.0,705.0,35250.0,2024-05-06
2024050603014269,GUFL,57,43,50.0,705.0,35250.0,2024-05-06
2024050603014268,GUFL,4,43,10.0,705.0,7050.0,2024-05-06
2024050603014267,GUFL,58,43,10.0,705.0,7050.0,2024-05-06
2024050603014266,GUFL,45,43,100.0,705.0,70500.0,2024-05-06
2024050603014265,GUFL,48,43,100.0,705.0,70500.0,2024-05-06
2024050603014264,GUFL,7,43,50.0,705.0,35250.0,2024-05-06
2024050603014263,GUFL,6,43,20.0,705.0,14100.0,2024-05-06
2024050603014262,GUFL,58,43,100.0,705.0,70500.0,2024-05-06
2024050603014261,GUFL,70,43,30.0,705.0,21150.0,2024-05-06
2024050603014260,GUFL,58,43,25.0,705.0,17625.0,2024-05-06
2024050603014259,GUFL,59,43,320.0,705.1,225632.0,2024-05-06
2024050601022596,BHPL,35,10,25.0,535.0,13375.0,2024-05-06
2024050601022595,BHPL,35,88,90.0,535.0,48150.0,2024-05-06
2024050601022594,BHPL,35,42,385.0,534.5,205782.5,2024-05-06
2024050601022593,HDL,54,35,1.0,1335.0,1335.0,2024-05-06
2024050601022592,HDL,58,35,10.0,1335.0,13350.0,2024-05-06
2024050601022591,HDL,45,35,10.0,1335.0,13350.0,2024-05-06
2024050601022590,HDL,48,35,50.0,1336.0,66800.0,2024-05-06
2024050601022589,HDL,17,35,10.0,1336.0,13360.0,2024-05-06
2024050601022588,HDL,57,35,50.0,1336.0,66800.0,2024-05-06
2024050601022587,HDL,42,35,10.0,1336.0,13360.0,2024-05-06
2024050601022586,DORDI,57,62,50.0,403.2,20160.0,2024-05-06
2024050604006483,RURU,34,14,27.0,504.8,13629.6,2024-05-06
2024050601022585,NICA,42,4,70.0,346.7,24269.0,2024-05-06
2024050601022584,GVL,34,3,930.0,430.3,400179.0,2024-05-06
2024050601022583,GVL,54,3,10.0,430.3,4303.0,2024-05-06
2024050601022582,GVL,54,3,20.0,430.3,8606.0,2024-05-06
2024050601022581,GVL,54,3,10.0,430.3,4303.0,2024-05-06
2024050601022580,GVL,34,3,30.0,430.4,12912.0,2024-05-06
2024050601022579,SPL,42,77,10.0,635.0,6350.0,2024-05-06
2024050601022578,NMBD87/88,47,52,110.0,981.0,107910.0,2024-05-06
2024050604006482,MEN,6,13,100.0,520.0,52000.0,2024-05-06
2024050601022577,CLI,7,7,100.0,464.0,46400.0,2024-05-06
2024050604006481,UPPER,3,52,25.0,162.9,4072.5,2024-05-06
2024050603014258,SHINE,57,57,200.0,386.0,77200.0,2024-05-06
2024050601022576,SAHAS,6,56,100.0,487.0,48700.0,2024-05-06
2024050604006480,NHPC,42,4,390.0,144.4,56316.0,2024-05-06
2024050604006479,NHPC,42,50,250.0,144.4,36100.0,2024-05-06
2024050604006478,MHNL,8,35,31.0,222.4,6894.4,2024-05-06
2024050604006477,MHNL,55,35,200.0,222.5,44500.0,2024-05-06
2024050604006476,MHNL,45,35,40.0,223.0,8920.0,2024-05-06
2024050604006475,SHEL,38,35,1000.0,149.0,149000.0,2024-05-06
2024050605004068,CIT,11,14,10.0,2082.0,20820.0,2024-05-06
2024050603014257,HLI,19,14,140.0,381.0,53340.0,2024-05-06
2024050604006474,NGPL,80,48,303.0,305.0,92415.0,2024-05-06
2024050604006473,NGPL,80,17,100.0,305.0,30500.0,2024-05-06
2024050601022575,KBL,52,72,6600.0,132.0,871200.0,2024-05-06
2024050601022574,NIMB,38,5,10.0,151.4,1514.0,2024-05-06
2024050604006472,UNHPL,36,7,20.0,218.1,4362.0,2024-05-06
2024050604006471,TRH,85,58,500.0,702.0,351000.0,2024-05-06
2024050601022573,HDL,36,45,10.0,1338.0,13380.0,2024-05-06
2024050601022572,HHL,52,57,10.0,339.0,3390.0,2024-05-06
2024050604006470,LEC,11,58,10.0,181.0,1810.0,2024-05-06
2024050603014256,ALBSL,19,59,40.0,777.9,31116.0,2024-05-06
2024050603014255,ALBSL,19,45,10.0,777.0,7770.0,2024-05-06
2024050601022571,MEHL,70,55,10.0,303.3,3033.0,2024-05-06
2024050601022570,BHPL,35,42,415.0,534.5,221817.5,2024-05-06
2024050601022569,BHPL,35,40,500.0,534.0,267000.0,2024-05-06
2024050601022568,BHPL,35,53,60.0,532.9,31974.0,2024-05-06
2024050601022567,BHPL,35,32,25.0,532.0,13300.0,2024-05-06
2024050601022566,CLI,35,7,25.0,464.0,11600.0,2024-05-06
2024050604006469,MEN,35,13,195.0,520.0,101400.0,2024-05-06
2024050604006468,MEN,35,38,95.0,519.4,49343.0,2024-05-06
2024050604006467,MEN,35,58,10.0,519.4,5194.0,2024-05-06
2024050604006466,MEN,35,38,200.0,519.3,103860.0,2024-05-06
2024050603014254,HLI,19,32,60.0,381.0,22860.0,2024-05-06
2024050601022565,HDL,59,45,10.0,1338.0,13380.0,2024-05-06
2024050603014253,GBBL,34,70,59.0,363.8,21464.2,2024-05-06
2024050604006465,UAIL,85,34,325.0,527.0,171275.0,2024-05-06
2024050604006464,UAIL,49,34,300.0,527.0,158100.0,2024-05-06
2024050604006463,UAIL,35,34,50.0,527.3,26365.0,2024-05-06
2024050604006462,UAIL,34,34,30.0,527.3,15819.0,2024-05-06
2024050604006461,UAIL,25,34,20.0,528.0,10560.0,2024-05-06
2024050604006460,UAIL,43,34,14.0,528.0,7392.0,2024-05-06
2024050604006459,UAIL,6,34,100.0,529.0,52900.0,2024-05-06
2024050604006458,UAIL,13,34,100.0,530.0,53000.0,2024-05-06
2024050604006457,UAIL,56,34,327.0,530.0,173310.0,2024-05-06
2024050604006456,UAIL,17,34,273.0,530.1,144717.3,2024-05-06
2024050604006455,UAIL,62,34,150.0,530.2,79530.0,2024-05-06
2024050604006454,UAIL,16,34,110.0,531.0,58410.0,2024-05-06
2024050604006453,GHL,61,57,10.0,145.8,1458.0,2024-05-06
2024050603014252,GUFL,59,58,10.0,705.1,7051.0,2024-05-06
2024050604006452,UPCL,35,36,100.0,192.5,19250.0,2024-05-06
2024050603014251,BFC,26,5,10.0,384.9,3849.0,2024-05-06
2024050605004067,NIFRA,45,56,54.0,194.1,10481.4,2024-05-06
2024050601022564,SNLI,58,35,10.0,587.0,5870.0,2024-05-06
2024050603014250,NICLBSL,34,56,10.0,655.0,6550.0,2024-05-06
2024050603014249,GUFL,59,1,130.0,705.1,91663.0,2024-05-06
2024050603014248,NADEP,55,17,200.0,720.0,144000.0,2024-05-06
2024050601022563,TSHL,90,58,10.0,495.4,4954.0,2024-05-06
2024050605004066,NIFRA,45,57,50.0,194.1,9705.0,2024-05-06
2024050603014247,ACLBSL,62,14,94.0,813.5,76469.0,2024-05-06
2024050601022562,BHPL,40,32,55.0,532.0,29260.0,2024-05-06
2024050601022561,BHPL,40,19,10.0,532.0,5320.0,2024-05-06
2024050601022560,BHPL,40,45,80.0,530.0,42400.0,2024-05-06
2024050601022559,BHPL,40,49,10.0,530.0,5300.0,2024-05-06
2024050601022558,BHPL,40,22,100.0,530.0,53000.0,2024-05-06
2024050601022557,BHPL,40,43,10.0,530.0,5300.0,2024-05-06
2024050601022556,BHPL,40,42,10.0,530.0,5300.0,2024-05-06
2024050601022555,BHPL,40,22,100.0,530.0,53000.0,2024-05-06
2024050601022554,BHPL,40,58,10.0,530.0,5300.0,2024-05-06
2024050601022553,BHPL,40,14,20.0,530.0,10600.0,2024-05-06
2024050601022552,BHPL,40,56,95.0,530.0,50350.0,2024-05-06
2024050604006451,UMHL,41,42,10.0,230.8,2308.0,2024-05-06
2024050604006450,NICL,22,44,17.0,827.0,14059.0,2024-05-06
2024050604006449,JOSHI,36,41,116.0,322.0,37352.0,2024-05-06
2024050604006448,JOSHI,38,41,100.0,322.0,32200.0,2024-05-06
2024050604006447,JOSHI,49,41,300.0,322.0,96600.0,2024-05-06
2024050604006446,JOSHI,50,41,200.0,322.0,64400.0,2024-05-06
2024050604006445,JOSHI,59,41,35.0,322.0,11270.0,2024-05-06
2024050604006444,JOSHI,43,41,200.0,322.1,64420.0,2024-05-06
2024050604006443,JOSHI,34,41,49.0,322.1,15782.9,2024-05-06
2024050601022551,NRM,58,34,11.0,352.8,3880.8,2024-05-06
2024050604006442,DHPL,57,52,53.0,201.0,10653.0,2024-05-06
2024050603014246,NUBL,57,8,208.0,648.0,134784.0,2024-05-06
2024050605004065,NRIC,26,42,28.0,675.0,18900.0,2024-05-06
2024050605004064,NRIC,26,77,72.0,673.0,48456.0,2024-05-06
2024050601022550,EHPL,42,74,10.0,449.9,4499.0,2024-05-06
2024050604006441,NLG,56,61,10.0,758.0,7580.0,2024-05-06
2024050603014245,NFS,34,32,50.0,520.0,26000.0,2024-05-06
2024050603014244,NFS,37,32,100.0,520.0,52000.0,2024-05-06
2024050603014243,NFS,34,32,90.0,520.0,46800.0,2024-05-06
2024050601022549,IHL,38,25,27.0,368.9,9960.3,2024-05-06
2024050601022548,BHPL,35,56,165.0,530.0,87450.0,2024-05-06
2024050601022547,BHPL,35,53,70.0,529.8,37086.0,2024-05-06
2024050601022546,BHPL,35,6,10.0,529.7,5297.0,2024-05-06
2024050601022545,BHPL,35,14,260.0,529.7,137722.0,2024-05-06
2024050601022544,BHPL,35,53,90.0,529.6,47664.0,2024-05-06
2024050601022543,BHPL,35,17,50.0,529.6,26480.0,2024-05-06
2024050601022542,BHPL,35,22,100.0,529.0,52900.0,2024-05-06
2024050601022541,BHPL,35,51,10.0,528.5,5285.0,2024-05-06
2024050601022540,BHPL,35,38,10.0,528.0,5280.0,2024-05-06
2024050601022539,BHPL,35,26,25.0,525.0,13125.0,2024-05-06
2024050601022538,BHPL,35,17,10.0,525.0,5250.0,2024-05-06
2024050601022537,MEL,58,34,30.0,231.9,6957.0,2024-05-06
2024050601022536,MEL,58,42,500.0,231.8,115900.0,2024-05-06
2024050601022535,MEL,58,14,260.0,231.5,60190.0,2024-05-06
2024050601022534,MEL,58,42,40.0,231.1,9244.0,2024-05-06
2024050605004063,NRIC,45,77,490.0,673.0,329770.0,2024-05-06
2024050605004062,NRIC,41,77,50.0,673.0,33650.0,2024-05-06
2024050605004061,NRIC,13,77,75.0,674.0,50550.0,2024-05-06
2024050605004060,NRIC,26,77,10.0,674.0,6740.0,2024-05-06
2024050604006440,SPIL,44,58,10.0,745.9,7459.0,2024-05-06
2024050601022533,GVL,34,7,500.0,430.4,215200.0,2024-05-06
2024050603014242,NMFBS,32,53,85.0,1224.1,104048.5,2024-05-06
2024050603014241,NMFBS,46,53,15.0,1225.0,18375.0,2024-05-06
2024050603014240,LLBS,51,36,200.0,956.1,191220.0,2024-05-06
2024050601022532,HHL,63,29,100.0,339.1,33910.0,2024-05-06
2024050601022531,PCBL,42,4,67.0,189.1,12669.7,2024-05-06
2024050604006439,HDHPC,17,21,100.0,130.0,13000.0,2024-05-06
2024050604006438,TRH,85,59,200.0,702.0,140400.0,2024-05-06
2024050601022530,RHGCL,21,56,55.0,340.0,18700.0,2024-05-06
2024050601022529,RHGCL,21,38,35.0,339.0,11865.0,2024-05-06
2024050603014239,CFCL,34,41,10.0,387.0,3870.0,2024-05-06
2024050601022528,CZBIL,45,41,161.0,155.0,24955.0,2024-05-06
2024050605004059,SMATA,32,49,10.0,818.0,8180.0,2024-05-06
2024050605004058,HIDCL,57,72,23.0,161.0,3703.0,2024-05-06
2024050604006437,UMHL,54,14,140.0,231.0,32340.0,2024-05-06
2024050601022527,CLI,50,7,190.0,464.0,88160.0,2024-05-06
2024050601022526,SHIVM,41,47,75.0,500.0,37500.0,2024-05-06
2024050601022525,SHIVM,41,50,15.0,500.0,7500.0,2024-05-06
2024050604006436,SGIC,53,19,10.0,524.9,5249.0,2024-05-06
2024050603014238,CBBL,65,38,10.0,817.5,8175.0,2024-05-06
2024050603014237,CBBL,65,45,70.0,817.0,57190.0,2024-05-06
2024050603014236,CBBL,65,32,200.0,817.0,163400.0,2024-05-06
2024050603014235,CBBL,65,52,32.0,817.0,26144.0,2024-05-06
2024050603014234,CBBL,65,38,10.0,817.0,8170.0,2024-05-06
2024050603014233,CBBL,65,49,121.0,816.0,98736.0,2024-05-06
2024050603014232,CBBL,65,32,200.0,815.2,163040.0,2024-05-06
2024050603014231,CBBL,65,32,304.0,815.1,247790.4,2024-05-06
2024050603014230,PMLI,21,22,14.0,499.5,6993.0,2024-05-06
2024050601022524,SNLI,17,36,10.0,588.0,5880.0,2024-05-06
2024050601022523,SNLI,56,36,50.0,588.0,29400.0,2024-05-06
2024050601022522,SNLI,75,36,10.0,588.0,5880.0,2024-05-06
2024050601022521,SNLI,57,36,50.0,588.0,29400.0,2024-05-06
2024050601022520,SNLI,13,36,100.0,588.0,58800.0,2024-05-06
2024050601022519,SNLI,42,36,98.0,588.0,57624.0,2024-05-06
2024050601022518,SNLI,55,36,30.0,588.0,17640.0,2024-05-06
2024050601022517,SNLI,33,36,10.0,588.0,5880.0,2024-05-06
2024050601022516,SNLI,41,36,125.0,588.0,73500.0,2024-05-06
2024050601022515,SNLI,43,36,30.0,588.0,17640.0,2024-05-06
2024050601022514,SNLI,29,36,50.0,588.0,29400.0,2024-05-06
2024050601022513,SNLI,25,36,20.0,588.0,11760.0,2024-05-06
2024050601022512,SNLI,29,36,24.0,588.0,14112.0,2024-05-06
2024050601022511,SNLI,26,36,55.0,588.0,32340.0,2024-05-06
2024050601022510,SNLI,38,36,14.0,588.7,8241.8,2024-05-06
2024050601022509,SNLI,21,36,70.0,588.8,41216.0,2024-05-06
2024050601022508,SNLI,6,36,100.0,589.0,58900.0,2024-05-06
2024050601022507,SNLI,45,36,100.0,589.0,58900.0,2024-05-06
2024050601022506,SNLI,7,36,20.0,589.0,11780.0,2024-05-06
2024050601022505,SNLI,58,36,50.0,589.0,29450.0,2024-05-06
2024050601022504,SNLI,13,36,125.0,589.1,73637.5,2024-05-06
2024050601022503,SNLI,25,36,20.0,589.2,11784.0,2024-05-06
2024050601022502,SNLI,44,36,40.0,589.2,23568.0,2024-05-06
2024050603014229,SIFC,28,57,100.0,420.0,42000.0,2024-05-06
2024050603014228,GUFL,58,32,50.0,705.0,35250.0,2024-05-06
2024050601022501,LSL,52,84,48.0,145.0,6960.0,2024-05-06
2024050601022500,LSL,40,84,50.0,145.0,7250.0,2024-05-06
2024050601022499,LSL,32,84,195.0,145.0,28275.0,2024-05-06
2024050601022498,LSL,10,84,223.0,145.0,32335.0,2024-05-06
2024050601022497,LSL,62,84,100.0,145.0,14500.0,2024-05-06
2024050601022496,LSL,3,84,100.0,145.0,14500.0,2024-05-06
2024050601022495,LSL,49,84,10.0,145.0,1450.0,2024-05-06
2024050601022494,LSL,42,84,10.0,145.0,1450.0,2024-05-06
2024050601022493,LSL,45,84,20.0,145.0,2900.0,2024-05-06
2024050601022492,LSL,42,84,150.0,145.0,21750.0,2024-05-06
2024050601022491,LSL,58,84,10.0,145.0,1450.0,2024-05-06
2024050601022490,LSL,57,84,90.0,145.0,13050.0,2024-05-06
2024050601022489,LSL,26,84,500.0,145.0,72500.0,2024-05-06
2024050601022488,LSL,54,84,20.0,145.0,2900.0,2024-05-06
2024050601022487,LSL,47,84,207.0,145.0,30015.0,2024-05-06
2024050601022486,LSL,45,84,100.0,145.0,14500.0,2024-05-06
2024050601022485,LSL,48,84,250.0,145.0,36250.0,2024-05-06
2024050601022484,LSL,25,84,1000.0,145.1,145100.0,2024-05-06
2024050601022483,LSL,58,84,14.0,145.1,2031.4,2024-05-06
2024050601022482,LSL,8,84,50.0,145.1,7255.0,2024-05-06
2024050601022481,LSL,58,84,29.0,145.1,4207.9,2024-05-06
2024050601022480,LSL,58,84,13.0,145.1,1886.3,2024-05-06
2024050601022479,LSL,5,84,300.0,145.2,43560.0,2024-05-06
2024050601022478,LSL,46,84,800.0,145.2,116160.0,2024-05-06
2024050601022477,LSL,58,84,43.0,145.2,6243.6,2024-05-06
2024050601022476,LSL,45,84,100.0,145.3,14530.0,2024-05-06
2024050601022475,LSL,3,84,602.0,145.3,87470.6,2024-05-06
2024050601022474,LSL,38,84,10.0,145.4,1454.0,2024-05-06
2024050601022473,LSL,32,84,18.0,146.0,2628.0,2024-05-06
2024050601022472,LSL,32,84,18.0,146.0,2628.0,2024-05-06
2024050601022471,LSL,26,84,20.0,146.0,2920.0,2024-05-06
2024050604006435,AHPC,8,58,380.0,160.0,60800.0,2024-05-06
2024050604006434,AHPC,81,58,20.0,160.0,3200.0,2024-05-06
2024050604006433,AHPC,52,58,100.0,160.1,16010.0,2024-05-06
2024050601022470,BNT,39,52,10.0,14069.8,140698.0,2024-05-06
2024050601022469,BNT,39,13,10.0,13974.0,139740.0,2024-05-06
2024050601022468,CLI,37,54,60.0,463.0,27780.0,2024-05-06
2024050603014227,RLFL,34,35,80.0,367.0,29360.0,2024-05-06
2024050604006432,SHEL,16,35,60.0,149.0,8940.0,2024-05-06
2024050604006431,SHEL,16,32,350.0,149.0,52150.0,2024-05-06
2024050604006430,SHEL,16,22,90.0,149.0,13410.0,2024-05-06
2024050604006429,SHEL,49,22,10.0,149.0,1490.0,2024-05-06
2024050604006428,SHEL,49,38,320.0,149.0,47680.0,2024-05-06
2024050603014226,SJLIC,45,45,9.0,405.0,3645.0,2024-05-06
2024050601022467,NABIL,43,56,100.0,424.0,42400.0,2024-05-06
2024050604006427,NGPL,56,56,200.0,304.2,60840.0,2024-05-06
2024050601022466,PHCL,57,44,590.0,285.0,168150.0,2024-05-06
2024050601022465,PHCL,4,44,200.0,285.1,57020.0,2024-05-06
2024050601022464,PHCL,6,44,180.0,285.9,51462.0,2024-05-06
2024050601022463,PHCL,42,44,30.0,286.0,8580.0,2024-05-06
2024050603014225,CORBL,13,55,390.0,451.2,175968.0,2024-05-06
2024050603014224,CORBL,25,55,30.0,452.0,13560.0,2024-05-06
2024050603014223,CORBL,58,55,90.0,452.0,40680.0,2024-05-06
2024050603014222,CORBL,55,55,110.0,452.0,49720.0,2024-05-06
2024050603014221,CORBL,17,55,110.0,453.5,49885.0,2024-05-06
2024050603014220,CORBL,57,55,10.0,454.0,4540.0,2024-05-06
2024050603014219,JBBL,34,48,100.0,292.0,29200.0,2024-05-06
2024050603014218,GBLBS,33,34,77.0,675.0,51975.0,2024-05-06
2024050603014217,GBLBS,44,34,48.0,675.0,32400.0,2024-05-06
2024050603014216,CBBL,58,32,100.0,815.1,81510.0,2024-05-06
2024050604006426,UMRH,80,43,69.0,329.0,22701.0,2024-05-06
2024050604006425,UPPER,56,52,10.0,162.9,1629.0,2024-05-06
2024050601022462,MKJC,32,13,10.0,442.8,4428.0,2024-05-06
2024050604006424,SPIL,44,36,21.0,740.0,15540.0,2024-05-06
2024050603014215,SADBL,14,50,200.0,305.0,61000.0,2024-05-06
2024050601022461,MBJC,52,33,10.0,290.0,2900.0,2024-05-06
2024050604006423,UPPER,32,38,46.0,162.8,7488.8,2024-05-06
2024050603014214,GMFBS,57,6,17.0,1177.0,20009.0,2024-05-06
2024050601022460,GBIME,44,41,13.0,176.3,2291.9,2024-05-06
2024050603014213,KSBBL,58,5,70.0,368.4,25788.0,2024-05-06
2024050604006422,DHPL,8,52,270.0,201.0,54270.0,2024-05-06
2024050603014212,PROFL,51,4,20.0,332.3,6646.0,2024-05-06
2024050603014211,NFS,34,32,290.0,520.0,150800.0,2024-05-06
2024050603014210,NFS,25,32,175.0,521.1,91192.5,2024-05-06
2024050603014209,NFS,1,32,435.0,522.0,227070.0,2024-05-06
2024050603014208,GFCL,42,13,290.0,457.0,132530.0,2024-05-06
2024050603014207,GFCL,34,13,10.0,457.1,4571.0,2024-05-06
2024050603014206,PMLI,21,49,10.0,499.5,4995.0,2024-05-06
2024050601022459,SRLI,4,55,11.0,433.0,4763.0,2024-05-06
2024050603014205,SINDU,57,22,10.0,375.1,3751.0,2024-05-06
2024050601022458,EBL,34,40,200.0,496.7,99340.0,2024-05-06
2024050603014204,KSBBL,35,42,52.0,368.0,19136.0,2024-05-06
2024050603014203,KSBBL,34,42,50.0,368.0,18400.0,2024-05-06
2024050601022457,VLUCL,42,56,10.0,455.0,4550.0,2024-05-06
2024050601022456,PRVU,38,57,310.0,135.0,41850.0,2024-05-06
2024050601022455,BEDC,17,49,10.0,360.8,3608.0,2024-05-06
2024050601022454,MANDU,65,40,249.0,778.0,193722.0,2024-05-06
2024050601022453,MANDU,44,40,10.0,778.1,7781.0,2024-05-06
2024050601022452,MANDU,38,40,20.0,778.2,15564.0,2024-05-06
2024050601022451,MANDU,34,40,11.0,780.0,8580.0,2024-05-06
2024050601022450,MANDU,49,40,20.0,780.2,15604.0,2024-05-06
2024050601022449,MANDU,32,40,90.0,780.2,70218.0,2024-05-06
2024050605004057,HRL,34,42,10.0,576.1,5761.0,2024-05-06
2024050605004056,HRL,35,42,10.0,577.0,5770.0,2024-05-06
2024050603014202,SIFC,44,51,52.0,421.7,21928.4,2024-05-06
2024050604006421,UAIL,16,34,700.0,536.0,375200.0,2024-05-06
2024050601022448,NABIL,21,56,100.0,424.0,42400.0,2024-05-06
2024050604006420,UMRH,46,5,161.0,327.0,52647.0,2024-05-06
2024050604006419,UMRH,14,5,50.0,327.3,16365.0,2024-05-06
2024050604006418,UMRH,25,5,30.0,327.3,9819.0,2024-05-06
2024050603014201,MLBSL,5,17,10.0,1700.0,17000.0,2024-05-06
2024050601022447,KDL,47,5,15.0,776.0,11640.0,2024-05-06
2024050601022446,KDL,47,42,200.0,775.0,155000.0,2024-05-06
2024050601022445,KDL,47,52,10.0,775.0,7750.0,2024-05-06
2024050601022444,KDL,47,58,100.0,774.0,77400.0,2024-05-06
2024050601022443,KDL,47,35,10.0,774.0,7740.0,2024-05-06
2024050601022442,KDL,47,34,15.0,773.9,11608.5,2024-05-06
2024050603014200,SLBBL,49,47,230.0,684.8,157504.0,2024-05-06
2024050603014199,GBBL,34,43,14.0,363.7,5091.8,2024-05-06
2024050604006417,NGPL,14,56,20.0,304.1,6082.0,2024-05-06
2024050603014198,GUFL,58,58,30.0,705.0,21150.0,2024-05-06
2024050601022441,KBL,42,72,400.0,132.0,52800.0,2024-05-06
2024050601022440,JBLB,51,35,12.0,1296.0,15552.0,2024-05-06
2024050604006416,GHL,50,13,50.0,145.3,7265.0,2024-05-06
2024050601022439,HATHY,13,45,50.0,836.1,41805.0,2024-05-06
2024050601022438,HATHY,17,45,308.0,836.2,257549.6,2024-05-06
2024050601022437,BNT,39,58,45.0,13794.4,620748.0,2024-05-06
2024050601022436,BNT,39,6,15.0,13790.0,206850.0,2024-05-06
2024050603014197,SABSL,22,56,13.0,800.0,10400.0,2024-05-06
2024050601022435,SHIVM,52,50,50.0,500.0,25000.0,2024-05-06
2024050603014196,GRDBL,25,57,63.0,434.8,27392.4,2024-05-06
2024050601022434,KBL,13,72,50.0,132.0,6600.0,2024-05-06
2024050601022433,KBL,52,72,4950.0,132.0,653400.0,2024-05-06
2024050604006415,KPCL,58,38,90.0,387.1,34839.0,2024-05-06
2024050603014195,SAPDBL,81,19,100.0,317.0,31700.0,2024-05-06
2024050603014194,JFL,45,16,110.0,504.0,55440.0,2024-05-06
2024050604006414,JOSHI,34,1,51.0,322.1,16427.1,2024-05-06
2024050604006413,JOSHI,4,1,29.0,322.2,9343.8,2024-05-06
2024050604006412,JOSHI,32,1,20.0,322.3,6446.0,2024-05-06
2024050604006411,API,29,38,50.0,164.0,8200.0,2024-05-06
2024050603014193,HLI,3,32,10.0,381.0,3810.0,2024-05-06
2024050604006410,SHPC,42,13,30.0,322.0,9660.0,2024-05-06
2024050603014192,JBBL,4,48,300.0,292.0,87600.0,2024-05-06
2024050601022432,RNLI,49,49,11.0,425.0,4675.0,2024-05-06
2024050601022431,RNLI,49,21,10.0,425.0,4250.0,2024-05-06
2024050603014191,JBBL,47,48,100.0,292.0,29200.0,2024-05-06
2024050601022430,SARBTM,1,65,10.0,765.0,7650.0,2024-05-06
2024050601022429,NRM,72,41,27.0,351.1,9479.7,2024-05-06
2024050601022428,NRM,35,41,60.0,351.2,21072.0,2024-05-06
2024050601022427,NRM,48,41,500.0,351.2,175600.0,2024-05-06
2024050601022426,NRM,65,41,200.0,351.2,70240.0,2024-05-06
2024050601022425,NRM,42,41,10.0,351.2,3512.0,2024-05-06
2024050601022424,NRM,43,41,135.0,351.2,47412.0,2024-05-06
2024050601022423,NRM,62,41,200.0,351.3,70260.0,2024-05-06
2024050601022422,NRM,1,41,50.0,351.3,17565.0,2024-05-06
2024050601022421,NRM,35,41,900.0,351.3,316170.0,2024-05-06
2024050601022420,NRM,16,41,300.0,351.3,105390.0,2024-05-06
2024050601022419,NRM,22,41,10.0,351.3,3513.0,2024-05-06
2024050601022418,NRM,35,41,90.0,351.3,31617.0,2024-05-06
2024050601022417,NRM,41,41,18.0,351.4,6325.2,2024-05-06
2024050601022416,NRM,48,41,500.0,351.5,175750.0,2024-05-06
2024050601022415,DOLTI,57,84,40.0,443.7,17748.0,2024-05-06
2024050601022414,SPL,39,34,20.0,629.2,12584.0,2024-05-06
2024050601022413,SNLI,58,36,90.0,589.6,53064.0,2024-05-06
2024050603014190,NFS,1,32,465.0,522.0,242730.0,2024-05-06
2024050603014189,NFS,1,32,435.0,523.0,227505.0,2024-05-06
2024050605004055,BBC,56,33,10.0,3670.0,36700.0,2024-05-06
2024050603014188,NICLBSL,67,38,170.0,653.0,111010.0,2024-05-06
2024050603014187,NICLBSL,56,38,50.0,653.2,32660.0,2024-05-06
2024050603014186,NICLBSL,45,38,50.0,653.3,32665.0,2024-05-06
2024050603014185,NICLBSL,38,38,30.0,655.0,19650.0,2024-05-06
2024050603014184,SDLBSL,42,4,50.0,850.0,42500.0,2024-05-06
2024050601022412,ADBL,32,35,139.0,236.0,32804.0,2024-05-06
2024050601022411,ADBL,41,35,153.0,236.0,36108.0,2024-05-06
2024050601022410,GCIL,45,51,1.0,470.5,470.5,2024-05-06
2024050601022409,SANIMA,56,1,132.0,231.0,30492.0,2024-05-06
2024050601022408,SANIMA,56,29,118.0,231.0,27258.0,2024-05-06
2024050601022407,SANIMA,56,22,250.0,231.0,57750.0,2024-05-06
2024050601022406,RNLI,57,58,11.0,424.0,4664.0,2024-05-06
2024050604006409,CHCL,63,54,132.0,429.0,56628.0,2024-05-06
2024050604006408,CHCL,49,54,68.0,429.0,29172.0,2024-05-06
2024050605004054,SMATA,44,62,300.0,826.0,247800.0,2024-05-06
2024050601022405,SANIMA,34,17,695.0,230.0,159850.0,2024-05-06
2024050601022404,SANIMA,22,17,35.0,230.0,8050.0,2024-05-06
2024050601022403,SANIMA,38,17,55.0,230.0,12650.0,2024-05-06
2024050601022402,SANIMA,49,17,215.0,230.1,49471.5,2024-05-06
2024050604006407,SPDL,17,22,11.0,226.5,2491.5,2024-05-06
2024050603014183,MNBBL,44,13,553.0,343.0,189679.0,2024-05-06
2024050604006406,MEN,34,38,80.0,519.3,41544.0,2024-05-06
2024050603014182,MSLB,42,43,36.0,1155.0,41580.0,2024-05-06
2024050603014181,HLBSL,18,43,45.0,777.0,34965.0,2024-05-06
2024050603014180,HLBSL,54,43,30.0,777.7,23331.0,2024-05-06
2024050604006405,JOSHI,32,34,30.0,322.3,9669.0,2024-05-06
2024050601022401,CITY,69,32,10.0,570.7,5707.0,2024-05-06
2024050604006404,GHL,37,57,1450.0,145.8,211410.0,2024-05-06
2024050604006403,GHL,37,58,550.0,145.8,80190.0,2024-05-06
2024050604006402,API,43,38,200.0,164.0,32800.0,2024-05-06
2024050604006401,API,45,38,46.0,164.0,7544.0,2024-05-06
2024050604006400,API,21,38,100.0,164.3,16430.0,2024-05-06
2024050603014179,MPFL,45,36,30.0,438.0,13140.0,2024-05-06
2024050601022400,CLI,37,45,10.0,463.0,4630.0,2024-05-06
2024050603014178,SJLIC,41,45,40.0,404.1,16164.0,2024-05-06
2024050603014177,MNBBL,44,34,837.0,343.0,287091.0,2024-05-06
2024050604006399,CGH,5,38,55.0,762.0,41910.0,2024-05-06
2024050604006398,CGH,26,38,70.0,762.0,53340.0,2024-05-06
2024050603014176,SINDU,7,17,440.0,375.0,165000.0,2024-05-06
2024050601022399,SHIVM,35,50,10.0,500.0,5000.0,2024-05-06
2024050603014175,PFL,42,16,49.0,662.4,32457.6,2024-05-06
2024050603014174,PFL,42,17,21.0,662.4,13910.4,2024-05-06
2024050603014173,KSBBL,34,42,150.0,368.0,55200.0,2024-05-06
2024050603014172,KSBBL,58,42,150.0,368.0,55200.0,2024-05-06
2024050603014171,GFCL,53,58,10.0,458.9,4589.0,2024-05-06
2024050604006397,AKJCL,45,39,200.0,205.0,41000.0,2024-05-06
2024050601022398,SHIVM,48,50,125.0,500.0,62500.0,2024-05-06
2024050601022397,SHIVM,48,10,310.0,500.0,155000.0,2024-05-06
2024050601022396,SHIVM,48,87,65.0,500.0,32500.0,2024-05-06
2024050601022395,RNLI,57,51,11.0,424.0,4664.0,2024-05-06
2024050601022394,USHEC,38,62,305.0,362.0,110410.0,2024-05-06
2024050601022393,HDL,35,45,50.0,1338.0,66900.0,2024-05-06
2024050603014170,SINDU,25,22,90.0,375.1,33759.0,2024-05-06
2024050601022392,BNT,39,62,10.0,13794.0,137940.0,2024-05-06
2024050601022391,BNT,39,71,10.0,13699.0,136990.0,2024-05-06
2024050603014169,RSDC,41,56,15.0,712.5,10687.5,2024-05-06
2024050601022390,CZBIL,45,56,160.0,155.0,24800.0,2024-05-06
2024050603014168,MNBBL,44,34,26.0,343.0,8918.0,2024-05-06
2024050601022389,ADBL,41,46,10.0,236.0,2360.0,2024-05-06
2024050603014167,SWMF,67,82,120.0,756.0,90720.0,2024-05-06
2024050603014166,SWMF,40,82,80.0,757.0,60560.0,2024-05-06
2024050601022388,RHGCL,62,38,165.0,339.0,55935.0,2024-05-06
2024050604006396,NHPC,49,17,150.0,144.3,21645.0,2024-05-06
2024050601022387,MEHL,70,35,10.0,303.3,3033.0,2024-05-06
2024050601022386,HHL,59,29,70.0,339.1,23737.0,2024-05-06
2024050601022385,BNHC,36,53,10.0,435.0,4350.0,2024-05-06
2024050603014165,GBLBS,44,51,30.0,675.0,20250.0,2024-05-06
2024050601022384,ILI,11,57,10.0,540.0,5400.0,2024-05-06
