transaction,symbol,buyer,seller,quantity,rate,amount,date
2024040301027131,SPHL,19,72,10.0,480.5,4805.0,2024-04-03
2024040301027130,PPL,58,17,500.0,608.0,304000.0,2024-04-03
2024040301027129,PPL,58,17,500.0,608.0,304000.0,2024-04-03
2024040301027128,HDL,16,58,20.0,1482.0,29640.0,2024-04-03
2024040304007383,SHL,61,61,500.0,439.0,219500.0,2024-04-03
2024040303013393,HLBSL,44,33,20.0,728.0,14560.0,2024-04-03
2024040301027127,TAMOR,44,42,10.0,381.0,3810.0,2024-04-03
2024040301027126,TAMOR,44,42,40.0,381.0,15240.0,2024-04-03
2024040301027125,TAMOR,44,8,40.0,381.0,15240.0,2024-04-03
2024040303013392,KRBL,38,42,10.0,393.0,3930.0,2024-04-03
2024040303013391,LLBS,38,34,32.0,860.0,27520.0,2024-04-03
2024040303013390,LLBS,38,48,78.0,855.0,66690.0,2024-04-03
2024040301027124,RFPL,71,53,260.0,391.0,101660.0,2024-04-03
2024040301027123,RFPL,71,51,90.0,390.0,35100.0,2024-04-03
2024040301027122,SIKLES,71,7,10.0,514.0,5140.0,2024-04-03
2024040301027121,MHCL,59,14,100.0,418.5,41850.0,2024-04-03
2024040301027120,PPL,77,17,10.0,608.0,6080.0,2024-04-03
2024040301027119,PPL,69,17,10.0,608.0,6080.0,2024-04-03
2024040303013389,GUFL,62,45,10.0,869.9,8699.0,2024-04-03
2024040303013388,SKBBL,62,58,30.0,822.0,24660.0,2024-04-03
2024040303013387,SKBBL,62,74,10.0,821.9,8219.0,2024-04-03
2024040304007382,API,51,13,10.0,175.8,1758.0,2024-04-03
2024040301027118,PPL,62,17,100.0,608.0,60800.0,2024-04-03
2024040301027117,IHL,88,34,500.0,370.1,185050.0,2024-04-03
2024040303013386,ILBS,62,1,25.0,924.9,23122.5,2024-04-03
2024040303013385,ILBS,62,13,75.0,923.0,69225.0,2024-04-03
2024040301027116,KBL,48,52,465.0,136.8,63612.0,2024-04-03
2024040301027115,KBL,48,25,500.0,136.4,68200.0,2024-04-03
2024040301027114,KBL,48,52,1400.0,136.3,190820.0,2024-04-03
2024040301027113,KBL,48,39,135.0,136.1,18373.5,2024-04-03
2024040304007381,CHCL,58,36,47.0,450.2,21159.4,2024-04-03
2024040301027112,DOLTI,28,60,300.0,435.2,130560.0,2024-04-03
2024040304007380,GLH,32,58,10.0,215.8,2158.0,2024-04-03
2024040303013384,NFS,50,35,10.0,371.0,3710.0,2024-04-03
2024040301027111,SARBTM,16,45,1000.0,895.5,895500.0,2024-04-03
2024040301027110,SAHAS,39,55,18.0,514.1,9253.8,2024-04-03
2024040303013383,WNLB,17,71,50.0,1401.0,70050.0,2024-04-03
2024040303013382,WNLB,17,66,10.0,1401.0,14010.0,2024-04-03
2024040303013381,WNLB,17,70,21.0,1400.0,29400.0,2024-04-03
2024040303013380,WNLB,17,17,13.0,1400.0,18200.0,2024-04-03
2024040303013379,WNLB,17,71,30.0,1399.0,41970.0,2024-04-03
2024040303013378,WNLB,17,36,50.0,1363.0,68150.0,2024-04-03
2024040303013377,WNLB,17,58,10.0,1361.0,13610.0,2024-04-03
2024040304007379,RURU,11,34,10.0,660.0,6600.0,2024-04-03
2024040304007378,RURU,11,25,10.0,657.0,6570.0,2024-04-03
2024040301027109,SARBTM,16,55,50.0,895.5,44775.0,2024-04-03
2024040301027108,KBL,55,39,65.0,136.1,8846.5,2024-04-03
2024040301027107,KBL,55,14,35.0,136.1,4763.5,2024-04-03
2024040304007377,GHL,56,38,10.0,150.0,1500.0,2024-04-03
2024040305004149,NTC,28,14,10.0,839.0,8390.0,2024-04-03
2024040304007376,RIDI,39,42,30.0,178.0,5340.0,2024-04-03
2024040304007375,RIDI,44,42,50.0,178.0,8900.0,2024-04-03
2024040304007374,RIDI,29,42,20.0,178.0,3560.0,2024-04-03
2024040301027106,EHPL,38,65,20.0,432.5,8650.0,2024-04-03
2024040301027105,MANDU,65,47,80.0,693.0,55440.0,2024-04-03
2024040301027104,MANDU,65,29,10.0,692.0,6920.0,2024-04-03
2024040301027103,MANDU,65,38,10.0,692.0,6920.0,2024-04-03
2024040301027102,MANDU,65,14,100.0,690.0,69000.0,2024-04-03
2024040304007373,SPIL,63,51,10.0,739.9,7399.0,2024-04-03
2024040301027101,SONA,52,13,20.0,462.0,9240.0,2024-04-03
2024040301027100,NRM,49,53,10.0,375.9,3759.0,2024-04-03
2024040303013376,GUFL,22,45,200.0,869.9,173980.0,2024-04-03
2024040303013375,PFL,22,25,10.0,390.0,3900.0,2024-04-03
2024040301027099,MAKAR,19,48,20.0,390.0,7800.0,2024-04-03
2024040304007372,RIDI,19,3,50.0,178.5,8925.0,2024-04-03
2024040304007371,GLH,58,58,10.0,215.8,2158.0,2024-04-03
2024040303013374,GRDBL,34,16,10.0,363.5,3635.0,2024-04-03
2024040303013373,MLBBL,16,36,10.0,957.9,9579.0,2024-04-03
2024040301027098,PPL,58,17,22.0,608.0,13376.0,2024-04-03
2024040301027097,PPL,58,21,10.0,561.0,5610.0,2024-04-03
2024040301027096,PPL,58,58,10.0,561.0,5610.0,2024-04-03
2024040301027095,PPL,58,38,300.0,561.0,168300.0,2024-04-03
2024040301027094,PPL,58,8,10.0,561.0,5610.0,2024-04-03
2024040301027093,PPL,58,58,148.0,561.0,83028.0,2024-04-03
2024040301027092,RFPL,58,58,149.0,386.3,57558.7,2024-04-03
2024040301027091,RFPL,52,58,500.0,386.4,193200.0,2024-04-03
2024040301027090,RFPL,57,58,160.0,386.5,61840.0,2024-04-03
2024040301027089,RFPL,48,58,100.0,386.6,38660.0,2024-04-03
2024040301027088,RFPL,56,58,1000.0,387.0,387000.0,2024-04-03
2024040301027087,RFPL,82,58,50.0,387.0,19350.0,2024-04-03
2024040301027086,RFPL,49,58,130.0,387.0,50310.0,2024-04-03
2024040301027085,RFPL,17,58,2000.0,387.1,774200.0,2024-04-03
2024040301027084,RFPL,17,58,351.0,387.1,135872.1,2024-04-03
2024040301027083,RFPL,70,58,500.0,387.2,193600.0,2024-04-03
2024040301027082,RFPL,8,58,20.0,387.2,7744.0,2024-04-03
2024040301027081,RFPL,17,58,15.0,388.0,5820.0,2024-04-03
2024040301027080,RFPL,59,58,25.0,388.0,9700.0,2024-04-03
2024040301027079,PCBL,44,6,20.0,189.0,3780.0,2024-04-03
2024040301027078,PCBL,44,38,200.0,189.0,37800.0,2024-04-03
2024040301027077,PCBL,44,29,80.0,189.0,15120.0,2024-04-03
2024040304007370,JOSHI,44,34,10.0,332.8,3328.0,2024-04-03
2024040304007369,JOSHI,44,26,10.0,332.7,3327.0,2024-04-03
2024040301027076,MKHL,45,35,500.0,433.0,216500.0,2024-04-03
2024040301027075,MKHL,72,35,50.0,433.0,21650.0,2024-04-03
2024040301027074,SARBTM,1,35,10.0,895.6,8956.0,2024-04-03
2024040301027073,SARBTM,42,35,10.0,895.6,8956.0,2024-04-03
2024040301027072,SARBTM,21,35,50.0,895.6,44780.0,2024-04-03
2024040301027071,NMB,38,35,100.0,176.0,17600.0,2024-04-03
2024040301027070,NMB,36,35,1320.0,176.0,232320.0,2024-04-03
2024040301027069,NMB,35,35,100.0,176.0,17600.0,2024-04-03
2024040301027068,NMB,8,35,104.0,176.0,18304.0,2024-04-03
2024040301027067,NMB,16,35,200.0,176.1,35220.0,2024-04-03
2024040301027066,NMB,35,35,600.0,176.1,105660.0,2024-04-03
2024040301027065,NMB,37,35,273.0,176.2,48102.6,2024-04-03
2024040303013372,SINDU,35,45,40.0,341.0,13640.0,2024-04-03
2024040301027064,SONA,45,38,290.0,461.5,133835.0,2024-04-03
2024040301027063,SONA,44,38,10.0,461.9,4619.0,2024-04-03
2024040303013371,NMBMF,18,18,10.0,610.0,6100.0,2024-04-03
2024040303013370,SAPDBL,71,84,129.0,292.0,37668.0,2024-04-03
2024040303013369,SAPDBL,71,53,250.0,290.0,72500.0,2024-04-03
2024040303013368,SAPDBL,71,35,500.0,290.0,145000.0,2024-04-03
2024040303013367,SAPDBL,71,57,621.0,290.0,180090.0,2024-04-03
2024040304007368,MEN,71,25,10.0,505.0,5050.0,2024-04-03
2024040303013366,NMFBS,14,17,10.0,1130.0,11300.0,2024-04-03
2024040301027062,RHGCL,69,45,70.0,319.0,22330.0,2024-04-03
2024040301027061,RHGCL,69,21,10.0,319.0,3190.0,2024-04-03
2024040301027060,RHGCL,69,16,100.0,318.0,31800.0,2024-04-03
2024040301027059,RHGCL,69,43,50.0,317.9,15895.0,2024-04-03
2024040301027058,RHGCL,69,53,120.0,317.8,38136.0,2024-04-03
2024040301027057,RHGCL,69,43,300.0,317.0,95100.0,2024-04-03
2024040301027056,RHGCL,69,21,100.0,317.0,31700.0,2024-04-03
2024040301027055,RHGCL,69,33,90.0,316.9,28521.0,2024-04-03
2024040301027054,RHGCL,69,49,30.0,316.9,9507.0,2024-04-03
2024040301027053,RHGCL,69,16,130.0,316.0,41080.0,2024-04-03
2024040301027052,PPL,69,58,11.0,561.0,6171.0,2024-04-03
2024040303013365,SMFBS,84,38,60.0,1205.0,72300.0,2024-04-03
2024040303013364,GUFL,41,34,200.0,869.8,173960.0,2024-04-03
2024040301027051,PPL,34,58,10.0,561.0,5610.0,2024-04-03
2024040301027050,DLBS,62,34,60.0,1278.0,76680.0,2024-04-03
2024040301027049,DLBS,62,13,40.0,1275.0,51000.0,2024-04-03
2024040304007367,UNHPL,48,44,10.0,231.8,2318.0,2024-04-03
2024040301027048,NYADI,60,52,20.0,318.0,6360.0,2024-04-03
2024040301027047,NYADI,60,38,10.0,315.0,3150.0,2024-04-03
2024040301027046,SHIVM,32,81,50.0,517.0,25850.0,2024-04-03
2024040301027045,SONA,75,13,20.0,462.0,9240.0,2024-04-03
2024040301027044,DLBS,45,41,10.0,1275.0,12750.0,2024-04-03
2024040301027043,DLBS,45,57,45.0,1275.0,57375.0,2024-04-03
2024040301027042,DLBS,45,61,50.0,1274.0,63700.0,2024-04-03
2024040301027041,DLBS,45,32,10.0,1259.7,12597.0,2024-04-03
2024040301027040,DLBS,45,44,17.0,1236.2,21015.4,2024-04-03
2024040301027039,DLBS,45,17,10.0,1236.2,12362.0,2024-04-03
2024040303013363,PMLI,7,39,10.0,515.0,5150.0,2024-04-03
2024040301027038,PPL,25,58,10.0,561.0,5610.0,2024-04-03
2024040304007366,DHPL,3,62,10.0,194.0,1940.0,2024-04-03
2024040303013362,PMLI,55,39,30.0,515.0,15450.0,2024-04-03
2024040301027037,PPL,56,61,500.0,557.0,278500.0,2024-04-03
2024040301027036,MKHC,56,51,270.0,324.5,87615.0,2024-04-03
2024040301027035,DOLTI,28,6,700.0,435.2,304640.0,2024-04-03
2024040301027034,PHCL,42,57,10.0,313.8,3138.0,2024-04-03
2024040301027033,PHCL,42,58,10.0,313.0,3130.0,2024-04-03
2024040301027032,SARBTM,21,42,50.0,895.6,44780.0,2024-04-03
2024040301027031,SARBTM,88,42,66.0,895.6,59109.6,2024-04-03
2024040301027030,SONA,65,13,165.0,462.0,76230.0,2024-04-03
2024040301027029,SONA,65,65,35.0,462.0,16170.0,2024-04-03
2024040301027028,NICA,57,16,100.0,402.0,40200.0,2024-04-03
2024040301027027,SMJC,19,10,500.0,381.0,190500.0,2024-04-03
2024040303013361,GRDBL,34,49,10.0,363.5,3635.0,2024-04-03
2024040303013360,MLBSL,5,57,10.0,1710.0,17100.0,2024-04-03
2024040301027026,SBI,5,8,43.0,283.0,12169.0,2024-04-03
2024040301027025,SBI,5,58,158.0,282.0,44556.0,2024-04-03
2024040301027024,SBI,5,35,23.0,281.0,6463.0,2024-04-03
2024040301027023,SBI,5,44,548.0,280.0,153440.0,2024-04-03
2024040301027022,SBI,5,45,103.0,279.9,28829.7,2024-04-03
2024040301027021,SBI,5,36,40.0,279.8,11192.0,2024-04-03
2024040303013359,GRDBL,34,49,10.0,363.5,3635.0,2024-04-03
2024040303013358,MLBL,37,49,10.0,318.0,3180.0,2024-04-03
2024040305004148,SMATA,88,42,10.0,715.0,7150.0,2024-04-03
2024040303013357,LICN,41,85,10.0,1340.0,13400.0,2024-04-03
2024040301027020,SARBTM,88,58,30.0,895.6,26868.0,2024-04-03
2024040305004147,NTC,57,35,70.0,835.0,58450.0,2024-04-03
2024040305004146,NTC,58,35,87.0,835.0,72645.0,2024-04-03
2024040304007365,RBCL,26,72,10.0,13399.0,133990.0,2024-04-03
2024040301027019,PPL,71,58,11.0,561.0,6171.0,2024-04-03
2024040305004145,HRL,55,58,20.0,595.0,11900.0,2024-04-03
2024040301027018,PPL,69,58,10.0,561.0,5610.0,2024-04-03
2024040301027017,PPL,69,57,10.0,561.0,5610.0,2024-04-03
2024040301027016,PPL,69,67,10.0,561.0,5610.0,2024-04-03
2024040301027015,PPL,69,10,100.0,561.0,56100.0,2024-04-03
2024040301027014,PPL,69,7,10.0,560.7,5607.0,2024-04-03
2024040301027013,PPL,69,18,100.0,560.7,56070.0,2024-04-03
2024040301027012,PPL,69,7,10.0,560.7,5607.0,2024-04-03
2024040301027011,PPL,69,94,10.0,560.7,5607.0,2024-04-03
2024040301027010,PPL,69,13,10.0,560.0,5600.0,2024-04-03
2024040301027009,PPL,69,56,50.0,560.0,28000.0,2024-04-03
2024040301027008,PPL,69,59,10.0,560.0,5600.0,2024-04-03
2024040301027007,PPL,69,58,10.0,560.0,5600.0,2024-04-03
2024040301027006,PPL,69,62,120.0,559.9,67188.0,2024-04-03
2024040301027005,PPL,69,29,20.0,559.9,11198.0,2024-04-03
2024040301027004,PPL,69,1,350.0,559.9,195965.0,2024-04-03
2024040301027003,PPL,69,7,10.0,557.0,5570.0,2024-04-03
2024040301027002,PPL,69,50,150.0,556.9,83535.0,2024-04-03
2024040301027001,PPL,69,22,10.0,556.9,5569.0,2024-04-03
2024040305004144,HIDCL,58,45,140.0,167.0,23380.0,2024-04-03
2024040301027000,SONA,29,65,60.0,462.0,27720.0,2024-04-03
2024040301026999,SONA,29,36,10.0,461.9,4619.0,2024-04-03
2024040301026998,RFPL,71,51,100.0,390.0,39000.0,2024-04-03
2024040301026997,RFPL,34,51,10.0,390.0,3900.0,2024-04-03
2024040301026996,SAMAJ,34,54,10.0,1965.0,19650.0,2024-04-03
2024040301026995,SAMAJ,34,54,10.0,1965.0,19650.0,2024-04-03
2024040301026994,SAMAJ,34,58,10.0,1950.0,19500.0,2024-04-03
2024040301026993,SAMAJ,34,57,200.0,1950.0,390000.0,2024-04-03
2024040301026992,SAMAJ,34,38,10.0,1950.0,19500.0,2024-04-03
2024040303013356,GUFL,41,34,500.0,869.8,434900.0,2024-04-03
2024040304007364,KKHC,34,57,10.0,235.0,2350.0,2024-04-03
2024040304007363,KKHC,34,28,90.0,233.0,20970.0,2024-04-03
2024040303013355,MSLB,36,38,20.0,1085.0,21700.0,2024-04-03
2024040303013354,MSLB,36,38,292.0,1084.0,316528.0,2024-04-03
2024040304007362,JOSHI,58,32,100.0,330.1,33010.0,2024-04-03
2024040304007361,JOSHI,17,32,100.0,330.2,33020.0,2024-04-03
2024040305004143,CHDC,5,50,10.0,888.0,8880.0,2024-04-03
2024040303013353,MFIL,45,66,10.0,504.0,5040.0,2024-04-03
2024040305004142,NTC,58,45,93.0,835.0,77655.0,2024-04-03
2024040305004141,NTC,42,45,12.0,835.0,10020.0,2024-04-03
2024040305004140,NTC,1,45,10.0,835.0,8350.0,2024-04-03
2024040303013352,VLBS,46,45,10.0,742.0,7420.0,2024-04-03
2024040301026991,SIKLES,39,7,10.0,514.0,5140.0,2024-04-03
2024040304007360,NICL,17,6,10.0,827.0,8270.0,2024-04-03
2024040304007359,UMRH,43,84,10.0,354.0,3540.0,2024-04-03
2024040304007358,RIDI,29,43,480.0,178.0,85440.0,2024-04-03
2024040304007357,RIDI,44,43,20.0,178.0,3560.0,2024-04-03
2024040304007356,UMHL,21,14,10.0,234.0,2340.0,2024-04-03
2024040303013351,SLBBL,52,51,10.0,665.0,6650.0,2024-04-03
2024040304007355,GLH,57,58,10.0,215.8,2158.0,2024-04-03
2024040304007354,GLH,57,32,10.0,215.6,2156.0,2024-04-03
2024040303013350,NADEP,19,49,36.0,670.9,24152.4,2024-04-03
2024040303013349,NADEP,19,58,14.0,670.0,9380.0,2024-04-03
2024040301026990,PCBL,32,16,670.0,187.6,125692.0,2024-04-03
2024040301026989,PCBL,44,16,740.0,188.9,139786.0,2024-04-03
2024040304007353,SHEL,58,57,40.0,193.6,7744.0,2024-04-03
2024040303013348,GUFL,41,58,20.0,869.8,17396.0,2024-04-03
2024040303013347,ACLBSL,62,53,10.0,759.0,7590.0,2024-04-03
2024040303013346,RLFL,33,59,100.0,350.0,35000.0,2024-04-03
2024040304007352,UPCL,34,38,10.0,204.3,2043.0,2024-04-03
2024040303013345,SLBBL,60,51,10.0,665.0,6650.0,2024-04-03
2024040301026988,BNHC,32,14,65.0,460.0,29900.0,2024-04-03
2024040301026987,BNHC,32,55,160.0,460.0,73600.0,2024-04-03
2024040301026986,BNHC,32,22,10.0,460.0,4600.0,2024-04-03
2024040301026985,BNHC,32,38,40.0,459.0,18360.0,2024-04-03
2024040301026984,BNHC,32,65,70.0,457.0,31990.0,2024-04-03
2024040301026983,BNHC,32,10,220.0,456.9,100518.0,2024-04-03
2024040301026982,BNHC,32,34,35.0,456.9,15991.5,2024-04-03
2024040303013344,SIFC,88,50,500.0,356.0,178000.0,2024-04-03
2024040303013343,SIFC,51,50,396.0,357.0,141372.0,2024-04-03
2024040304007351,JOSHI,17,50,200.0,330.2,66040.0,2024-04-03
2024040303013342,PFL,45,25,10.0,390.0,3900.0,2024-04-03
2024040304007350,AKPL,25,46,12.0,172.9,2074.8,2024-04-03
2024040301026981,MHL,38,25,150.0,406.7,61005.0,2024-04-03
2024040301026980,MHL,42,25,50.0,406.8,20340.0,2024-04-03
2024040301026979,MHL,14,25,500.0,407.0,203500.0,2024-04-03
2024040301026978,SAHAS,49,4,10.0,514.0,5140.0,2024-04-03
2024040304007349,CHL,56,45,30.0,300.0,9000.0,2024-04-03
2024040301026977,EBL,42,51,56.0,494.0,27664.0,2024-04-03
2024040304007348,UPCL,36,42,1166.0,202.5,236115.0,2024-04-03
2024040304007347,UPCL,52,42,500.0,202.5,101250.0,2024-04-03
2024040304007346,UPCL,57,42,319.0,202.5,64597.5,2024-04-03
2024040304007345,UPCL,34,42,15.0,203.0,3045.0,2024-04-03
2024040301026976,MKCL,57,49,10.0,961.0,9610.0,2024-04-03
2024040301026975,MKCL,57,14,10.0,960.0,9600.0,2024-04-03
2024040301026974,MKCL,57,25,10.0,960.0,9600.0,2024-04-03
2024040301026973,MKCL,57,6,10.0,960.0,9600.0,2024-04-03
2024040301026972,MKCL,57,58,10.0,960.0,9600.0,2024-04-03
2024040301026971,MKCL,57,70,30.0,958.9,28767.0,2024-04-03
2024040305004139,ENL,22,45,10.0,775.0,7750.0,2024-04-03
2024040303013341,NLIC,49,39,200.0,595.4,119080.0,2024-04-03
2024040301026970,SAHAS,49,41,365.0,514.0,187610.0,2024-04-03
2024040301026969,PCBL,44,57,50.0,188.9,9445.0,2024-04-03
2024040301026968,PCBL,44,36,210.0,188.8,39648.0,2024-04-03
2024040303013340,SJLIC,38,28,10.0,518.0,5180.0,2024-04-03
2024040303013339,BFC,38,34,500.0,336.0,168000.0,2024-04-03
2024040303013338,BFC,38,58,200.0,336.0,67200.0,2024-04-03
2024040303013337,CORBL,46,69,10.0,427.1,4271.0,2024-04-03
2024040301026967,SNLI,42,69,100.0,596.0,59600.0,2024-04-03
2024040301026966,SNLI,41,69,10.0,596.0,5960.0,2024-04-03
2024040301026965,EBL,58,51,20.0,494.0,9880.0,2024-04-03
2024040304007344,TRH,58,6,743.0,800.7,594920.1,2024-04-03
2024040304007343,TRH,58,49,100.0,800.7,80070.0,2024-04-03
2024040304007342,TRH,58,62,10.0,800.0,8000.0,2024-04-03
2024040304007341,TRH,58,50,500.0,800.0,400000.0,2024-04-03
2024040304007340,TRH,58,46,10.0,800.0,8000.0,2024-04-03
2024040304007339,TRH,58,42,17.0,800.0,13600.0,2024-04-03
2024040304007338,TRH,58,57,30.0,800.0,24000.0,2024-04-03
2024040304007337,TRH,58,1,20.0,800.0,16000.0,2024-04-03
2024040304007336,TRH,58,4,41.0,800.0,32800.0,2024-04-03
2024040304007335,TRH,58,6,489.0,800.0,391200.0,2024-04-03
2024040304007334,TRH,58,40,100.0,799.0,79900.0,2024-04-03
2024040304007333,TRH,58,54,10.0,799.0,7990.0,2024-04-03
2024040304007332,TRH,58,51,500.0,795.6,397800.0,2024-04-03
2024040304007331,TRH,58,42,30.0,795.0,23850.0,2024-04-03
2024040304007330,TRH,58,62,300.0,795.0,238500.0,2024-04-03
2024040304007329,TRH,58,42,100.0,790.0,79000.0,2024-04-03
2024040301026964,MKHL,16,34,200.0,434.0,86800.0,2024-04-03
2024040301026963,MKHL,48,34,100.0,434.0,43400.0,2024-04-03
2024040301026962,MKHL,43,34,100.0,434.0,43400.0,2024-04-03
2024040301026961,MKHL,59,34,80.0,434.0,34720.0,2024-04-03
2024040301026960,NWCL,34,1,10.0,726.0,7260.0,2024-04-03
2024040303013336,MDB,45,51,100.0,424.0,42400.0,2024-04-03
2024040303013335,SJLIC,49,39,25.0,517.5,12937.5,2024-04-03
2024040303013334,SJLIC,41,39,10.0,517.5,5175.0,2024-04-03
2024040303013333,SJLIC,45,39,50.0,517.9,25895.0,2024-04-03
2024040304007328,HURJA,39,58,60.0,300.0,18000.0,2024-04-03
2024040304007327,HURJA,39,48,1494.0,299.9,448050.6,2024-04-03
2024040304007326,HURJA,39,14,50.0,299.9,14995.0,2024-04-03
2024040304007325,HURJA,39,49,242.0,299.0,72358.0,2024-04-03
2024040304007324,NHPC,17,56,155.0,145.0,22475.0,2024-04-03
2024040304007323,CHL,56,45,30.0,300.0,9000.0,2024-04-03
2024040304007322,CHL,56,4,20.0,299.0,5980.0,2024-04-03
2024040305004138,NRN,46,42,130.0,524.0,68120.0,2024-04-03
2024040305004137,NRN,46,57,10.0,524.0,5240.0,2024-04-03
2024040305004136,NRN,46,13,50.0,523.9,26195.0,2024-04-03
2024040305004135,NRN,46,36,10.0,523.0,5230.0,2024-04-03
2024040305004134,NRN,46,14,200.0,523.0,104600.0,2024-04-03
2024040305004133,NRN,46,60,100.0,522.0,52200.0,2024-04-03
2024040303013332,KSBBL,46,57,11.0,348.9,3837.9,2024-04-03
2024040303013331,RLFL,10,59,10.0,350.0,3500.0,2024-04-03
2024040303013330,GUFL,41,39,4031.0,869.8,3506163.8,2024-04-03
2024040303013329,GUFL,41,32,10.0,869.8,8698.0,2024-04-03
2024040303013328,GUFL,41,32,10.0,868.9,8689.0,2024-04-03
2024040303013327,GUFL,41,20,50.0,868.7,43435.0,2024-04-03
2024040303013326,GUFL,41,71,880.0,866.0,762080.0,2024-04-03
2024040303013325,GUFL,41,44,400.0,865.0,346000.0,2024-04-03
2024040303013324,GUFL,41,57,335.0,865.0,289775.0,2024-04-03
2024040303013323,GUFL,41,42,175.0,865.0,151375.0,2024-04-03
2024040303013322,GUFL,41,45,200.0,864.0,172800.0,2024-04-03
2024040303013321,GUFL,41,53,450.0,864.0,388800.0,2024-04-03
2024040303013320,GUFL,41,58,500.0,863.0,431500.0,2024-04-03
2024040303013319,GUFL,41,7,1000.0,863.0,863000.0,2024-04-03
2024040303013318,GUFL,41,41,60.0,860.0,51600.0,2024-04-03
2024040303013317,GUFL,41,20,250.0,860.0,215000.0,2024-04-03
2024040303013316,GUFL,41,45,100.0,860.0,86000.0,2024-04-03
2024040303013315,GUFL,41,45,126.0,860.0,108360.0,2024-04-03
2024040304007321,UPCL,35,38,10.0,204.3,2043.0,2024-04-03
2024040304007320,UPPER,18,22,10.0,169.6,1696.0,2024-04-03
2024040303013314,MPFL,38,38,390.0,358.0,139620.0,2024-04-03
2024040303013313,MPFL,58,38,20.0,358.0,7160.0,2024-04-03
2024040303013312,MPFL,42,38,100.0,358.1,35810.0,2024-04-03
2024040303013311,MPFL,16,38,100.0,359.0,35900.0,2024-04-03
2024040303013310,MPFL,42,38,90.0,359.1,32319.0,2024-04-03
2024040301026959,USHEC,84,48,100.0,368.9,36890.0,2024-04-03
2024040303013309,ACLBSL,62,38,20.0,759.0,15180.0,2024-04-03
2024040303013308,LLBS,62,48,11.0,855.1,9406.1,2024-04-03
2024040301026958,CYCL,60,32,10.0,1375.0,13750.0,2024-04-03
2024040301026957,SONA,16,36,10.0,461.2,4612.0,2024-04-03
2024040301026956,ANLB,21,32,10.0,2045.0,20450.0,2024-04-03
2024040305004132,HRL,55,50,20.0,595.0,11900.0,2024-04-03
2024040303013307,SAPDBL,74,57,10.0,290.0,2900.0,2024-04-03
2024040303013306,SJLIC,45,7,50.0,517.9,25895.0,2024-04-03
2024040301026955,MKHL,16,34,10.0,435.0,4350.0,2024-04-03
2024040301026954,PPL,25,58,10.0,556.5,5565.0,2024-04-03
2024040301026953,PPL,25,41,30.0,556.0,16680.0,2024-04-03
2024040301026952,PPL,25,8,10.0,556.0,5560.0,2024-04-03
2024040301026951,PPL,25,49,10.0,556.0,5560.0,2024-04-03
2024040301026950,PPL,25,39,50.0,556.0,27800.0,2024-04-03
2024040301026949,PPL,25,62,100.0,556.0,55600.0,2024-04-03
2024040301026948,PPL,25,35,10.0,556.0,5560.0,2024-04-03
2024040301026947,PPL,25,34,10.0,556.0,5560.0,2024-04-03
2024040301026946,PPL,25,35,10.0,556.0,5560.0,2024-04-03
2024040301026945,PPL,25,49,10.0,555.0,5550.0,2024-04-03
2024040301026944,PPL,25,51,10.0,555.0,5550.0,2024-04-03
2024040301026943,PPL,25,52,200.0,550.0,110000.0,2024-04-03
2024040301026942,PPL,25,38,10.0,550.0,5500.0,2024-04-03
2024040301026941,PPL,25,35,10.0,550.0,5500.0,2024-04-03
2024040301026940,PPL,25,52,10.0,550.0,5500.0,2024-04-03
2024040301026939,PPL,25,17,206.0,550.0,113300.0,2024-04-03
2024040303013305,MNBBL,57,25,265.0,338.0,89570.0,2024-04-03
2024040303013304,MNBBL,1,25,52.0,338.0,17576.0,2024-04-03
2024040303013303,MNBBL,48,25,100.0,338.0,33800.0,2024-04-03
2024040303013302,MNBBL,49,25,10.0,338.0,3380.0,2024-04-03
2024040303013301,MNBBL,34,25,100.0,338.0,33800.0,2024-04-03
2024040303013300,MNBBL,34,25,150.0,338.0,50700.0,2024-04-03
2024040303013299,MNBBL,13,25,100.0,338.1,33810.0,2024-04-03
2024040301026938,RNLI,58,11,10.0,437.6,4376.0,2024-04-03
2024040301026937,SRLI,42,45,350.0,442.0,154700.0,2024-04-03
2024040301026936,RAWA,88,34,10.0,473.0,4730.0,2024-04-03
2024040305004131,NRIC,49,21,29.0,703.9,20413.1,2024-04-03
2024040304007319,NHPC,35,38,155.0,145.0,22475.0,2024-04-03
2024040303013298,WNLB,35,58,40.0,1361.0,54440.0,2024-04-03
2024040303013297,WNLB,35,36,10.0,1341.3,13413.0,2024-04-03
2024040301026935,ULHC,59,34,22.0,342.0,7524.0,2024-04-03
2024040301026934,ULHC,59,34,10.0,342.0,3420.0,2024-04-03
2024040301026933,ULHC,59,41,10.0,342.0,3420.0,2024-04-03
2024040301026932,ULHC,59,6,10.0,341.9,3419.0,2024-04-03
2024040301026931,ULHC,59,45,10.0,341.0,3410.0,2024-04-03
2024040301026930,ULHC,59,94,10.0,341.0,3410.0,2024-04-03
2024040301026929,ULHC,59,49,10.0,340.0,3400.0,2024-04-03
2024040301026928,ULHC,59,58,10.0,340.0,3400.0,2024-04-03
2024040301026927,ULHC,59,66,10.0,340.0,3400.0,2024-04-03
2024040301026926,ULHC,59,45,10.0,340.0,3400.0,2024-04-03
2024040301026925,ULHC,59,45,10.0,340.0,3400.0,2024-04-03
2024040301026924,ULHC,59,6,50.0,340.0,17000.0,2024-04-03
2024040301026923,ULHC,59,45,10.0,340.0,3400.0,2024-04-03
2024040301026922,ULHC,59,49,10.0,340.0,3400.0,2024-04-03
2024040301026921,ULHC,59,32,10.0,340.0,3400.0,2024-04-03
2024040301026920,ULHC,59,73,48.0,339.0,16272.0,2024-04-03
2024040301026919,CYCL,62,74,11.0,1370.9,15079.9,2024-04-03
2024040303013296,JSLBB,45,42,20.0,1095.0,21900.0,2024-04-03
2024040301026918,SHIVM,34,81,100.0,517.0,51700.0,2024-04-03
2024040303013295,NMFBS,48,53,30.0,1120.0,33600.0,2024-04-03
2024040301026917,HATHY,43,77,150.0,890.0,133500.0,2024-04-03
2024040301026916,HATHY,43,44,350.0,889.9,311465.0,2024-04-03
2024040301026915,USHL,65,57,10.0,487.9,4879.0,2024-04-03
2024040303013294,SKBBL,42,48,20.0,821.0,16420.0,2024-04-03
2024040301026914,GBIME,42,4,300.0,181.4,54420.0,2024-04-03
2024040303013293,GUFL,42,45,45.0,860.0,38700.0,2024-04-03
2024040303013292,GUFL,42,16,55.0,860.0,47300.0,2024-04-03
2024040301026913,SPL,42,22,110.0,650.0,71500.0,2024-04-03
2024040301026912,CKHL,58,66,200.0,545.0,109000.0,2024-04-03
2024040301026911,LVF2,21,52,100.0,7.79,779.0,2024-04-03
2024040303013291,SJLIC,41,52,500.0,517.8,258900.0,2024-04-03
2024040303013290,PROFL,41,38,100.0,310.2,31020.0,2024-04-03
2024040303013289,JBBL,38,35,50.0,287.7,14385.0,2024-04-03
2024040303013288,NUBL,38,54,10.0,648.8,6488.0,2024-04-03
2024040301026910,TSHL,7,48,100.0,500.0,50000.0,2024-04-03
2024040301026909,TSHL,44,48,100.0,500.0,50000.0,2024-04-03
2024040301026908,TSHL,13,48,50.0,500.1,25005.0,2024-04-03
2024040301026907,TSHL,74,48,200.0,502.1,100420.0,2024-04-03
2024040301026906,TSHL,48,48,50.0,502.2,25110.0,2024-04-03
2024040305004130,NMB50,49,7,420.0,9.5,3990.0,2024-04-03
2024040303013287,SFCL,8,7,10.0,308.0,3080.0,2024-04-03
2024040303013286,USLB,75,55,10.0,1590.0,15900.0,2024-04-03
2024040301026905,SONA,16,58,10.0,461.2,4612.0,2024-04-03
2024040301026904,MBJC,47,40,10.0,309.0,3090.0,2024-04-03
2024040301026903,MBJC,47,32,10.0,309.0,3090.0,2024-04-03
2024040301026902,MBJC,47,36,10.0,308.0,3080.0,2024-04-03
2024040301026901,MBJC,47,7,10.0,308.0,3080.0,2024-04-03
2024040301026900,MBJC,47,49,100.0,307.9,30790.0,2024-04-03
2024040305004129,HRL,55,17,10.0,595.0,5950.0,2024-04-03
2024040301026899,CLI,34,21,10.0,450.2,4502.0,2024-04-03
2024040305004128,HRL,55,16,590.0,595.0,351050.0,2024-04-03
2024040305004127,HRL,55,38,30.0,595.0,17850.0,2024-04-03
2024040305004126,HRL,55,58,10.0,595.0,5950.0,2024-04-03
2024040305004125,HRL,55,45,10.0,595.0,5950.0,2024-04-03
2024040305004124,HRL,55,22,10.0,595.0,5950.0,2024-04-03
2024040305004123,HRL,55,58,10.0,595.0,5950.0,2024-04-03
2024040305004122,HRL,55,72,500.0,595.0,297500.0,2024-04-03
2024040305004121,HRL,55,26,10.0,595.0,5950.0,2024-04-03
2024040305004120,HRL,55,35,10.0,595.0,5950.0,2024-04-03
2024040305004119,HRL,55,58,10.0,595.0,5950.0,2024-04-03
2024040305004118,HRL,55,28,10.0,595.0,5950.0,2024-04-03
2024040305004117,HRL,55,6,10.0,595.0,5950.0,2024-04-03
2024040305004116,HRL,55,53,20.0,595.0,11900.0,2024-04-03
2024040305004115,HRL,55,16,60.0,595.0,35700.0,2024-04-03
2024040305004114,HRL,55,40,10.0,595.0,5950.0,2024-04-03
2024040305004113,HRL,55,19,30.0,595.0,17850.0,2024-04-03
2024040305004112,HRL,55,47,20.0,595.0,11900.0,2024-04-03
2024040305004111,HRL,55,36,10.0,595.0,5950.0,2024-04-03
2024040305004110,HRL,55,10,250.0,595.0,148750.0,2024-04-03
2024040305004109,HRL,55,48,100.0,595.0,59500.0,2024-04-03
2024040305004108,HRL,55,36,10.0,595.0,5950.0,2024-04-03
2024040305004107,HRL,55,58,10.0,595.0,5950.0,2024-04-03
2024040305004106,HRL,55,58,10.0,595.0,5950.0,2024-04-03
2024040305004105,HRL,55,51,10.0,595.0,5950.0,2024-04-03
2024040305004104,HRL,55,34,30.0,595.0,17850.0,2024-04-03
2024040305004103,HRL,55,17,10.0,595.0,5950.0,2024-04-03
2024040305004102,HRL,55,21,10.0,595.0,5950.0,2024-04-03
2024040305004101,HRL,55,17,10.0,595.0,5950.0,2024-04-03
2024040305004100,HRL,55,34,30.0,595.0,17850.0,2024-04-03
2024040305004099,HRL,55,34,20.0,595.0,11900.0,2024-04-03
2024040305004098,HRL,55,34,30.0,595.0,17850.0,2024-04-03
2024040305004097,HRL,55,34,30.0,595.0,17850.0,2024-04-03
2024040305004096,HRL,55,38,10.0,595.0,5950.0,2024-04-03
2024040305004095,HRL,55,34,30.0,595.0,17850.0,2024-04-03
2024040305004094,HRL,55,34,30.0,595.0,17850.0,2024-04-03
2024040305004093,HRL,55,51,10.0,595.0,5950.0,2024-04-03
2024040305004092,HRL,55,34,30.0,595.0,17850.0,2024-04-03
2024040305004091,HRL,55,42,10.0,595.0,5950.0,2024-04-03
2024040305004090,HRL,55,34,10.0,595.0,5950.0,2024-04-03
2024040305004089,HRL,55,49,20.0,594.9,11898.0,2024-04-03
2024040305004088,HRL,55,57,190.0,594.5,112955.0,2024-04-03
2024040305004087,HRL,55,58,10.0,594.1,5941.0,2024-04-03
2024040305004086,HRL,55,22,10.0,594.1,5941.0,2024-04-03
2024040301026898,NYADI,65,52,28.0,318.0,8904.0,2024-04-03
2024040301026897,NYADI,65,91,500.0,316.2,158100.0,2024-04-03
2024040301026896,NYADI,65,50,30.0,316.2,9486.0,2024-04-03
2024040301026895,NYADI,65,56,10.0,316.2,3162.0,2024-04-03
2024040301026894,NYADI,65,29,32.0,316.2,10118.4,2024-04-03
2024040301026893,NYADI,65,86,500.0,316.0,158000.0,2024-04-03
2024040301026892,NYADI,65,13,300.0,316.0,94800.0,2024-04-03
2024040301026891,NYADI,65,45,50.0,316.0,15800.0,2024-04-03
2024040301026890,NYADI,65,57,100.0,316.0,31600.0,2024-04-03
2024040301026889,NYADI,65,19,100.0,316.0,31600.0,2024-04-03
2024040301026888,NYADI,65,57,200.0,315.0,63000.0,2024-04-03
2024040301026887,NYADI,65,58,150.0,315.0,47250.0,2024-04-03
2024040304007318,MHNL,28,39,25.0,238.0,5950.0,2024-04-03
2024040304007317,MHNL,28,25,20.0,238.0,4760.0,2024-04-03
2024040301026886,CYCL,66,32,10.0,1375.0,13750.0,2024-04-03
2024040304007316,HURJA,57,58,65.0,298.0,19370.0,2024-04-03
2024040301026885,SMJC,19,41,75.0,381.0,28575.0,2024-04-03
2024040305004085,HRL,55,49,600.0,594.0,356400.0,2024-04-03
2024040304007315,CGH,16,6,10.0,811.5,8115.0,2024-04-03
2024040301026884,DLBS,16,26,55.0,1225.0,67375.0,2024-04-03
2024040303013285,SJLIC,26,52,100.0,517.8,51780.0,2024-04-03
2024040301026883,NRM,55,38,20.0,374.0,7480.0,2024-04-03
2024040305004084,HRL,55,14,500.0,594.0,297000.0,2024-04-03
2024040301026882,NRM,1,38,100.0,375.5,37550.0,2024-04-03
2024040304007314,MHNL,83,25,10.0,238.0,2380.0,2024-04-03
2024040301026881,MHCL,50,35,10.0,419.0,4190.0,2024-04-03
2024040304007313,AKPL,42,34,665.0,172.7,114845.5,2024-04-03
2024040304007312,AKPL,7,34,100.0,172.8,17280.0,2024-04-03
2024040304007311,AKPL,52,34,235.0,172.8,40608.0,2024-04-03
2024040304007310,AKPL,52,52,200.0,172.8,34560.0,2024-04-03
2024040303013284,HLI,41,38,200.0,393.0,78600.0,2024-04-03
2024040304007309,UPCL,34,38,85.0,203.0,17255.0,2024-04-03
2024040303013283,SABSL,42,1,58.0,737.9,42798.2,2024-04-03
2024040303013282,ICFC,55,59,100.0,494.0,49400.0,2024-04-03
2024040303013281,RLFL,11,59,120.0,350.0,42000.0,2024-04-03
2024040303013280,RLFL,39,59,200.0,350.0,70000.0,2024-04-03
2024040303013279,RLFL,43,59,139.0,350.1,48663.9,2024-04-03
2024040303013278,SWBBL,50,25,57.0,764.8,43593.6,2024-04-03
2024040303013277,SWBBL,50,50,33.0,764.5,25228.5,2024-04-03
2024040303013276,SWBBL,50,28,200.0,760.0,152000.0,2024-04-03
2024040305004083,NIFRA,6,45,366.0,202.5,74115.0,2024-04-03
2024040305004082,NIFRA,22,45,100.0,202.6,20260.0,2024-04-03
2024040305004081,NIFRA,21,45,14.0,202.6,2836.4,2024-04-03
2024040304007308,CGH,45,6,10.0,811.5,8115.0,2024-04-03
2024040301026880,HDL,74,58,10.0,1482.0,14820.0,2024-04-03
2024040301026879,HDL,47,58,40.0,1482.0,59280.0,2024-04-03
2024040304007307,SHL,17,61,100.0,439.0,43900.0,2024-04-03
2024040303013275,MFIL,53,66,12.0,504.0,6048.0,2024-04-03
2024040303013274,MFIL,53,55,247.0,503.9,124463.3,2024-04-03
2024040303013273,MFIL,53,29,201.0,503.0,101103.0,2024-04-03
2024040301026878,SBL,65,67,300.0,219.0,65700.0,2024-04-03
2024040301026877,SBL,65,56,800.0,218.0,174400.0,2024-04-03
2024040301026876,SBL,65,45,64.0,218.0,13952.0,2024-04-03
2024040301026875,SBL,65,38,100.0,218.0,21800.0,2024-04-03
2024040301026874,SBL,65,44,167.0,218.0,36406.0,2024-04-03
2024040301026873,SBL,65,50,100.0,217.9,21790.0,2024-04-03
2024040301026872,SBL,65,22,24.0,217.9,5229.6,2024-04-03
2024040303013272,KMCDB,13,49,40.0,780.0,31200.0,2024-04-03
2024040303013271,SJLIC,57,52,41.0,517.8,21229.8,2024-04-03
2024040303013270,SJLIC,14,52,235.0,517.8,121683.0,2024-04-03
2024040303013269,SJLIC,40,52,117.0,517.9,60594.3,2024-04-03
2024040301026871,LSL,22,45,10.0,155.5,1555.0,2024-04-03
2024040304007306,SSHL,22,6,40.0,159.5,6380.0,2024-04-03
2024040301026870,HATHY,19,57,33.0,886.4,29251.2,2024-04-03
2024040301026869,HATHY,38,57,56.0,887.1,49677.6,2024-04-03
2024040301026868,HATHY,54,57,211.0,888.0,187368.0,2024-04-03
2024040301026867,HATHY,44,57,200.0,889.0,177800.0,2024-04-03
2024040303013268,NFS,44,42,500.0,370.0,185000.0,2024-04-03
2024040301026866,SMJC,7,42,500.0,380.0,190000.0,2024-04-03
2024040304007305,SGIC,66,42,30.0,526.0,15780.0,2024-04-03
2024040303013267,SIFC,51,41,94.0,357.0,33558.0,2024-04-03
2024040303013266,GBLBS,35,33,100.0,645.0,64500.0,2024-04-03
2024040301026865,MKHC,50,51,30.0,325.0,9750.0,2024-04-03
2024040301026864,SHLB,36,56,10.0,1050.0,10500.0,2024-04-03
2024040301026863,SHLB,36,58,40.0,1050.0,42000.0,2024-04-03
2024040303013265,GUFL,75,39,100.0,858.0,85800.0,2024-04-03
2024040304007304,RHPL,1,45,50.0,277.0,13850.0,2024-04-03
2024040303013264,SABSL,28,58,10.0,738.0,7380.0,2024-04-03
2024040301026862,GCIL,47,41,136.0,497.0,67592.0,2024-04-03
2024040301026861,BNT,4,28,10.0,12800.0,128000.0,2024-04-03
2024040301026860,BNT,58,28,10.0,13000.0,130000.0,2024-04-03
2024040301026859,BNT,10,28,10.0,13000.0,130000.0,2024-04-03
2024040301026858,BNT,35,28,10.0,13034.0,130340.0,2024-04-03
2024040301026857,BNT,54,28,10.0,13050.0,130500.0,2024-04-03
2024040301026856,BNT,25,28,50.0,13051.0,652550.0,2024-04-03
2024040303013263,SJLIC,40,19,20.0,517.9,10358.0,2024-04-03
2024040303013262,SJLIC,40,41,20.0,517.9,10358.0,2024-04-03
2024040303013261,SJLIC,40,22,43.0,517.9,22269.7,2024-04-03
2024040304007303,TRH,42,58,10.0,779.9,7799.0,2024-04-03
2024040303013260,SWMF,16,36,10.0,748.2,7482.0,2024-04-03
2024040301026855,HATHY,44,48,100.0,889.0,88900.0,2024-04-03
2024040304007302,DHPL,28,14,280.0,192.1,53788.0,2024-04-03
2024040304007301,DHPL,28,14,100.0,192.2,19220.0,2024-04-03
2024040304007300,DHPL,58,14,110.0,193.0,21230.0,2024-04-03
2024040301026854,GCIL,95,41,20.0,497.0,9940.0,2024-04-03
2024040304007299,SPDL,47,59,235.0,233.3,54825.5,2024-04-03
2024040301026853,HHL,45,39,380.0,362.5,137750.0,2024-04-03
2024040301026852,HHL,54,39,50.0,362.7,18135.0,2024-04-03
2024040301026851,HHL,22,39,70.0,364.1,25487.0,2024-04-03
2024040301026850,HHL,34,39,400.0,364.2,145680.0,2024-04-03
2024040301026849,HHL,57,39,100.0,365.0,36500.0,2024-04-03
2024040301026848,MBJC,22,45,10.0,306.1,3061.0,2024-04-03
2024040303013259,CFCL,32,58,145.0,338.2,49039.0,2024-04-03
2024040303013258,CFCL,13,58,10.0,338.3,3383.0,2024-04-03
2024040303013257,CFCL,17,58,100.0,338.4,33840.0,2024-04-03
2024040305004080,NRN,46,16,35.0,519.0,18165.0,2024-04-03
2024040303013256,LICN,41,85,125.0,1340.0,167500.0,2024-04-03
2024040303013255,WNLB,35,58,50.0,1341.0,67050.0,2024-04-03
2024040303013254,WNLB,35,47,11.0,1341.0,14751.0,2024-04-03
2024040303013253,WNLB,35,58,30.0,1341.0,40230.0,2024-04-03
2024040303013252,WNLB,35,36,10.0,1341.0,13410.0,2024-04-03
2024040303013251,WNLB,35,58,30.0,1341.0,40230.0,2024-04-03
2024040303013250,WNLB,35,7,14.0,1337.0,18718.0,2024-04-03
2024040301026847,SRLI,38,45,10.0,442.0,4420.0,2024-04-03
2024040301026846,SRLI,38,32,10.0,442.0,4420.0,2024-04-03
2024040301026845,SRLI,38,48,63.0,442.0,27846.0,2024-04-03
2024040301026844,MANDU,87,14,100.0,690.0,69000.0,2024-04-03
2024040303013249,SMFBS,18,18,10.0,1206.0,12060.0,2024-04-03
2024040301026843,ILI,59,62,200.0,524.0,104800.0,2024-04-03
2024040301026842,MKHC,50,42,770.0,325.0,250250.0,2024-04-03
2024040301026841,ULHC,25,73,10.0,339.0,3390.0,2024-04-03
2024040301026840,ULHC,25,56,10.0,335.9,3359.0,2024-04-03
2024040303013248,GUFL,75,3,100.0,858.0,85800.0,2024-04-03
2024040305004079,LEMF,17,1,100.0,9.58,958.0,2024-04-03
2024040301026839,NABIL,58,14,10.0,434.0,4340.0,2024-04-03
2024040301026838,HDL,34,14,10.0,1484.9,14849.0,2024-04-03
2024040303013247,KRBL,47,21,650.0,388.1,252265.0,2024-04-03
2024040303013246,KRBL,21,21,100.0,388.4,38840.0,2024-04-03
2024040303013245,KRBL,14,21,100.0,388.5,38850.0,2024-04-03
2024040303013244,KRBL,17,21,40.0,389.0,15560.0,2024-04-03
2024040303013243,KRBL,34,21,110.0,389.0,42790.0,2024-04-03
2024040305004078,NICFC,32,52,200.0,8.55,1710.0,2024-04-03
2024040301026837,HBL,26,37,300.0,184.6,55380.0,2024-04-03
2024040301026836,HBL,54,37,249.0,184.6,45965.4,2024-04-03
2024040301026835,HBL,32,37,211.0,184.6,38950.6,2024-04-03
2024040301026834,HBL,32,22,200.0,184.6,36920.0,2024-04-03
2024040301026833,MKJC,8,57,295.0,455.0,134225.0,2024-04-03
2024040301026832,MKJC,3,57,20.0,455.7,9114.0,2024-04-03
2024040301026831,MKJC,3,57,20.0,455.8,9116.0,2024-04-03
2024040301026830,HBL,32,8,550.0,184.6,101530.0,2024-04-03
2024040301026829,MKHL,16,58,100.0,435.0,43500.0,2024-04-03
2024040301026828,MKHL,16,8,90.0,435.0,39150.0,2024-04-03
2024040301026827,HATHY,72,48,100.0,889.0,88900.0,2024-04-03
2024040301026826,GVL,48,34,10.0,419.9,4199.0,2024-04-03
2024040305004077,NICSF,60,48,1000.0,8.76,8760.0,2024-04-03
2024040301026825,IHL,25,32,80.0,372.0,29760.0,2024-04-03
2024040304007298,SHL,47,61,100.0,439.0,43900.0,2024-04-03
2024040301026824,GBIME,58,4,40.0,181.4,7256.0,2024-04-03
2024040303013242,SJLIC,58,22,60.0,517.9,31074.0,2024-04-03
2024040304007297,UAIL,62,67,250.0,523.0,130750.0,2024-04-03
2024040304007296,UAIL,42,67,50.0,523.1,26155.0,2024-04-03
2024040304007295,SJCL,22,49,90.0,277.7,24993.0,2024-04-03
2024040301026823,NABIL,57,41,20.0,433.9,8678.0,2024-04-03
2024040301026822,MMKJL,44,35,10.0,414.0,4140.0,2024-04-03
2024040301026821,SARBTM,16,38,50.0,895.5,44775.0,2024-04-03
2024040301026820,UHEWA,38,67,10.0,357.0,3570.0,2024-04-03
2024040303013241,PFL,62,25,10.0,390.0,3900.0,2024-04-03
2024040301026819,CLI,20,41,130.0,451.0,58630.0,2024-04-03
2024040303013240,JSLBB,33,35,100.0,1094.5,109450.0,2024-04-03
2024040304007294,UPPER,32,55,13.0,169.5,2203.5,2024-04-03
2024040301026818,RHGCL,32,16,20.0,316.0,6320.0,2024-04-03
2024040301026817,MKJC,94,35,10.0,460.0,4600.0,2024-04-03
2024040301026816,SARBTM,45,58,10.0,897.0,8970.0,2024-04-03
2024040301026815,SARBTM,45,77,50.0,897.0,44850.0,2024-04-03
2024040301026814,SARBTM,45,41,50.0,897.0,44850.0,2024-04-03
2024040301026813,SARBTM,45,28,50.0,897.0,44850.0,2024-04-03
2024040301026812,SARBTM,45,37,50.0,896.0,44800.0,2024-04-03
2024040301026811,SARBTM,45,57,50.0,896.0,44800.0,2024-04-03
2024040301026810,SARBTM,45,55,10.0,896.0,8960.0,2024-04-03
2024040301026809,SARBTM,45,58,50.0,896.0,44800.0,2024-04-03
2024040301026808,SARBTM,45,35,50.0,896.0,44800.0,2024-04-03
2024040301026807,SARBTM,45,35,50.0,896.0,44800.0,2024-04-03
2024040301026806,SARBTM,45,42,30.0,896.0,26880.0,2024-04-03
2024040301026805,SARBTM,45,55,50.0,895.8,44790.0,2024-04-03
2024040304007293,JOSHI,45,62,10.0,331.0,3310.0,2024-04-03
2024040301026804,SMJC,45,52,10.0,381.0,3810.0,2024-04-03
2024040303013239,HLI,41,45,66.0,393.0,25938.0,2024-04-03
2024040305004076,HIDCL,25,45,100.0,167.0,16700.0,2024-04-03
2024040301026803,SAHAS,49,53,10.0,514.0,5140.0,2024-04-03
2024040305004075,HRL,55,58,10.0,594.0,5940.0,2024-04-03
2024040301026802,SHLB,28,58,50.0,1050.0,52500.0,2024-04-03
2024040301026801,DORDI,49,5,50.0,425.0,21250.0,2024-04-03
2024040301026800,DORDI,7,5,40.0,425.0,17000.0,2024-04-03
2024040301026799,DORDI,56,5,100.0,425.1,42510.0,2024-04-03
2024040301026798,TVCL,42,62,10.0,479.8,4798.0,2024-04-03
2024040301026797,TVCL,42,58,20.0,479.0,9580.0,2024-04-03
2024040303013238,PROFL,56,26,300.0,310.1,93030.0,2024-04-03
2024040303013237,PROFL,52,26,200.0,310.2,62040.0,2024-04-03
2024040301026796,SIKLES,45,33,100.0,510.4,51040.0,2024-04-03
2024040303013236,USLB,75,41,10.0,1590.0,15900.0,2024-04-03
2024040304007292,NHPC,58,45,96.0,144.6,13881.6,2024-04-03
2024040304007291,NHPC,64,45,64.0,144.6,9254.4,2024-04-03
2024040301026795,NICA,47,16,20.0,402.0,8040.0,2024-04-03
2024040301026794,MKHC,4,42,50.0,325.0,16250.0,2024-04-03
2024040303013235,GILB,42,43,12.0,971.1,11653.2,2024-04-03
2024040303013234,GFCL,53,32,630.0,448.0,282240.0,2024-04-03
2024040301026793,CLI,34,34,247.0,450.2,111199.4,2024-04-03
2024040301026792,CLI,34,34,250.0,450.4,112600.0,2024-04-03
2024040301026791,CLI,29,34,408.0,450.6,183844.8,2024-04-03
2024040301026790,CLI,36,34,60.0,450.8,27048.0,2024-04-03
2024040301026789,CLI,13,34,35.0,450.8,15778.0,2024-04-03
2024040303013233,SDLBSL,69,21,34.0,731.9,24884.6,2024-04-03
2024040301026788,PHCL,3,86,100.0,310.0,31000.0,2024-04-03
2024040301026787,PHCL,70,86,100.0,310.0,31000.0,2024-04-03
2024040301026786,PHCL,13,86,100.0,310.0,31000.0,2024-04-03
2024040301026785,PHCL,21,86,100.0,310.0,31000.0,2024-04-03
2024040301026784,PHCL,38,86,100.0,310.0,31000.0,2024-04-03
2024040301026783,PHCL,16,86,200.0,310.0,62000.0,2024-04-03
2024040301026782,PHCL,44,86,52.0,310.1,16125.2,2024-04-03
2024040301026781,PHCL,49,86,240.0,311.0,74640.0,2024-04-03
2024040303013232,SABSL,28,36,90.0,738.0,66420.0,2024-04-03
2024040301026780,NIMB,29,16,854.0,157.0,134078.0,2024-04-03
2024040301026779,PCBL,32,35,317.0,187.6,59469.2,2024-04-03
2024040301026778,PCBL,57,35,150.0,187.8,28170.0,2024-04-03
2024040301026777,PCBL,45,35,10.0,187.9,1879.0,2024-04-03
2024040301026776,PCBL,57,35,100.0,187.9,18790.0,2024-04-03
2024040301026775,PCBL,36,35,438.0,187.9,82300.2,2024-04-03
2024040301026774,PCBL,58,35,15.0,188.0,2820.0,2024-04-03
2024040301026773,PCBL,51,35,10.0,188.0,1880.0,2024-04-03
2024040301026772,PCBL,42,35,10.0,188.0,1880.0,2024-04-03
2024040301026771,PCBL,57,35,350.0,188.0,65800.0,2024-04-03
2024040301026770,MSHL,35,53,19.0,610.0,11590.0,2024-04-03
2024040301026769,SMJC,7,81,50.0,380.0,19000.0,2024-04-03
2024040303013231,NFS,44,38,15.0,370.0,5550.0,2024-04-03
2024040301026768,AHL,18,26,10.0,441.9,4419.0,2024-04-03
2024040301026767,SHIVM,42,51,19.0,516.5,9813.5,2024-04-03
2024040301026766,SHIVM,59,51,100.0,516.6,51660.0,2024-04-03
2024040301026765,SHIVM,5,51,100.0,516.6,51660.0,2024-04-03
2024040301026764,SHIVM,29,51,20.0,516.7,10334.0,2024-04-03
2024040301026763,SHIVM,51,51,40.0,517.0,20680.0,2024-04-03
2024040301026762,SHIVM,49,51,50.0,517.0,25850.0,2024-04-03
2024040301026761,SHIVM,65,51,20.0,517.0,10340.0,2024-04-03
2024040301026760,SHIVM,59,51,200.0,517.0,103400.0,2024-04-03
2024040301026759,SHIVM,53,51,50.0,517.0,25850.0,2024-04-03
2024040301026758,SHIVM,51,51,25.0,517.0,12925.0,2024-04-03
2024040301026757,SHIVM,33,51,100.0,517.0,51700.0,2024-04-03
2024040301026756,SHIVM,16,51,176.0,517.0,90992.0,2024-04-03
2024040301026755,SHIVM,39,51,100.0,517.6,51760.0,2024-04-03
2024040301026754,SARBTM,16,51,50.0,895.5,44775.0,2024-04-03
2024040305004074,HRL,55,50,20.0,594.0,11880.0,2024-04-03
2024040303013230,KSBBL,36,50,100.0,346.1,34610.0,2024-04-03
2024040301026753,CKHL,58,45,451.0,545.0,245795.0,2024-04-03
2024040301026752,CKHL,16,45,49.0,545.1,26709.9,2024-04-03
2024040304007290,AHPC,53,32,300.0,171.0,51300.0,2024-04-03
2024040301026751,TPC,53,3,50.0,517.0,25850.0,2024-04-03
2024040304007289,SSHL,21,6,15.0,159.5,2392.5,2024-04-03
2024040303013229,ICFC,34,57,10.0,495.8,4958.0,2024-04-03
2024040303013228,SJLIC,14,5,50.0,517.8,25890.0,2024-04-03
2024040301026750,SARBTM,6,55,10.0,896.0,8960.0,2024-04-03
2024040304007288,HURJA,19,58,20.0,298.0,5960.0,2024-04-03
2024040304007287,SHEL,54,57,10.0,193.6,1936.0,2024-04-03
2024040303013227,USLB,75,41,10.0,1590.0,15900.0,2024-04-03
2024040301026749,MCHL,44,41,20.0,353.0,7060.0,2024-04-03
2024040303013226,GUFL,35,16,10.0,860.0,8600.0,2024-04-03
2024040301026748,NRM,55,38,10.0,374.0,3740.0,2024-04-03
2024040301026747,SARBTM,14,55,35.0,896.0,31360.0,2024-04-03
2024040301026746,SARBTM,14,41,50.0,896.0,44800.0,2024-04-03
2024040301026745,SARBTM,14,56,15.0,896.0,13440.0,2024-04-03
2024040301026744,CLI,48,41,100.0,451.0,45100.0,2024-04-03
2024040303013225,DDBL,43,38,10.0,707.9,7079.0,2024-04-03
2024040304007286,HDHPC,44,34,500.0,133.1,66550.0,2024-04-03
2024040304007285,KKHC,34,28,10.0,233.0,2330.0,2024-04-03
2024040304007284,KKHC,34,58,30.0,233.0,6990.0,2024-04-03
2024040304007283,KKHC,34,32,40.0,233.0,9320.0,2024-04-03
2024040304007282,NHPC,64,58,136.0,144.6,19665.6,2024-04-03
2024040304007281,NHPC,36,58,14.0,144.6,2024.4,2024-04-03
2024040301026743,DOLTI,28,6,940.0,435.2,409088.0,2024-04-03
2024040301026742,DOLTI,56,6,20.0,436.0,8720.0,2024-04-03
2024040301026741,DOLTI,71,6,40.0,436.1,17444.0,2024-04-03
2024040301026740,MKLB,44,19,20.0,862.8,17256.0,2024-04-03
2024040301026739,MKLB,44,28,10.0,862.7,8627.0,2024-04-03
2024040301026738,MKLB,44,5,50.0,862.5,43125.0,2024-04-03
2024040301026737,MKLB,44,45,12.0,861.8,10341.6,2024-04-03
2024040303013224,HLBSL,49,35,100.0,725.0,72500.0,2024-04-03
2024040304007280,RHPL,1,34,400.0,277.0,110800.0,2024-04-03
2024040301026736,ULHC,48,45,10.0,335.7,3357.0,2024-04-03
2024040303013223,RSDC,53,21,100.0,592.5,59250.0,2024-04-03
2024040301026735,HATHY,54,53,45.0,888.0,39960.0,2024-04-03
2024040301026734,HATHY,45,53,290.0,888.3,257607.0,2024-04-03
2024040304007279,AHPC,47,32,200.0,171.0,34200.0,2024-04-03
2024040304007278,AHPC,35,32,200.0,171.0,34200.0,2024-04-03
2024040304007277,AHPC,58,32,57.0,171.0,9747.0,2024-04-03
2024040304007276,AHPC,47,32,790.0,171.0,135090.0,2024-04-03
2024040304007275,AHPC,88,32,110.0,171.2,18832.0,2024-04-03
2024040305004073,LUK,22,49,100.0,8.3,830.0,2024-04-03
2024040301026733,SARBTM,16,6,50.0,895.5,44775.0,2024-04-03
2024040303013222,VLBS,57,8,190.0,748.0,142120.0,2024-04-03
2024040303013221,VLBS,57,58,150.0,747.9,112185.0,2024-04-03
2024040303013220,VLBS,57,21,90.0,747.8,67302.0,2024-04-03
2024040303013219,VLBS,57,38,20.0,747.0,14940.0,2024-04-03
2024040303013218,VLBS,57,45,50.0,747.0,37350.0,2024-04-03
2024040301026732,NBL,84,7,20.0,214.8,4296.0,2024-04-03
2024040304007274,LEC,11,1,10.0,181.3,1813.0,2024-04-03
2024040304007273,UPPER,34,55,200.0,169.5,33900.0,2024-04-03
2024040301026731,ADBL,65,19,92.0,230.0,21160.0,2024-04-03
2024040301026730,ADBL,65,58,600.0,230.0,138000.0,2024-04-03
2024040301026729,ADBL,65,46,20.0,230.0,4600.0,2024-04-03
2024040301026728,ADBL,65,55,84.0,230.0,19320.0,2024-04-03
2024040301026727,ADBL,65,34,150.0,230.0,34500.0,2024-04-03
2024040301026726,ADBL,65,33,100.0,229.9,22990.0,2024-04-03
2024040301026725,ADBL,65,45,200.0,229.9,45980.0,2024-04-03
2024040301026724,ADBL,65,42,33.0,229.7,7580.1,2024-04-03
2024040301026723,ADBL,65,16,159.0,229.7,36522.3,2024-04-03
2024040301026722,ADBL,65,33,66.0,229.5,15147.0,2024-04-03
2024040301026721,ADBL,65,21,800.0,229.0,183200.0,2024-04-03
2024040301026720,ADBL,65,58,61.0,228.7,13950.7,2024-04-03
2024040301026719,ADBL,65,58,66.0,228.7,15094.2,2024-04-03
2024040301026718,ADBL,65,41,70.0,228.5,15995.0,2024-04-03
2024040301026717,ADBL,65,21,10.0,228.0,2280.0,2024-04-03
2024040301026716,ADBL,65,13,489.0,228.0,111492.0,2024-04-03
2024040301026715,MKHC,5,42,10.0,325.0,3250.0,2024-04-03
2024040303013217,FOWAD,40,62,10.0,1095.0,10950.0,2024-04-03
2024040304007272,GHL,68,38,50.0,149.9,7495.0,2024-04-03
2024040301026714,SONA,16,42,100.0,461.2,46120.0,2024-04-03
2024040301026713,SONA,16,13,106.0,461.2,48887.2,2024-04-03
2024040301026712,SONA,42,13,10.0,461.2,4612.0,2024-04-03
2024040303013216,SHINE,42,62,325.0,366.5,119112.5,2024-04-03
2024040301026711,IHL,71,32,10.0,372.0,3720.0,2024-04-03
2024040304007271,UPPER,14,55,87.0,169.5,14746.5,2024-04-03
2024040304007270,UPPER,14,45,113.0,169.5,19153.5,2024-04-03
2024040303013215,ALICL,45,38,50.0,552.6,27630.0,2024-04-03
2024040305004072,NIFRA,38,32,50.0,203.0,10150.0,2024-04-03
2024040305004071,NIFRA,38,14,100.0,203.0,20300.0,2024-04-03
2024040301026710,MEHL,7,1,210.0,308.4,64764.0,2024-04-03
2024040301026709,MEHL,29,1,240.0,308.5,74040.0,2024-04-03
2024040301026708,MEHL,13,1,500.0,309.0,154500.0,2024-04-03
2024040301026707,MEHL,55,1,200.0,309.0,61800.0,2024-04-03
2024040301026706,PPL,62,62,100.0,545.1,54510.0,2024-04-03
2024040301026705,PPL,28,62,190.0,545.2,103588.0,2024-04-03
2024040303013214,SABSL,42,50,15.0,737.9,11068.5,2024-04-03
2024040303013213,MLBBL,32,29,100.0,947.0,94700.0,2024-04-03
2024040303013212,JFL,42,11,10.0,382.0,3820.0,2024-04-03
2024040304007269,UPPER,45,45,100.0,169.5,16950.0,2024-04-03
2024040305004070,SMATA,34,45,10.0,710.0,7100.0,2024-04-03
2024040303013211,JSLBB,43,21,10.0,1094.0,10940.0,2024-04-03
2024040303013210,JSLBB,43,58,40.0,1094.0,43760.0,2024-04-03
2024040301026704,SARBTM,16,21,273.0,895.5,244471.5,2024-04-03
2024040301026703,SARBTM,62,21,27.0,895.5,24178.5,2024-04-03
2024040301026702,USHEC,22,21,10.0,365.1,3651.0,2024-04-03
2024040301026701,KBSH,57,6,30.0,999.0,29970.0,2024-04-03
2024040303013209,ALBSL,16,51,110.0,740.0,81400.0,2024-04-03
2024040301026700,MKJC,44,35,100.0,460.0,46000.0,2024-04-03
2024040301026699,MKJC,58,35,80.0,460.1,36808.0,2024-04-03
2024040301026698,SHIVM,69,48,10.0,518.0,5180.0,2024-04-03
2024040303013208,NADEP,62,49,130.0,670.9,87217.0,2024-04-03
2024040303013207,KRBL,34,47,190.0,389.0,73910.0,2024-04-03
2024040303013206,KRBL,33,47,50.0,390.1,19505.0,2024-04-03
2024040301026697,MKHC,17,42,2000.0,325.0,650000.0,2024-04-03
2024040303013205,GLBSL,62,45,48.0,1796.8,86246.4,2024-04-03
2024040301026696,MLBS,86,51,240.0,998.0,239520.0,2024-04-03
2024040301026695,MLBS,86,58,50.0,998.0,49900.0,2024-04-03
2024040301026694,MLBS,86,56,40.0,997.9,39916.0,2024-04-03
2024040301026693,MLBS,86,51,20.0,997.5,19950.0,2024-04-03
2024040301026692,HATHY,19,48,100.0,889.0,88900.0,2024-04-03
2024040301026691,HATHY,19,57,200.0,888.5,177700.0,2024-04-03
2024040301026690,SONA,36,49,4449.0,461.1,2051433.9,2024-04-03
2024040301026689,SONA,67,49,45.0,461.1,20749.5,2024-04-03
2024040301026688,MKLB,42,35,15.0,860.0,12900.0,2024-04-03
2024040303013204,NFS,44,8,300.0,370.0,111000.0,2024-04-03
2024040303013203,NFS,44,54,525.0,370.0,194250.0,2024-04-03
2024040303013202,NFS,44,47,100.0,369.1,36910.0,2024-04-03
2024040301026687,MEHL,55,41,50.0,309.0,15450.0,2024-04-03
2024040303013201,GBBL,35,14,171.0,360.1,61577.1,2024-04-03
2024040303013200,NUBL,16,38,64.0,642.0,41088.0,2024-04-03
2024040305004069,HRL,55,38,20.0,594.0,11880.0,2024-04-03
2024040304007268,HDHPC,39,32,55.0,133.5,7342.5,2024-04-03
2024040301026686,PRVU,45,34,551.0,139.5,76864.5,2024-04-03
2024040301026685,PRVU,45,63,147.0,139.4,20491.8,2024-04-03
2024040301026684,PRVU,45,49,302.0,139.0,41978.0,2024-04-03
2024040301026683,GCIL,28,45,10.0,496.2,4962.0,2024-04-03
2024040301026682,SARBTM,62,21,23.0,895.5,20596.5,2024-04-03
2024040301026681,SARBTM,74,21,40.0,895.5,35820.0,2024-04-03
2024040301026680,SARBTM,16,21,177.0,895.5,158503.5,2024-04-03
2024040303013199,SKBBL,49,6,500.0,820.0,410000.0,2024-04-03
2024040304007267,CHCL,42,21,100.0,451.0,45100.0,2024-04-03
2024040305004068,NRIC,42,21,25.0,703.9,17597.5,2024-04-03
2024040304007266,JOSHI,58,81,643.0,330.1,212254.3,2024-04-03
2024040304007265,JOSHI,58,81,157.0,330.1,51825.7,2024-04-03
2024040304007264,JOSHI,43,81,200.0,330.2,66040.0,2024-04-03
2024040301026679,SONA,38,13,200.0,461.2,92240.0,2024-04-03
2024040301026678,SIKLES,39,7,10.0,514.0,5140.0,2024-04-03
2024040301026677,BEDC,45,34,300.0,362.0,108600.0,2024-04-03
2024040301026676,BEDC,45,18,20.0,362.0,7240.0,2024-04-03
2024040304007263,NICL,45,26,98.0,827.0,81046.0,2024-04-03
2024040305004067,NTC,1,45,15.0,835.0,12525.0,2024-04-03
2024040305004066,NTC,13,45,30.0,835.0,25050.0,2024-04-03
2024040305004065,NTC,83,45,10.0,836.0,8360.0,2024-04-03
2024040304007262,SALICO,55,49,100.0,665.0,66500.0,2024-04-03
2024040303013198,VLBS,46,42,23.0,742.0,17066.0,2024-04-03
2024040301026675,ULHC,48,58,10.0,335.7,3357.0,2024-04-03
2024040304007261,SHEL,58,57,150.0,193.6,29040.0,2024-04-03
2024040303013197,MSLB,6,5,20.0,1070.0,21400.0,2024-04-03
2024040303013196,SFCL,8,44,100.0,311.0,31100.0,2024-04-03
2024040301026674,ILI,59,26,10.0,524.0,5240.0,2024-04-03
2024040303013195,PROFL,42,38,100.0,310.5,31050.0,2024-04-03
2024040301026673,SARBTM,16,38,50.0,895.5,44775.0,2024-04-03
2024040304007260,LEC,16,1,400.0,181.3,72520.0,2024-04-03
2024040303013194,SKBBL,62,48,80.0,821.0,65680.0,2024-04-03
2024040303013193,SKBBL,62,52,20.0,820.8,16416.0,2024-04-03
2024040303013192,SHINE,13,62,200.0,366.5,73300.0,2024-04-03
2024040303013191,SHINE,34,62,50.0,366.5,18325.0,2024-04-03
2024040301026672,SARBTM,16,7,20.0,895.5,17910.0,2024-04-03
2024040301026671,SARBTM,21,7,30.0,895.8,26874.0,2024-04-03
2024040304007259,NLG,49,29,765.0,751.0,574515.0,2024-04-03
2024040304007258,NLG,58,29,19.0,752.0,14288.0,2024-04-03
2024040303013190,PMLI,62,39,10.0,514.1,5141.0,2024-04-03
2024040303013189,PMLI,45,39,20.0,514.2,10284.0,2024-04-03
2024040301026670,SARBTM,21,21,50.0,895.8,44790.0,2024-04-03
2024040303013188,MLBL,34,49,10.0,318.0,3180.0,2024-04-03
2024040303013187,MLBL,34,47,54.0,317.0,17118.0,2024-04-03
2024040301026669,CYCL,66,32,10.0,1375.0,13750.0,2024-04-03
2024040303013186,SINDU,58,45,10.0,341.0,3410.0,2024-04-03
2024040303013185,SJLIC,58,22,50.0,517.9,25895.0,2024-04-03
2024040301026668,RHGCL,49,19,272.0,314.1,85435.2,2024-04-03
2024040301026667,RHGCL,57,19,18.0,315.0,5670.0,2024-04-03
2024040301026666,RHGCL,7,19,10.0,315.0,3150.0,2024-04-03
2024040305004064,HRL,55,49,20.0,594.0,11880.0,2024-04-03
2024040305004063,NIFRA,88,58,46.0,203.0,9338.0,2024-04-03
2024040305004062,NIFRA,88,45,100.0,203.0,20300.0,2024-04-03
2024040305004061,NIFRA,88,1,54.0,203.0,10962.0,2024-04-03
2024040301026665,SMJC,7,26,560.0,380.0,212800.0,2024-04-03
2024040303013184,WNLB,35,51,75.0,1337.0,100275.0,2024-04-03
2024040303013183,WNLB,35,3,10.0,1337.0,13370.0,2024-04-03
2024040303013182,WNLB,35,16,15.0,1335.0,20025.0,2024-04-03
2024040303013181,NICLBSL,34,32,10.0,610.0,6100.0,2024-04-03
2024040303013180,NICLBSL,34,62,56.0,608.0,34048.0,2024-04-03
2024040301026664,SONA,50,13,134.0,461.2,61800.8,2024-04-03
2024040304007257,HURJA,43,58,45.0,298.0,13410.0,2024-04-03
2024040304007256,HURJA,38,58,10.0,298.0,2980.0,2024-04-03
2024040303013179,CFCL,36,58,145.0,338.5,49082.5,2024-04-03
2024040305004060,HRL,55,16,20.0,594.0,11880.0,2024-04-03
2024040301026663,SPL,42,39,91.0,656.0,59696.0,2024-04-03
2024040301026662,SHIVM,26,75,10.0,518.0,5180.0,2024-04-03
2024040301026661,SHIVM,26,6,90.0,518.0,46620.0,2024-04-03
2024040303013178,GBLBS,35,50,20.0,646.0,12920.0,2024-04-03
2024040303013177,GBLBS,35,47,230.0,646.0,148580.0,2024-04-03
2024040303013176,GBLBS,35,57,50.0,645.0,32250.0,2024-04-03
2024040303013175,CORBL,46,1,215.0,427.1,91826.5,2024-04-03
2024040303013174,CORBL,32,1,300.0,427.6,128280.0,2024-04-03
2024040303013173,CORBL,58,1,100.0,427.7,42770.0,2024-04-03
2024040303013172,CORBL,5,1,100.0,427.7,42770.0,2024-04-03
2024040303013171,NFS,45,47,30.0,369.1,11073.0,2024-04-03
2024040304007255,NGPL,32,74,200.0,296.0,59200.0,2024-04-03
2024040304007254,MEN,32,25,500.0,505.0,252500.0,2024-04-03
2024040303013170,SJLIC,34,22,100.0,517.9,51790.0,2024-04-03
2024040303013169,CFCL,36,34,50.0,338.5,16925.0,2024-04-03
2024040305004059,HRL,55,6,10.0,594.0,5940.0,2024-04-03
2024040305004058,HRL,55,58,20.0,594.0,11880.0,2024-04-03
2024040305004057,HRL,55,58,20.0,594.0,11880.0,2024-04-03
2024040305004056,HRL,55,49,30.0,594.0,17820.0,2024-04-03
2024040305004055,HRL,55,42,10.0,594.0,5940.0,2024-04-03
2024040305004054,HRL,55,58,20.0,594.0,11880.0,2024-04-03
2024040305004053,HRL,55,25,10.0,594.0,5940.0,2024-04-03
2024040305004052,HRL,55,58,10.0,594.0,5940.0,2024-04-03
2024040305004051,HRL,55,8,20.0,594.0,11880.0,2024-04-03
2024040305004050,HRL,55,58,10.0,594.0,5940.0,2024-04-03
2024040305004049,HRL,55,35,10.0,594.0,5940.0,2024-04-03
2024040305004048,HRL,55,48,200.0,594.0,118800.0,2024-04-03
2024040305004047,HRL,55,68,1000.0,594.0,594000.0,2024-04-03
2024040305004046,HRL,55,7,10.0,594.0,5940.0,2024-04-03
2024040305004045,HRL,55,49,10.0,594.0,5940.0,2024-04-03
2024040305004044,HRL,55,42,10.0,594.0,5940.0,2024-04-03
2024040305004043,HRL,55,94,30.0,594.0,17820.0,2024-04-03
2024040305004042,HRL,55,4,10.0,594.0,5940.0,2024-04-03
2024040305004041,HRL,55,49,20.0,594.0,11880.0,2024-04-03
2024040305004040,HRL,55,26,15.0,594.0,8910.0,2024-04-03
2024040305004039,HRL,55,49,10.0,594.0,5940.0,2024-04-03
2024040305004038,HRL,55,21,10.0,594.0,5940.0,2024-04-03
2024040305004037,HRL,55,47,40.0,594.0,23760.0,2024-04-03
2024040305004036,HRL,55,34,30.0,594.0,17820.0,2024-04-03
2024040305004035,HRL,55,58,10.0,594.0,5940.0,2024-04-03
2024040305004034,HRL,55,35,20.0,594.0,11880.0,2024-04-03
2024040305004033,HRL,55,58,10.0,594.0,5940.0,2024-04-03
2024040305004032,HRL,55,41,20.0,594.0,11880.0,2024-04-03
2024040305004031,HRL,55,58,10.0,594.0,5940.0,2024-04-03
2024040305004030,HRL,55,58,10.0,594.0,5940.0,2024-04-03
2024040305004029,HRL,55,39,450.0,594.0,267300.0,2024-04-03
2024040305004028,HRL,55,1,200.0,593.9,118780.0,2024-04-03
2024040305004027,HRL,55,42,34.0,593.9,20192.6,2024-04-03
2024040303013168,SJLIC,46,22,132.0,517.9,68362.8,2024-04-03
2024040301026660,SBID89,49,52,25.0,962.0,24050.0,2024-04-03
2024040303013167,SJLIC,47,22,95.0,517.9,49200.5,2024-04-03
2024040303013166,SJLIC,52,22,20.0,517.9,10358.0,2024-04-03
2024040301026659,DORDI,57,6,10.0,428.0,4280.0,2024-04-03
2024040303013165,GUFL,19,16,25.0,860.0,21500.0,2024-04-03
2024040303013164,GUFL,18,16,10.0,860.0,8600.0,2024-04-03
2024040301026658,HDL,47,49,160.0,1482.0,237120.0,2024-04-03
2024040301026657,HDL,44,49,100.0,1482.0,148200.0,2024-04-03
2024040301026656,HDL,49,49,50.0,1482.0,74100.0,2024-04-03
2024040301026655,HDL,41,49,10.0,1483.0,14830.0,2024-04-03
2024040304007253,UPPER,41,45,15.0,169.5,2542.5,2024-04-03
2024040303013163,WNLB,35,16,41.0,1335.0,54735.0,2024-04-03
2024040303013162,WNLB,35,36,10.0,1334.2,13342.0,2024-04-03
2024040303013161,WNLB,35,7,10.0,1334.0,13340.0,2024-04-03
2024040303013160,WNLB,35,16,56.0,1330.0,74480.0,2024-04-03
2024040303013159,WNLB,35,22,10.0,1330.0,13300.0,2024-04-03
2024040303013158,WNLB,35,42,11.0,1330.0,14630.0,2024-04-03
2024040303013157,WNLB,35,49,12.0,1329.0,15948.0,2024-04-03
2024040301026654,KBL,19,14,31.0,136.1,4219.1,2024-04-03
2024040303013156,SMFBS,18,18,10.0,1206.0,12060.0,2024-04-03
2024040301026653,RAWA,39,62,140.0,469.2,65688.0,2024-04-03
2024040301026652,CKHL,16,50,215.0,545.1,117196.5,2024-04-03
2024040301026651,CKHL,47,50,10.0,545.2,5452.0,2024-04-03
2024040301026650,CKHL,35,50,10.0,545.2,5452.0,2024-04-03
2024040301026649,CKHL,26,50,30.0,545.2,16356.0,2024-04-03
2024040301026648,CKHL,1,50,100.0,545.3,54530.0,2024-04-03
2024040303013155,SJLIC,17,28,10.0,518.0,5180.0,2024-04-03
2024040301026647,MLBS,47,53,10.0,997.0,9970.0,2024-04-03
2024040303013154,GILB,42,43,36.0,971.1,34959.6,2024-04-03
2024040303013153,GILB,56,43,12.0,971.2,11654.4,2024-04-03
2024040301026646,NYADI,45,58,295.0,315.0,92925.0,2024-04-03
2024040301026645,NYADI,45,34,10.0,315.0,3150.0,2024-04-03
2024040301026644,NYADI,45,65,135.0,314.1,42403.5,2024-04-03
2024040301026643,NYADI,45,11,10.0,312.0,3120.0,2024-04-03
2024040301026642,SHLB,45,66,17.0,1050.0,17850.0,2024-04-03
2024040301026641,SHLB,45,19,10.0,1050.0,10500.0,2024-04-03
2024040301026640,SHLB,45,35,10.0,1049.9,10499.0,2024-04-03
2024040301026639,SHLB,45,49,20.0,1049.0,20980.0,2024-04-03
2024040301026638,SHLB,45,38,20.0,1048.0,20960.0,2024-04-03
2024040301026637,SHLB,45,58,23.0,1045.0,24035.0,2024-04-03
2024040301026636,SARBTM,16,34,70.0,895.5,62685.0,2024-04-03
2024040301026635,MKCL,45,49,10.0,952.3,9523.0,2024-04-03
2024040301026634,PHCL,49,34,10.0,311.0,3110.0,2024-04-03
2024040301026633,ILI,59,88,50.0,524.0,26200.0,2024-04-03
2024040304007252,RURU,28,41,10.0,651.0,6510.0,2024-04-03
2024040303013152,VLBS,35,42,50.0,742.0,37100.0,2024-04-03
2024040304007251,IGI,35,34,770.0,525.0,404250.0,2024-04-03
2024040301026632,SARBTM,16,51,10.0,895.5,8955.0,2024-04-03
2024040301026631,SARBTM,41,51,10.0,895.8,8958.0,2024-04-03
2024040301026630,PPL,28,36,10.0,545.2,5452.0,2024-04-03
2024040303013151,ALBSL,16,59,20.0,734.0,14680.0,2024-04-03
2024040301026629,GVL,19,21,10.0,415.1,4151.0,2024-04-03
2024040304007250,CHL,56,45,1000.0,300.0,300000.0,2024-04-03
2024040301026628,MHCL,34,35,100.0,419.0,41900.0,2024-04-03
2024040301026627,SGHC,45,32,10.0,316.0,3160.0,2024-04-03
2024040304007249,BARUN,10,32,10.0,241.0,2410.0,2024-04-03
2024040303013150,RSDC,88,6,20.0,592.1,11842.0,2024-04-03
2024040303013149,RSDC,91,6,50.0,592.2,29610.0,2024-04-03
2024040304007248,MHNL,71,57,50.0,236.5,11825.0,2024-04-03
2024040301026626,BEDC,16,18,10.0,362.0,3620.0,2024-04-03
2024040301026625,BEDC,16,6,90.0,362.0,32580.0,2024-04-03
2024040301026624,MKLB,44,35,99.0,860.0,85140.0,2024-04-03
2024040301026623,MKLB,44,26,10.0,860.0,8600.0,2024-04-03
2024040301026622,MKLB,44,26,10.0,860.0,8600.0,2024-04-03
2024040301026621,MKLB,44,26,10.0,860.0,8600.0,2024-04-03
2024040301026620,MKLB,44,45,11.0,860.0,9460.0,2024-04-03
2024040301026619,MKLB,44,26,10.0,860.0,8600.0,2024-04-03
2024040301026618,MKLB,44,21,50.0,859.9,42995.0,2024-04-03
2024040301026617,IHL,42,32,300.0,372.0,111600.0,2024-04-03
2024040305004026,NRIC,49,21,71.0,702.7,49891.7,2024-04-03
2024040301026616,SHIVM,16,35,140.0,517.0,72380.0,2024-04-03
2024040301026615,SHIVM,38,35,10.0,517.1,5171.0,2024-04-03
2024040303013148,WNLB,35,49,109.0,1329.0,144861.0,2024-04-03
2024040303013147,WNLB,35,16,11.0,1329.0,14619.0,2024-04-03
2024040303013146,WNLB,35,36,10.0,1329.0,13290.0,2024-04-03
2024040303013145,WNLB,35,36,20.0,1328.5,26570.0,2024-04-03
2024040301026614,AHL,18,58,10.0,440.0,4400.0,2024-04-03
2024040301026613,AHL,18,51,10.0,440.0,4400.0,2024-04-03
2024040301026612,AHL,18,26,100.0,439.0,43900.0,2024-04-03
2024040301026611,AHL,18,45,10.0,439.0,4390.0,2024-04-03
2024040303013144,BFC,51,56,10.0,335.0,3350.0,2024-04-03
2024040304007247,NHPC,36,35,21.0,144.6,3036.6,2024-04-03
2024040301026610,BHL,70,58,10.0,349.0,3490.0,2024-04-03
2024040301026609,BHL,70,49,10.0,348.8,3488.0,2024-04-03
2024040301026608,BHL,70,34,30.0,348.7,10461.0,2024-04-03
2024040301026607,BHL,70,50,10.0,348.0,3480.0,2024-04-03
2024040301026606,BHL,70,38,10.0,345.0,3450.0,2024-04-03
2024040301026605,BHL,70,16,10.0,344.0,3440.0,2024-04-03
2024040301026604,TVCL,1,45,10.0,474.0,4740.0,2024-04-03
2024040301026603,ULHC,48,58,150.0,335.7,50355.0,2024-04-03
2024040305004025,STC,49,16,10.0,4385.0,43850.0,2024-04-03
2024040301026602,TAMOR,44,7,230.0,380.0,87400.0,2024-04-03
2024040301026601,TAMOR,44,49,10.0,380.0,3800.0,2024-04-03
2024040301026600,TAMOR,44,58,10.0,380.0,3800.0,2024-04-03
2024040301026599,TAMOR,44,4,10.0,380.0,3800.0,2024-04-03
2024040301026598,TAMOR,44,58,10.0,380.0,3800.0,2024-04-03
2024040301026597,SARBTM,16,35,20.0,895.5,17910.0,2024-04-03
2024040301026596,SARBTM,1,35,10.0,895.6,8956.0,2024-04-03
2024040301026595,SARBTM,45,35,20.0,895.8,17916.0,2024-04-03
2024040304007246,AHPC,35,32,10.0,171.5,1715.0,2024-04-03
2024040301026594,SRLI,25,35,10.0,441.6,4416.0,2024-04-03
2024040304007245,IGI,40,35,292.0,524.5,153154.0,2024-04-03
2024040304007244,IGI,59,35,28.0,524.5,14686.0,2024-04-03
2024040304007243,IGI,45,35,20.0,524.5,10490.0,2024-04-03
2024040301026593,MKHL,59,34,300.0,434.0,130200.0,2024-04-03
2024040301026592,SARBTM,45,58,30.0,895.8,26874.0,2024-04-03
2024040301026591,SARBTM,45,49,50.0,895.8,44790.0,2024-04-03
2024040304007242,HURJA,52,49,58.0,299.0,17342.0,2024-04-03
2024040304007241,HURJA,52,36,112.0,299.0,33488.0,2024-04-03
2024040301026590,SARBTM,16,58,50.0,895.5,44775.0,2024-04-03
2024040303013143,ACLBSL,42,38,10.0,759.0,7590.0,2024-04-03
2024040301026589,SHIVM,69,6,10.0,518.0,5180.0,2024-04-03
2024040301026588,SAHAS,38,55,11.0,514.1,5655.1,2024-04-03
2024040303013142,MPFL,42,1,10.0,359.1,3591.0,2024-04-03
2024040301026587,TAMOR,17,38,10.0,376.0,3760.0,2024-04-03
2024040304007240,HPPL,4,58,10.0,270.0,2700.0,2024-04-03
2024040304007239,SSHL,56,6,50.0,159.5,7975.0,2024-04-03
2024040301026586,VLUCL,57,34,34.0,502.8,17095.2,2024-04-03
2024040301026585,VLUCL,51,34,300.0,502.9,150870.0,2024-04-03
2024040301026584,VLUCL,57,34,100.0,503.0,50300.0,2024-04-03
2024040301026583,VLUCL,55,34,20.0,503.0,10060.0,2024-04-03
2024040301026582,VLUCL,26,34,46.0,503.0,23138.0,2024-04-03
2024040304007238,SPDL,52,59,100.0,234.0,23400.0,2024-04-03
2024040301026581,NWCL,19,14,10.0,721.0,7210.0,2024-04-03
2024040301026580,JBLB,58,88,10.0,1337.0,13370.0,2024-04-03
2024040301026579,SONA,44,65,300.0,462.0,138600.0,2024-04-03
2024040303013141,RLFL,43,42,60.0,350.1,21006.0,2024-04-03
2024040303013140,RLFL,34,42,50.0,350.1,17505.0,2024-04-03
2024040301026578,SARBTM,16,41,20.0,895.5,17910.0,2024-04-03
2024040301026577,SMJC,7,81,1500.0,380.0,570000.0,2024-04-03
2024040304007237,AKPL,48,46,205.0,172.9,35444.5,2024-04-03
2024040304007236,AKPL,48,58,95.0,172.9,16425.5,2024-04-03
2024040301026576,ILI,59,36,10.0,524.0,5240.0,2024-04-03
2024040301026575,ILI,59,32,10.0,524.0,5240.0,2024-04-03
2024040301026574,ILI,59,45,80.0,524.0,41920.0,2024-04-03
2024040301026573,HATHY,45,32,210.0,888.3,186543.0,2024-04-03
2024040301026572,HATHY,49,32,80.0,888.4,71072.0,2024-04-03
2024040301026571,HATHY,29,32,100.0,888.5,88850.0,2024-04-03
2024040301026570,HATHY,19,32,100.0,889.0,88900.0,2024-04-03
2024040301026569,SPHL,34,45,100.0,480.0,48000.0,2024-04-03
2024040303013139,NFS,28,54,475.0,370.0,175750.0,2024-04-03
2024040303013138,NFS,28,47,10.0,370.0,3700.0,2024-04-03
2024040303013137,NFS,28,47,15.0,370.0,5550.0,2024-04-03
2024040303013136,CFCL,36,6,100.0,338.5,33850.0,2024-04-03
2024040301026568,RNLI,58,58,10.0,437.6,4376.0,2024-04-03
2024040301026567,SNLI,41,42,10.0,596.0,5960.0,2024-04-03
2024040303013135,WNLB,46,71,10.0,1312.1,13121.0,2024-04-03
2024040303013134,SINDU,43,35,450.0,338.1,152145.0,2024-04-03
2024040303013133,GUFL,18,38,30.0,860.0,25800.0,2024-04-03
2024040301026566,MKHL,59,51,10.0,434.0,4340.0,2024-04-03
2024040301026565,CLI,13,62,55.0,450.8,24794.0,2024-04-03
2024040301026564,CLI,34,62,167.0,450.8,75283.6,2024-04-03
2024040301026563,CLI,22,62,130.0,450.9,58617.0,2024-04-03
2024040301026562,CLI,14,62,170.0,451.0,76670.0,2024-04-03
2024040301026561,CLI,13,62,90.0,451.1,40599.0,2024-04-03
2024040301026560,CLI,62,62,290.0,451.1,130819.0,2024-04-03
2024040301026559,MAKAR,29,14,10.0,390.0,3900.0,2024-04-03
2024040301026558,HHL,4,7,233.0,369.8,86163.4,2024-04-03
2024040301026557,HHL,4,34,100.0,369.5,36950.0,2024-04-03
2024040301026556,HHL,4,58,10.0,369.0,3690.0,2024-04-03
2024040301026555,HHL,4,58,40.0,369.0,14760.0,2024-04-03
2024040301026554,HHL,4,25,17.0,369.0,6273.0,2024-04-03
2024040301026553,PPL,21,17,55.0,550.0,30250.0,2024-04-03
2024040301026552,PPL,21,46,45.0,546.5,24592.5,2024-04-03
2024040301026551,SONA,50,66,866.0,461.2,399399.2,2024-04-03
2024040301026550,SONA,16,66,500.0,461.2,230600.0,2024-04-03
2024040301026549,SONA,60,66,100.0,461.2,46120.0,2024-04-03
2024040301026548,SONA,63,66,1000.0,461.2,461200.0,2024-04-03
2024040301026547,SONA,58,66,34.0,461.2,15680.8,2024-04-03
2024040303013132,MFIL,45,29,10.0,503.0,5030.0,2024-04-03
2024040301026546,NIMB,29,45,10.0,157.0,1570.0,2024-04-03
2024040301026545,MLBS,59,28,10.0,981.0,9810.0,2024-04-03
2024040301026544,MHCL,58,35,20.0,419.0,8380.0,2024-04-03
2024040301026543,SARBTM,16,42,50.0,895.5,44775.0,2024-04-03
2024040303013131,MNBBL,42,35,295.0,338.0,99710.0,2024-04-03
2024040303013130,MNBBL,7,35,50.0,338.0,16900.0,2024-04-03
2024040303013129,MNBBL,49,35,51.0,338.0,17238.0,2024-04-03
2024040303013128,MNBBL,57,35,20.0,338.0,6760.0,2024-04-03
2024040303013127,MNBBL,44,35,200.0,338.0,67600.0,2024-04-03
2024040303013126,MNBBL,35,35,50.0,338.0,16900.0,2024-04-03
2024040303013125,MNBBL,50,35,50.0,338.0,16900.0,2024-04-03
2024040303013124,MNBBL,16,35,67.0,338.0,22646.0,2024-04-03
2024040303013123,MNBBL,33,35,30.0,338.0,10140.0,2024-04-03
2024040303013122,MNBBL,5,35,50.0,338.0,16900.0,2024-04-03
2024040303013121,MNBBL,42,35,101.0,338.0,34138.0,2024-04-03
2024040303013120,MNBBL,47,35,475.0,338.0,160550.0,2024-04-03
2024040303013119,MNBBL,58,35,20.0,338.0,6760.0,2024-04-03
2024040303013118,MNBBL,54,35,50.0,338.0,16900.0,2024-04-03
2024040303013117,MNBBL,21,35,10.0,338.0,3380.0,2024-04-03
2024040303013116,MNBBL,47,35,349.0,338.0,117962.0,2024-04-03
2024040303013115,MNBBL,43,35,50.0,338.1,16905.0,2024-04-03
2024040303013114,MNBBL,20,35,382.0,338.1,129154.2,2024-04-03
2024040303013113,MNBBL,32,35,500.0,338.2,169100.0,2024-04-03
2024040303013112,MNBBL,13,35,200.0,338.2,67640.0,2024-04-03
2024040301026542,SMH,49,39,22.0,660.0,14520.0,2024-04-03
2024040301026541,SMH,34,39,18.0,660.0,11880.0,2024-04-03
2024040301026540,SMH,49,39,10.0,660.0,6600.0,2024-04-03
2024040301026539,SMH,34,39,100.0,660.0,66000.0,2024-04-03
2024040301026538,SMH,58,39,50.0,661.0,33050.0,2024-04-03
2024040301026537,IHL,21,32,10.0,372.0,3720.0,2024-04-03
2024040301026536,SARBTM,16,21,50.0,895.5,44775.0,2024-04-03
2024040301026535,SARBTM,16,34,150.0,895.5,134325.0,2024-04-03
2024040305004024,NIFRA,42,46,100.0,202.6,20260.0,2024-04-03
2024040303013111,HLBSL,28,58,200.0,726.0,145200.0,2024-04-03
2024040301026534,PHCL,44,6,948.0,310.1,293974.8,2024-04-03
2024040301026533,PHCL,10,6,52.0,310.1,16125.2,2024-04-03
2024040301026532,MKHC,41,57,20.0,324.0,6480.0,2024-04-03
2024040301026531,MKHC,21,57,100.0,324.1,32410.0,2024-04-03
2024040301026530,MKHC,16,57,80.0,324.4,25952.0,2024-04-03
2024040303013110,WNLB,71,58,10.0,1328.0,13280.0,2024-04-03
2024040303013109,WNLB,71,58,18.0,1327.9,23902.2,2024-04-03
2024040303013108,WNLB,71,16,10.0,1324.0,13240.0,2024-04-03
2024040303013107,WNLB,71,58,112.0,1323.0,148176.0,2024-04-03
2024040303013106,WNLB,71,36,20.0,1320.0,26400.0,2024-04-03
2024040303013105,WNLB,71,53,11.0,1320.0,14520.0,2024-04-03
2024040303013104,WNLB,71,34,10.0,1320.0,13200.0,2024-04-03
2024040301026529,SIKLES,45,42,10.0,510.4,5104.0,2024-04-03
2024040303013103,SMFBS,18,45,31.0,1205.9,37382.9,2024-04-03
2024040303013102,NICLBSL,62,62,94.0,608.0,57152.0,2024-04-03
2024040303013101,NICLBSL,62,40,10.0,605.0,6050.0,2024-04-03
2024040303013100,NICLBSL,62,39,96.0,604.0,57984.0,2024-04-03
2024040301026528,MEHL,29,33,450.0,309.0,139050.0,2024-04-03
2024040301026527,MEHL,7,33,10.0,309.1,3091.0,2024-04-03
2024040305004023,NRN,61,50,150.0,518.3,77745.0,2024-04-03
2024040305004022,NRN,16,50,60.0,519.0,31140.0,2024-04-03
2024040305004021,NRN,35,50,10.0,520.0,5200.0,2024-04-03
2024040301026526,GCIL,48,43,11.0,496.1,5457.1,2024-04-03
2024040301026525,MKHL,56,8,90.0,435.0,39150.0,2024-04-03
2024040301026524,MKHL,56,42,110.0,435.0,47850.0,2024-04-03
2024040303013099,FMDBL,45,58,10.0,618.9,6189.0,2024-04-03
2024040304007235,BPCL,38,6,422.0,299.1,126220.2,2024-04-03
2024040303013098,MERO,19,40,32.0,640.0,20480.0,2024-04-03
2024040303013097,MERO,19,45,10.0,639.9,6399.0,2024-04-03
2024040303013096,MERO,19,51,200.0,639.9,127980.0,2024-04-03
2024040303013095,MERO,19,45,10.0,639.0,6390.0,2024-04-03
2024040303013094,MERO,19,39,13.0,639.0,8307.0,2024-04-03
2024040303013093,MERO,19,29,35.0,638.9,22361.5,2024-04-03
2024040303013092,ALBSL,16,51,90.0,740.0,66600.0,2024-04-03
2024040303013091,ALBSL,16,57,10.0,740.0,7400.0,2024-04-03
2024040303013090,ALBSL,16,58,10.0,740.0,7400.0,2024-04-03
2024040303013089,ALBSL,16,52,10.0,739.9,7399.0,2024-04-03
2024040303013088,ALBSL,16,49,10.0,739.9,7399.0,2024-04-03
2024040303013087,ALBSL,16,22,20.0,739.0,14780.0,2024-04-03
2024040304007234,NGPL,67,16,60.0,295.1,17706.0,2024-04-03
2024040304007233,SHEL,58,22,30.0,193.0,5790.0,2024-04-03
2024040303013086,SJLIC,58,28,10.0,518.0,5180.0,2024-04-03
2024040303013085,KRBL,58,47,10.0,394.0,3940.0,2024-04-03
2024040303013084,KRBL,58,58,26.0,392.0,10192.0,2024-04-03
2024040301026523,GCIL,48,87,10.0,496.1,4961.0,2024-04-03
2024040301026522,VLUCL,26,22,54.0,503.0,27162.0,2024-04-03
2024040303013083,GUFL,18,38,10.0,860.0,8600.0,2024-04-03
2024040303013082,LBBL,51,17,10.0,373.0,3730.0,2024-04-03
2024040301026521,H8020,95,75,100.0,8.81,881.0,2024-04-03
2024040303013081,MERO,66,29,25.0,638.9,15972.5,2024-04-03
2024040303013080,MERO,66,52,60.0,638.0,38280.0,2024-04-03
2024040301026520,RFPL,71,22,100.0,390.0,39000.0,2024-04-03
2024040301026519,SHIVM,16,45,184.0,517.0,95128.0,2024-04-03
2024040301026518,SHIVM,57,45,29.0,517.0,14993.0,2024-04-03
2024040301026517,SHIVM,14,45,50.0,517.0,25850.0,2024-04-03
2024040301026516,SHIVM,45,45,191.0,517.0,98747.0,2024-04-03
2024040301026515,SHIVM,48,45,21.0,517.1,10859.1,2024-04-03
2024040301026514,SHIVM,51,45,50.0,517.6,25880.0,2024-04-03
2024040301026513,LSL,25,45,77.0,155.0,11935.0,2024-04-03
2024040301026512,MHL,41,58,100.0,409.0,40900.0,2024-04-03
2024040301026511,CLI,62,49,10.0,451.1,4511.0,2024-04-03
2024040304007232,SSHL,49,6,50.0,159.5,7975.0,2024-04-03
2024040301026510,AHL,18,18,50.0,438.0,21900.0,2024-04-03
2024040303013079,NADEP,62,42,30.0,670.0,20100.0,2024-04-03
2024040303013078,NADEP,62,44,100.0,669.0,66900.0,2024-04-03
2024040303013077,NADEP,62,62,40.0,668.0,26720.0,2024-04-03
2024040301026509,NWCL,74,59,10.0,720.0,7200.0,2024-04-03
2024040303013076,SJLIC,58,56,1.0,518.0,518.0,2024-04-03
2024040303013075,SJLIC,21,56,40.0,518.0,20720.0,2024-04-03
2024040301026508,MANDU,65,38,90.0,692.0,62280.0,2024-04-03
2024040301026507,MANDU,65,41,10.0,690.1,6901.0,2024-04-03
2024040301026506,MANDU,65,7,100.0,690.0,69000.0,2024-04-03
2024040303013074,SFCL,32,1,10.0,311.5,3115.0,2024-04-03
2024040301026505,CYCL,66,41,10.0,1375.0,13750.0,2024-04-03
2024040301026504,SMHL,67,29,50.0,438.0,21900.0,2024-04-03
2024040304007231,SALICO,55,49,100.0,665.0,66500.0,2024-04-03
2024040303013073,SJLIC,58,56,10.0,518.0,5180.0,2024-04-03
2024040301026503,USHEC,22,41,20.0,365.1,7302.0,2024-04-03
2024040301026502,NYADI,1,65,865.0,314.1,271696.5,2024-04-03
2024040301026501,NYADI,1,49,10.0,314.1,3141.0,2024-04-03
2024040301026500,NYADI,1,34,100.0,313.1,31310.0,2024-04-03
2024040301026499,NYADI,1,21,90.0,313.1,28179.0,2024-04-03
2024040301026498,NYADI,1,52,50.0,313.0,15650.0,2024-04-03
2024040305004020,HRL,55,50,10.0,593.0,5930.0,2024-04-03
2024040301026497,MHCL,50,35,30.0,419.0,12570.0,2024-04-03
2024040304007230,SHL,29,25,180.0,439.0,79020.0,2024-04-03
2024040304007229,SGIC,66,18,10.0,526.0,5260.0,2024-04-03
2024040304007228,SGIC,66,43,370.0,526.0,194620.0,2024-04-03
2024040303013072,SFCL,8,22,50.0,311.0,15550.0,2024-04-03
2024040301026496,RHGCL,7,58,80.0,315.0,25200.0,2024-04-03
2024040301026495,VLUCL,57,58,10.0,502.8,5028.0,2024-04-03
2024040301026494,SHIVM,48,41,79.0,517.1,40850.9,2024-04-03
2024040301026493,SARBTM,16,42,50.0,895.5,44775.0,2024-04-03
2024040301026492,SPC,7,35,10.0,536.0,5360.0,2024-04-03
2024040301026491,SRLI,25,38,10.0,441.6,4416.0,2024-04-03
2024040301026490,GBIME,17,49,270.0,181.5,49005.0,2024-04-03
2024040304007227,MEN,21,25,30.0,505.0,15150.0,2024-04-03
2024040301026489,SHIVM,52,83,500.0,517.6,258800.0,2024-04-03
2024040304007226,AKJCL,34,7,10.0,214.9,2149.0,2024-04-03
2024040305004019,NRIC,49,21,19.0,702.7,13351.3,2024-04-03
2024040303013071,SJLIC,60,56,149.0,518.0,77182.0,2024-04-03
2024040303013070,SJLIC,60,28,100.0,518.0,51800.0,2024-04-03
2024040303013069,SJLIC,60,19,20.0,517.9,10358.0,2024-04-03
2024040303013068,SJLIC,60,25,55.0,517.9,28484.5,2024-04-03
2024040303013067,MPFL,47,35,60.0,360.1,21606.0,2024-04-03
2024040303013066,NLIC,32,52,33.0,595.0,19635.0,2024-04-03
2024040303013065,NLIC,32,58,80.0,595.0,47600.0,2024-04-03
2024040304007225,JOSHI,58,28,450.0,330.1,148545.0,2024-04-03
2024040304007224,JOSHI,32,28,50.0,331.0,16550.0,2024-04-03
2024040305004018,HRL,55,58,10.0,593.0,5930.0,2024-04-03
2024040305004017,HRL,55,75,10.0,593.0,5930.0,2024-04-03
2024040305004016,HRL,55,16,132.0,593.0,78276.0,2024-04-03
2024040305004015,HRL,55,22,200.0,592.9,118580.0,2024-04-03
2024040305004014,HRL,55,25,150.0,592.9,88935.0,2024-04-03
2024040301026488,PHCL,10,37,48.0,310.1,14884.8,2024-04-03
2024040301026487,PHCL,44,37,300.0,310.2,93060.0,2024-04-03
2024040301026486,PHCL,67,37,152.0,310.2,47150.4,2024-04-03
2024040301026485,MCHL,54,11,35.0,354.0,12390.0,2024-04-03
2024040301026484,NRM,55,57,13.0,374.0,4862.0,2024-04-03
2024040301026483,NRM,35,57,17.0,374.0,6358.0,2024-04-03
2024040301026482,NRM,59,57,30.0,374.1,11223.0,2024-04-03
2024040301026481,SARBTM,16,57,50.0,895.5,44775.0,2024-04-03
2024040301026480,PCBL,44,36,10.0,188.8,1888.0,2024-04-03
2024040301026479,ANLB,21,61,40.0,2045.0,81800.0,2024-04-03
2024040304007223,UPPER,58,22,10.0,169.6,1696.0,2024-04-03
2024040301026478,SARBTM,16,42,50.0,895.5,44775.0,2024-04-03
2024040305004013,HRL,49,49,40.0,592.0,23680.0,2024-04-03
2024040301026477,NRM,39,49,500.0,375.0,187500.0,2024-04-03
2024040303013064,GILB,60,43,20.0,973.0,19460.0,2024-04-03
2024040303013063,SIFC,25,67,450.0,362.3,163035.0,2024-04-03
2024040303013062,SIFC,25,34,50.0,362.2,18110.0,2024-04-03
2024040303013061,SJLIC,32,25,15.0,517.9,7768.5,2024-04-03
2024040303013060,SMB,34,10,10.0,1320.0,13200.0,2024-04-03
2024040303013059,LICN,34,85,10.0,1354.0,13540.0,2024-04-03
2024040303013058,NICLBSL,57,39,10.0,604.0,6040.0,2024-04-03
2024040305004012,HRL,49,16,10.0,592.0,5920.0,2024-04-03
2024040301026476,NBL,16,75,10.0,214.0,2140.0,2024-04-03
2024040301026475,NBL,16,45,187.0,214.0,40018.0,2024-04-03
2024040303013057,MLBL,49,35,45.0,315.0,14175.0,2024-04-03
2024040301026474,NABIL,35,14,20.0,434.0,8680.0,2024-04-03
2024040301026473,NWCL,36,11,10.0,720.9,7209.0,2024-04-03
2024040303013056,JFL,1,11,174.0,381.0,66294.0,2024-04-03
2024040303013055,JFL,22,11,85.0,382.0,32470.0,2024-04-03
2024040303013054,JFL,26,11,20.0,382.0,7640.0,2024-04-03
2024040303013053,JFL,49,11,21.0,382.0,8022.0,2024-04-03
2024040303013052,JFL,41,11,100.0,382.1,38210.0,2024-04-03
2024040301026472,LSL,56,45,50.0,155.5,7775.0,2024-04-03
2024040304007222,HDHPC,46,32,50.0,133.5,6675.0,2024-04-03
2024040301026471,SMJC,7,85,500.0,380.0,190000.0,2024-04-03
2024040301026470,SONA,58,34,10.0,461.2,4612.0,2024-04-03
2024040301026469,CYCL,62,54,10.0,1370.1,13701.0,2024-04-03
2024040301026468,HATHY,29,57,50.0,888.5,44425.0,2024-04-03
2024040301026467,HATHY,19,57,400.0,888.5,355400.0,2024-04-03
2024040301026466,HATHY,20,57,50.0,888.6,44430.0,2024-04-03
2024040301026465,DOLTI,71,58,10.0,436.1,4361.0,2024-04-03
2024040301026464,DOLTI,55,58,50.0,437.0,21850.0,2024-04-03
2024040301026463,SARBTM,16,58,50.0,895.5,44775.0,2024-04-03
2024040304007221,MEN,41,25,162.0,505.0,81810.0,2024-04-03
2024040301026462,SARBTM,16,49,20.0,895.5,17910.0,2024-04-03
2024040301026461,PRVU,14,49,100.0,139.0,13900.0,2024-04-03
2024040305004011,NRN,35,36,10.0,520.0,5200.0,2024-04-03
2024040301026460,PHCL,67,14,48.0,310.2,14889.6,2024-04-03
2024040301026459,PHCL,13,14,10.0,310.2,3102.0,2024-04-03
2024040301026458,PHCL,13,14,10.0,310.3,3103.0,2024-04-03
2024040301026457,PHCL,36,14,50.0,310.7,15535.0,2024-04-03
2024040301026456,PHCL,52,14,34.0,310.7,10563.8,2024-04-03
2024040301026455,PHCL,32,14,48.0,310.7,14913.6,2024-04-03
2024040304007220,NIL,49,80,173.0,812.3,140527.9,2024-04-03
2024040301026454,MBJC,44,38,10.0,306.0,3060.0,2024-04-03
2024040303013051,USLB,75,38,10.0,1590.0,15900.0,2024-04-03
2024040301026453,CLI,48,33,10.0,452.0,4520.0,2024-04-03
2024040303013050,GILB,74,43,120.0,973.0,116760.0,2024-04-03
2024040303013049,SJLIC,41,25,10.0,517.9,5179.0,2024-04-03
2024040303013048,SJLIC,45,25,20.0,517.9,10358.0,2024-04-03
2024040304007219,HDHPC,75,32,139.0,133.9,18612.1,2024-04-03
2024040301026452,UHEWA,42,57,10.0,355.1,3551.0,2024-04-03
2024040304007218,RHPL,57,34,100.0,277.0,27700.0,2024-04-03
2024040303013047,KRBL,58,16,200.0,390.0,78000.0,2024-04-03
2024040301026451,MEL,58,16,227.0,223.7,50779.9,2024-04-03
2024040301026450,MEL,58,42,10.0,223.0,2230.0,2024-04-03
2024040301026449,MEL,58,51,763.0,223.0,170149.0,2024-04-03
2024040301026448,SARBTM,16,94,300.0,895.5,268650.0,2024-04-03
2024040301026447,SONA,59,65,300.0,462.0,138600.0,2024-04-03
2024040301026446,SNLI,22,36,10.0,596.0,5960.0,2024-04-03
2024040301026445,SNLI,41,36,10.0,596.2,5962.0,2024-04-03
2024040305004010,SBCF,25,48,1000.0,7.8,7800.0,2024-04-03
2024040301026444,PHCL,32,21,10.0,310.7,3107.0,2024-04-03
2024040303013046,SDLBSL,69,52,17.0,731.9,12442.3,2024-04-03
2024040304007217,UPCL,5,42,10.0,204.4,2044.0,2024-04-03
2024040304007216,UPPER,32,57,1044.0,169.1,176540.4,2024-04-03
2024040304007215,UPPER,21,57,50.0,169.1,8455.0,2024-04-03
2024040304007214,UPPER,21,57,25.0,169.1,4227.5,2024-04-03
2024040304007213,UPPER,42,57,75.0,169.1,12682.5,2024-04-03
2024040304007212,UPPER,45,57,20.0,169.1,3382.0,2024-04-03
2024040304007211,UPPER,58,57,24.0,169.1,4058.4,2024-04-03
2024040304007210,UPPER,40,57,400.0,169.2,67680.0,2024-04-03
2024040304007209,UPPER,25,57,30.0,169.2,5076.0,2024-04-03
2024040303013045,GILB,74,57,32.0,973.0,31136.0,2024-04-03
2024040304007208,UPPER,60,57,200.0,169.5,33900.0,2024-04-03
2024040304007207,UPPER,56,57,90.0,169.5,15255.0,2024-04-03
2024040304007206,UPPER,17,57,32.0,169.5,5424.0,2024-04-03
2024040304007205,UPPER,35,57,10.0,169.5,1695.0,2024-04-03
2024040301026443,AVYAN,77,38,50.0,678.0,33900.0,2024-04-03
2024040301026442,MEHL,29,35,10.0,309.0,3090.0,2024-04-03
2024040301026441,H8020,95,39,100.0,8.8,880.0,2024-04-03
2024040301026440,H8020,95,54,100.0,8.8,880.0,2024-04-03
2024040303013044,ILBS,62,1,15.0,924.9,13873.5,2024-04-03
2024040303013043,ILBS,62,17,25.0,922.9,23072.5,2024-04-03
2024040303013042,SJLIC,38,38,9.0,518.0,4662.0,2024-04-03
2024040303013041,SJLIC,38,28,11.0,518.0,5698.0,2024-04-03
2024040301026439,ILI,56,7,10.0,523.1,5231.0,2024-04-03
2024040303013040,DDBL,48,7,90.0,701.0,63090.0,2024-04-03
2024040304007204,SGIC,74,39,40.0,525.4,21016.0,2024-04-03
2024040304007203,SGIC,56,39,50.0,525.5,26275.0,2024-04-03
2024040301026438,SARBTM,16,29,240.0,895.5,214920.0,2024-04-03
2024040305004009,SMATA,60,19,400.0,715.0,286000.0,2024-04-03
2024040305004008,HRL,49,53,10.0,592.0,5920.0,2024-04-03
2024040301026437,NIMB,29,21,200.0,157.0,31400.0,2024-04-03
2024040301026436,MBJC,44,32,10.0,306.0,3060.0,2024-04-03
2024040304007202,KKHC,45,19,555.0,232.0,128760.0,2024-04-03
2024040304007201,KKHC,72,19,95.0,232.0,22040.0,2024-04-03
2024040304007200,KKHC,54,19,150.0,232.5,34875.0,2024-04-03
2024040301026435,SARBTM,16,42,23.0,895.5,20596.5,2024-04-03
2024040301026434,MKHC,65,42,100.0,325.0,32500.0,2024-04-03
2024040301026433,MKHC,39,42,30.0,325.0,9750.0,2024-04-03
2024040301026432,MKHC,50,42,30.0,325.1,9753.0,2024-04-03
2024040301026431,MKHC,57,42,10.0,325.2,3252.0,2024-04-03
2024040301026430,TAMOR,17,58,10.0,376.0,3760.0,2024-04-03
2024040304007199,UPPER,18,22,10.0,169.6,1696.0,2024-04-03
2024040303013039,SJLIC,38,28,102.0,518.0,52836.0,2024-04-03
2024040304007198,CHCL,35,48,294.0,450.0,132300.0,2024-04-03
2024040304007197,CHCL,43,48,86.0,450.1,38708.6,2024-04-03
2024040304007196,IGI,29,34,10.0,525.0,5250.0,2024-04-03
2024040301026429,SARBTM,16,33,10.0,895.5,8955.0,2024-04-03
2024040303013038,SJLIC,21,21,9.0,507.9,4571.1,2024-04-03
2024040304007195,SHL,37,35,439.0,439.0,192721.0,2024-04-03
2024040304007194,SHL,37,7,500.0,439.0,219500.0,2024-04-03
2024040304007193,CHL,56,45,99.0,300.9,29789.1,2024-04-03
2024040301026428,HHL,45,25,10.0,369.0,3690.0,2024-04-03
2024040303013037,SJLIC,57,28,300.0,518.0,155400.0,2024-04-03
2024040301026427,SARBTM,16,47,40.0,895.5,35820.0,2024-04-03
2024040303013036,RLFL,25,42,190.0,351.0,66690.0,2024-04-03
2024040304007192,AHPC,88,42,200.0,171.2,34240.0,2024-04-03
2024040301026426,TAMOR,39,58,10.0,376.0,3760.0,2024-04-03
2024040303013035,KSBBL,36,35,386.0,346.1,133594.6,2024-04-03
2024040303013034,SMFBS,18,45,10.0,1205.9,12059.0,2024-04-03
2024040303013033,SHINE,49,62,17.0,366.6,6232.2,2024-04-03
2024040301026425,SARBTM,6,51,50.0,895.4,44770.0,2024-04-03
2024040301026424,NYADI,52,72,10.0,312.8,3128.0,2024-04-03
2024040301026423,NYADI,52,38,10.0,312.2,3122.0,2024-04-03
2024040301026422,NYADI,52,57,75.0,312.1,23407.5,2024-04-03
2024040303013032,GBBL,35,32,154.0,360.1,55455.4,2024-04-03
2024040303013031,GBBL,3,32,96.0,360.2,34579.2,2024-04-03
2024040303013030,GBBL,34,32,50.0,360.3,18015.0,2024-04-03
2024040304007191,AHPC,88,21,190.0,171.2,32528.0,2024-04-03
2024040305004007,HRL,42,16,200.0,592.0,118400.0,2024-04-03
2024040305004006,HRL,19,16,10.0,592.0,5920.0,2024-04-03
2024040305004005,HRL,29,16,290.0,592.0,171680.0,2024-04-03
2024040301026421,HATHY,42,77,10.0,890.0,8900.0,2024-04-03
2024040303013029,SABSL,42,19,50.0,737.9,36895.0,2024-04-03
2024040305004004,HIDCL,42,58,50.0,166.5,8325.0,2024-04-03
2024040301026420,MEL,7,35,10.0,222.0,2220.0,2024-04-03
2024040303013028,SJLIC,62,28,100.0,518.0,51800.0,2024-04-03
2024040303013027,SINDU,21,45,10.0,341.0,3410.0,2024-04-03
2024040303013026,PROFL,45,13,19.0,311.0,5909.0,2024-04-03
2024040303013025,ALICL,34,29,10.0,557.9,5579.0,2024-04-03
2024040303013024,ALICL,34,71,40.0,555.0,22200.0,2024-04-03
2024040301026419,GCIL,57,41,100.0,497.0,49700.0,2024-04-03
2024040301026418,ADBL,65,6,5000.0,227.0,1135000.0,2024-04-03
2024040303013023,GBLBS,8,57,50.0,645.0,32250.0,2024-04-03
2024040304007190,TRH,42,58,100.0,780.0,78000.0,2024-04-03
2024040301026417,MHCL,45,35,40.0,419.0,16760.0,2024-04-03
2024040301026416,AHL,18,32,100.0,437.0,43700.0,2024-04-03
2024040304007189,AKJCL,29,7,17.0,214.9,3653.3,2024-04-03
2024040304007188,AKJCL,29,41,83.0,214.9,17836.7,2024-04-03
2024040303013022,NLICL,53,6,20.0,556.9,11138.0,2024-04-03
2024040304007187,CHL,56,48,63.0,300.9,18956.7,2024-04-03
2024040304007186,CHL,56,7,50.0,300.9,15045.0,2024-04-03
2024040304007185,CHL,56,14,127.0,300.0,38100.0,2024-04-03
2024040301026415,MKCL,46,50,390.0,956.0,372840.0,2024-04-03
2024040301026414,MKCL,46,58,10.0,955.0,9550.0,2024-04-03
2024040304007184,UNHPL,4,34,50.0,229.5,11475.0,2024-04-03
2024040301026413,MKHC,57,69,130.0,325.2,42276.0,2024-04-03
2024040304007183,AHPC,35,21,10.0,171.2,1712.0,2024-04-03
2024040301026412,PPL,62,62,60.0,545.1,32706.0,2024-04-03
2024040301026411,PPL,32,62,50.0,545.1,27255.0,2024-04-03
2024040301026410,PPL,16,62,190.0,546.1,103759.0,2024-04-03
2024040301026409,PPL,34,62,400.0,546.2,218480.0,2024-04-03
2024040301026408,SARBTM,51,47,10.0,895.5,8955.0,2024-04-03
2024040301026407,SARBTM,51,38,50.0,895.5,44775.0,2024-04-03
2024040301026406,NICA,17,36,63.0,401.0,25263.0,2024-04-03
2024040301026405,SARBTM,1,4,25.0,895.4,22385.0,2024-04-03
2024040301026404,SARBTM,52,4,25.0,895.4,22385.0,2024-04-03
2024040301026403,SARBTM,52,55,50.0,895.4,44770.0,2024-04-03
2024040301026402,SNLI,34,56,10.0,597.0,5970.0,2024-04-03
2024040303013021,SFCL,46,32,950.0,309.0,293550.0,2024-04-03
2024040301026401,TAMOR,44,38,10.0,380.0,3800.0,2024-04-03
2024040301026400,TAMOR,44,58,10.0,380.0,3800.0,2024-04-03
2024040301026399,TAMOR,44,58,10.0,380.0,3800.0,2024-04-03
2024040301026398,TAMOR,44,59,100.0,379.9,37990.0,2024-04-03
2024040301026397,TAMOR,44,45,10.0,379.0,3790.0,2024-04-03
2024040301026396,TAMOR,44,59,10.0,378.3,3783.0,2024-04-03
2024040301026395,TAMOR,44,34,20.0,378.3,7566.0,2024-04-03
2024040301026394,TAMOR,44,38,10.0,378.0,3780.0,2024-04-03
2024040301026393,TAMOR,44,22,10.0,378.0,3780.0,2024-04-03
2024040301026392,TAMOR,44,35,10.0,378.0,3780.0,2024-04-03
2024040301026391,TAMOR,44,1,100.0,377.9,37790.0,2024-04-03
2024040304007182,UPPER,58,44,200.0,169.6,33920.0,2024-04-03
2024040304007181,UPPER,38,44,480.0,169.6,81408.0,2024-04-03
2024040301026390,MEHL,29,45,10.0,309.0,3090.0,2024-04-03
2024040301026389,SARBTM,52,42,50.0,895.4,44770.0,2024-04-03
2024040304007180,CHL,20,14,100.0,300.0,30000.0,2024-04-03
2024040301026388,NICA,1,36,15.0,401.0,6015.0,2024-04-03
2024040303013020,BFC,32,56,90.0,335.0,30150.0,2024-04-03
2024040303013019,ILBS,18,67,200.0,917.0,183400.0,2024-04-03
2024040303013018,GMFIL,46,47,500.0,354.0,177000.0,2024-04-03
2024040301026387,NMB,34,28,20.0,177.0,3540.0,2024-04-03
2024040301026386,SMJC,19,16,990.0,380.1,376299.0,2024-04-03
2024040301026385,SARBTM,52,19,50.0,895.4,44770.0,2024-04-03
2024040303013017,NMFBS,48,45,10.0,1120.0,11200.0,2024-04-03
2024040303013016,LICN,41,85,75.0,1340.0,100500.0,2024-04-03
2024040303013015,SJLIC,26,28,200.0,518.0,103600.0,2024-04-03
2024040305004003,HRL,29,58,10.0,592.0,5920.0,2024-04-03
2024040301026384,MBL,17,36,200.0,173.1,34620.0,2024-04-03
2024040305004002,NRN,16,67,40.0,519.0,20760.0,2024-04-03
2024040305004001,NRN,88,67,935.0,519.0,485265.0,2024-04-03
2024040305004000,NRN,39,67,25.0,519.1,12977.5,2024-04-03
2024040301026383,SONA,19,65,1400.0,462.0,646800.0,2024-04-03
2024040301026382,SONA,19,14,600.0,461.9,277140.0,2024-04-03
2024040301026381,PPL,45,46,10.0,546.5,5465.0,2024-04-03
2024040303013014,KRBL,54,58,10.0,389.1,3891.0,2024-04-03
2024040303013013,KRBL,20,58,100.0,389.6,38960.0,2024-04-03
2024040303013012,KRBL,17,58,20.0,390.0,7800.0,2024-04-03
2024040303013011,ICFC,34,59,62.0,493.1,30572.2,2024-04-03
2024040303013010,ICFC,13,59,38.0,493.2,18741.6,2024-04-03
2024040303013009,SJLIC,38,28,150.0,518.0,77700.0,2024-04-03
2024040303013008,GBLBS,91,51,50.0,640.5,32025.0,2024-04-03
2024040304007179,NGPL,91,74,170.0,296.0,50320.0,2024-04-03
2024040304007178,OHL,17,45,20.0,765.0,15300.0,2024-04-03
2024040303013007,SADBL,17,38,47.0,291.0,13677.0,2024-04-03
2024040305003999,NBF3,51,22,500.0,7.7,3850.0,2024-04-03
2024040301026380,NABIL,55,42,20.0,434.0,8680.0,2024-04-03
2024040301026379,PPL,69,46,200.0,546.5,109300.0,2024-04-03
2024040304007177,BPCL,38,41,100.0,299.1,29910.0,2024-04-03
2024040301026378,SPL,42,45,10.0,652.0,6520.0,2024-04-03
2024040303013006,HLBSL,49,18,100.0,725.0,72500.0,2024-04-03
2024040301026377,SRLI,25,58,10.0,441.6,4416.0,2024-04-03
2024040305003998,HRL,39,25,50.0,592.9,29645.0,2024-04-03
2024040305003997,HRL,39,36,50.0,592.9,29645.0,2024-04-03
2024040301026376,PPL,91,46,100.0,547.0,54700.0,2024-04-03
2024040303013005,SJLIC,22,28,30.0,518.0,15540.0,2024-04-03
2024040305003996,NIFRA,42,55,100.0,202.6,20260.0,2024-04-03
2024040301026375,SARBTM,52,34,100.0,895.4,89540.0,2024-04-03
2024040301026374,SNLI,41,34,10.0,596.2,5962.0,2024-04-03
2024040303013004,USLB,34,57,90.0,1580.0,142200.0,2024-04-03
2024040303013003,USLB,75,57,10.0,1585.0,15850.0,2024-04-03
2024040304007176,SPDL,45,59,165.0,234.0,38610.0,2024-04-03
2024040301026373,SARBTM,52,18,25.0,895.4,22385.0,2024-04-03
2024040305003995,CIT,58,17,23.0,2099.0,48277.0,2024-04-03
2024040301026372,MKLB,95,43,12.0,855.0,10260.0,2024-04-03
2024040301026371,MKLB,95,57,20.0,854.9,17098.0,2024-04-03
2024040301026370,MKLB,95,5,45.0,854.8,38466.0,2024-04-03
2024040301026369,KBL,48,14,100.0,136.2,13620.0,2024-04-03
2024040301026368,UHEWA,41,67,90.0,357.0,32130.0,2024-04-03
2024040301026367,SCB,57,58,10.0,515.0,5150.0,2024-04-03
2024040304007175,SSHL,4,6,300.0,159.5,47850.0,2024-04-03
2024040301026366,SHIVM,45,8,509.0,517.0,263153.0,2024-04-03
2024040301026365,SHIVM,35,8,100.0,517.0,51700.0,2024-04-03
2024040301026364,SHIVM,52,8,17.0,517.0,8789.0,2024-04-03
2024040301026363,SHIVM,53,8,93.0,517.0,48081.0,2024-04-03
2024040301026362,SHIVM,42,8,50.0,517.0,25850.0,2024-04-03
2024040301026361,SHIVM,21,8,65.0,517.0,33605.0,2024-04-03
2024040301026360,SHIVM,41,8,15.0,517.0,7755.0,2024-04-03
2024040301026359,SHIVM,39,8,21.0,517.0,10857.0,2024-04-03
2024040301026358,SHIVM,39,8,430.0,517.2,222396.0,2024-04-03
2024040301026357,SHIVM,43,8,500.0,517.5,258750.0,2024-04-03
2024040301026356,SHIVM,49,8,10.0,517.5,5175.0,2024-04-03
2024040301026355,SHIVM,51,8,320.0,517.6,165632.0,2024-04-03
2024040301026354,SHIVM,8,8,370.0,517.6,191512.0,2024-04-03
2024040301026353,NICA,14,36,624.0,401.0,250224.0,2024-04-03
2024040305003994,HRL,42,49,49.0,592.0,29008.0,2024-04-03
2024040305003993,HRL,49,49,11.0,592.0,6512.0,2024-04-03
2024040301026352,SMH,58,39,50.0,661.0,33050.0,2024-04-03
2024040301026351,SMH,21,39,80.0,661.0,52880.0,2024-04-03
2024040301026350,SMH,47,39,70.0,661.1,46277.0,2024-04-03
2024040301026349,SAMAJ,21,21,10.0,1926.0,19260.0,2024-04-03
2024040301026348,SONA,25,65,50.0,462.0,23100.0,2024-04-03
2024040301026347,SARBTM,52,84,50.0,895.4,44770.0,2024-04-03
2024040301026346,KBL,17,14,22.0,136.2,2996.4,2024-04-03
2024040304007174,AHPC,47,42,210.0,171.0,35910.0,2024-04-03
2024040304007173,AHPC,58,42,190.0,171.0,32490.0,2024-04-03
2024040301026345,BHL,57,35,10.0,342.5,3425.0,2024-04-03
2024040303013002,SJLIC,42,28,50.0,518.0,25900.0,2024-04-03
2024040301026344,TVCL,25,45,10.0,474.1,4741.0,2024-04-03
2024040301026343,AHL,18,32,360.0,436.9,157284.0,2024-04-03
2024040301026342,MKHC,57,58,10.0,325.2,3252.0,2024-04-03
2024040301026341,NICA,58,36,199.0,401.0,79799.0,2024-04-03
2024040303013001,SJLIC,17,28,40.0,518.0,20720.0,2024-04-03
2024040301026340,NYADI,65,57,35.0,312.1,10923.5,2024-04-03
2024040301026339,NYADI,65,52,50.0,312.1,15605.0,2024-04-03
2024040301026338,NYADI,65,52,400.0,312.0,124800.0,2024-04-03
2024040301026337,NYADI,65,10,100.0,312.0,31200.0,2024-04-03
2024040301026336,NYADI,65,32,1960.0,312.0,611520.0,2024-04-03
2024040301026335,NYADI,65,41,100.0,312.0,31200.0,2024-04-03
2024040301026334,NYADI,65,34,10.0,312.0,3120.0,2024-04-03
2024040301026333,NYADI,65,58,20.0,312.0,6240.0,2024-04-03
2024040301026332,NYADI,65,14,10.0,311.0,3110.0,2024-04-03
2024040301026331,NYADI,65,58,130.0,311.0,40430.0,2024-04-03
2024040301026330,NYADI,65,59,10.0,311.0,3110.0,2024-04-03
2024040301026329,NYADI,65,50,10.0,311.0,3110.0,2024-04-03
2024040301026328,NYADI,65,58,10.0,310.0,3100.0,2024-04-03
2024040301026327,NYADI,65,51,10.0,310.0,3100.0,2024-04-03
2024040301026326,NYADI,65,38,10.0,310.0,3100.0,2024-04-03
2024040301026325,NYADI,65,84,135.0,310.0,41850.0,2024-04-03
2024040303013000,LICN,34,85,20.0,1340.0,26800.0,2024-04-03
2024040303012999,LICN,28,85,10.0,1340.0,13400.0,2024-04-03
2024040303012998,LICN,50,85,20.0,1340.0,26800.0,2024-04-03
2024040303012997,LICN,45,85,25.0,1340.0,33500.0,2024-04-03
2024040303012996,LICN,1,85,50.0,1340.1,67005.0,2024-04-03
2024040305003992,HIDCL,1,45,200.0,167.0,33400.0,2024-04-03
2024040304007172,UPCL,57,74,490.0,203.0,99470.0,2024-04-03
2024040303012995,SWBBL,50,25,10.0,764.8,7648.0,2024-04-03
2024040303012994,SWBBL,50,39,40.0,764.0,30560.0,2024-04-03
2024040303012993,SWBBL,50,17,50.0,763.9,38195.0,2024-04-03
2024040303012992,SJLIC,38,28,50.0,518.0,25900.0,2024-04-03
2024040301026324,SARBTM,52,22,30.0,895.4,26862.0,2024-04-03
2024040301026323,SARBTM,1,22,10.0,895.4,8954.0,2024-04-03
2024040301026322,SARBTM,25,22,10.0,895.4,8954.0,2024-04-03
2024040304007171,RIDI,5,48,159.0,178.0,28302.0,2024-04-03
2024040301026321,RHGCL,32,16,100.0,316.0,31600.0,2024-04-03
2024040301026320,PCBL,41,44,100.0,188.5,18850.0,2024-04-03
2024040301026319,PCBL,41,44,15.0,188.5,2827.5,2024-04-03
2024040301026318,PCBL,5,44,85.0,188.6,16031.0,2024-04-03
2024040303012991,GUFL,26,53,50.0,864.0,43200.0,2024-04-03
2024040304007170,HEI,26,55,500.0,563.0,281500.0,2024-04-03
2024040303012990,SJLIC,49,28,22.0,518.0,11396.0,2024-04-03
2024040303012989,GMFBS,45,36,13.0,1161.9,15104.7,2024-04-03
2024040301026317,DORDI,7,45,10.0,425.0,4250.0,2024-04-03
2024040301026316,DORDI,45,45,250.0,425.0,106250.0,2024-04-03
2024040301026315,DORDI,58,45,20.0,425.0,8500.0,2024-04-03
2024040301026314,DORDI,11,45,70.0,425.1,29757.0,2024-04-03
2024040301026313,DORDI,52,45,50.0,425.2,21260.0,2024-04-03
2024040303012988,USLB,75,45,10.0,1590.0,15900.0,2024-04-03
2024040303012987,CBBL,49,48,20.0,835.0,16700.0,2024-04-03
2024040301026312,SONA,58,4,456.0,461.2,210307.2,2024-04-03
2024040301026311,SONA,19,4,50.0,461.2,23060.0,2024-04-03
2024040301026310,SONA,26,4,10.0,461.2,4612.0,2024-04-03
2024040301026309,SONA,71,4,24.0,461.2,11068.8,2024-04-03
2024040301026308,SONA,25,4,50.0,461.3,23065.0,2024-04-03
2024040301026307,SONA,70,4,200.0,461.3,92260.0,2024-04-03
2024040301026306,SONA,60,4,50.0,461.3,23065.0,2024-04-03
2024040301026305,SONA,35,4,20.0,461.3,9226.0,2024-04-03
2024040301026304,SONA,22,4,10.0,461.3,4613.0,2024-04-03
2024040301026303,SONA,19,4,60.0,461.3,27678.0,2024-04-03
2024040301026302,SONA,63,4,70.0,461.4,32298.0,2024-04-03
2024040301026301,VLUCL,54,22,10.0,503.0,5030.0,2024-04-03
2024040301026300,VLUCL,47,22,70.0,503.0,35210.0,2024-04-03
2024040301026299,SHIVM,41,61,15.0,518.0,7770.0,2024-04-03
2024040304007169,SHL,49,78,981.0,438.9,430560.9,2024-04-03
2024040301026298,HATHY,45,77,10.0,890.0,8900.0,2024-04-03
2024040304007168,NGPL,67,59,70.0,295.1,20657.0,2024-04-03
2024040304007167,IGI,29,34,20.0,525.0,10500.0,2024-04-03
2024040303012986,HLBSL,28,29,500.0,727.0,363500.0,2024-04-03
2024040301026297,ULBSL,6,40,11.0,1365.0,15015.0,2024-04-03
2024040305003991,HRL,49,45,10.0,592.0,5920.0,2024-04-03
2024040301026296,SONA,63,58,10.0,461.4,4614.0,2024-04-03
2024040301026295,MEL,7,34,10.0,222.0,2220.0,2024-04-03
2024040304007166,RADHI,42,49,250.0,236.2,59050.0,2024-04-03
2024040304007165,RADHI,65,49,50.0,236.2,11810.0,2024-04-03
2024040304007164,RADHI,66,49,50.0,236.2,11810.0,2024-04-03
2024040301026294,SGHC,38,21,10.0,314.0,3140.0,2024-04-03
2024040303012985,SIFC,22,54,50.0,360.0,18000.0,2024-04-03
2024040301026293,BHL,25,17,20.0,344.0,6880.0,2024-04-03
2024040304007163,NHPC,4,57,6172.0,144.5,891854.0,2024-04-03
2024040304007162,NHPC,49,57,100.0,144.6,14460.0,2024-04-03
2024040304007161,NHPC,19,57,208.0,144.6,30076.8,2024-04-03
2024040304007160,NHPC,42,57,20.0,144.6,2892.0,2024-04-03
2024040303012984,VLBS,46,42,60.0,742.0,44520.0,2024-04-03
2024040301026292,TSHL,44,22,20.0,503.0,10060.0,2024-04-03
2024040304007159,UPPER,38,55,20.0,169.6,3392.0,2024-04-03
2024040301026291,SARBTM,16,49,20.0,895.5,17910.0,2024-04-03
2024040304007158,UMHL,41,14,87.0,232.5,20227.5,2024-04-03
2024040303012983,FOWAD,28,62,75.0,1095.0,82125.0,2024-04-03
2024040303012982,DDBL,59,28,50.0,703.0,35150.0,2024-04-03
2024040303012981,DDBL,40,28,100.0,703.7,70370.0,2024-04-03
2024040303012980,SJLIC,81,28,355.0,518.0,183890.0,2024-04-03
2024040301026290,RNLI,26,34,10.0,437.5,4375.0,2024-04-03
2024040301026289,RNLI,26,58,10.0,437.5,4375.0,2024-04-03
2024040301026288,RNLI,26,57,10.0,437.5,4375.0,2024-04-03
2024040301026287,MAKAR,17,49,10.0,387.8,3878.0,2024-04-03
2024040301026286,MKHL,59,51,10.0,434.0,4340.0,2024-04-03
2024040301026285,PHCL,32,38,10.0,310.7,3107.0,2024-04-03
2024040304007157,CHL,56,41,91.0,300.5,27345.5,2024-04-03
2024040301026284,VLUCL,47,85,50.0,503.0,25150.0,2024-04-03
2024040301026283,SANIMA,44,49,20.0,235.0,4700.0,2024-04-03
2024040301026282,SANIMA,44,34,90.0,235.0,21150.0,2024-04-03
2024040304007156,AHPC,58,7,10.0,171.0,1710.0,2024-04-03
2024040303012979,NFS,33,47,50.0,370.0,18500.0,2024-04-03
2024040303012978,SJLIC,21,28,22.0,518.0,11396.0,2024-04-03
2024040301026281,PRVU,49,43,278.0,138.3,38447.4,2024-04-03
2024040301026280,PRVU,57,43,128.0,138.4,17715.2,2024-04-03
2024040301026279,PRVU,58,43,100.0,138.4,13840.0,2024-04-03
2024040301026278,PRVU,45,43,27.0,138.5,3739.5,2024-04-03
2024040301026277,PRVU,49,43,50.0,139.0,6950.0,2024-04-03
2024040301026276,PRVU,49,43,87.0,139.0,12093.0,2024-04-03
2024040305003990,HRL,44,22,10.0,592.0,5920.0,2024-04-03
2024040301026275,SRLI,71,48,37.0,442.0,16354.0,2024-04-03
2024040301026274,SRLI,71,21,20.0,442.0,8840.0,2024-04-03
2024040301026273,SRLI,71,32,10.0,442.0,4420.0,2024-04-03
2024040301026272,SRLI,71,35,933.0,442.0,412386.0,2024-04-03
2024040301026271,PCBL,44,36,10.0,188.8,1888.0,2024-04-03
2024040301026270,RNLI,58,34,10.0,437.0,4370.0,2024-04-03
2024040301026269,MBJC,44,35,10.0,306.0,3060.0,2024-04-03
2024040301026268,MHCL,45,34,10.0,418.9,4189.0,2024-04-03
2024040301026267,MHCL,45,22,50.0,418.9,20945.0,2024-04-03
2024040301026266,HDL,22,38,20.0,1481.5,29630.0,2024-04-03
2024040301026265,HDL,42,38,80.0,1482.0,118560.0,2024-04-03
2024040301026264,SCB,57,58,10.0,515.0,5150.0,2024-04-03
2024040301026263,CYCL,66,14,100.0,1366.0,136600.0,2024-04-03
2024040303012977,ILBS,18,62,100.0,922.0,92200.0,2024-04-03
2024040303012976,ILBS,18,5,50.0,921.9,46095.0,2024-04-03
2024040303012975,ILBS,18,32,10.0,919.9,9199.0,2024-04-03
2024040303012974,MLBL,56,35,410.0,315.0,129150.0,2024-04-03
2024040303012973,MLBL,57,35,100.0,315.2,31520.0,2024-04-03
2024040303012972,MLBL,42,35,135.0,316.0,42660.0,2024-04-03
2024040303012971,LBBL,13,29,100.0,371.6,37160.0,2024-04-03
2024040303012970,VLBS,46,28,354.0,745.0,263730.0,2024-04-03
2024040303012969,VLBS,46,8,100.0,745.0,74500.0,2024-04-03
2024040303012968,VLBS,46,38,46.0,743.0,34178.0,2024-04-03
2024040303012967,FOWAD,37,62,21.0,1095.0,22995.0,2024-04-03
2024040303012966,MLBSL,5,58,10.0,1714.5,17145.0,2024-04-03
2024040305003989,NIFRA,6,32,54.0,202.5,10935.0,2024-04-03
2024040304007155,HURJA,49,36,200.0,299.0,59800.0,2024-04-03
2024040301026262,CLI,14,45,10.0,451.0,4510.0,2024-04-03
2024040305003988,HRL,44,21,10.0,592.0,5920.0,2024-04-03
2024040301026261,SAHAS,49,43,10.0,514.0,5140.0,2024-04-03
2024040301026260,SMJC,19,58,10.0,380.1,3801.0,2024-04-03
2024040304007154,NHPC,1,38,100.0,145.0,14500.0,2024-04-03
2024040304007153,HDHPC,75,72,755.0,133.9,101094.5,2024-04-03
2024040304007152,HDHPC,75,46,306.0,133.9,40973.4,2024-04-03
2024040304007151,HDHPC,75,45,50.0,133.9,6695.0,2024-04-03
2024040304007150,HDHPC,75,1,750.0,133.8,100350.0,2024-04-03
2024040303012965,SKBBL,49,7,190.0,820.0,155800.0,2024-04-03
2024040303012964,SKBBL,49,4,200.0,820.0,164000.0,2024-04-03
2024040303012963,SKBBL,49,34,24.0,820.0,19680.0,2024-04-03
2024040303012962,SKBBL,49,17,60.0,819.0,49140.0,2024-04-03
2024040303012961,GUFL,56,56,4100.0,863.0,3538300.0,2024-04-03
2024040304007149,UAIL,25,67,100.0,522.0,52200.0,2024-04-03
2024040304007148,UAIL,32,67,60.0,523.0,31380.0,2024-04-03
2024040304007147,UAIL,52,67,58.0,523.0,30334.0,2024-04-03
2024040304007146,UAIL,84,67,100.0,523.0,52300.0,2024-04-03
2024040304007145,UAIL,32,67,300.0,523.0,156900.0,2024-04-03
2024040304007144,UAIL,33,67,30.0,523.0,15690.0,2024-04-03
2024040304007143,UAIL,84,67,100.0,523.1,52310.0,2024-04-03
2024040304007142,UAIL,50,67,243.0,523.1,127113.3,2024-04-03
2024040305003987,HRL,44,46,200.0,592.0,118400.0,2024-04-03
2024040301026259,RFPL,17,55,649.0,387.1,251227.9,2024-04-03
2024040301026258,RFPL,22,55,200.0,387.1,77420.0,2024-04-03
2024040301026257,RFPL,45,55,100.0,388.0,38800.0,2024-04-03
2024040301026256,RFPL,50,55,10.0,388.2,3882.0,2024-04-03
2024040301026255,RFPL,64,55,1000.0,388.2,388200.0,2024-04-03
2024040301026254,RFPL,62,55,100.0,388.2,38820.0,2024-04-03
