transaction,symbol,buyer,seller,quantity,rate,amount,date
2024052601038098,JBLB,1,42,80.0,1389.0,111120.0,2024-05-26
2024052605005003,CHDC,53,19,100.0,834.0,83400.0,2024-05-26
2024052601038097,JBLB,45,42,10.0,1390.0,13900.0,2024-05-26
2024052605005002,CHDC,20,19,100.0,834.1,83410.0,2024-05-26
2024052601038096,JBLB,58,42,10.0,1390.3,13903.0,2024-05-26
2024052605005001,CHDC,6,19,300.0,834.2,250260.0,2024-05-26
2024052603014843,SFCL,49,6,10.0,339.5,3395.0,2024-05-26
2024052604012642,SHL,50,17,100.0,456.1,45610.0,2024-05-26
2024052601038095,SBL,50,46,11.0,269.0,2959.0,2024-05-26
2024052601038094,SPHL,60,52,10.0,489.8,4898.0,2024-05-26
2024052601038093,UHEWA,57,57,30.0,397.0,11910.0,2024-05-26
2024052601038092,UHEWA,57,34,180.0,397.0,71460.0,2024-05-26
2024052603014842,MPFL,33,4,50.0,441.0,22050.0,2024-05-26
2024052604012641,SPDL,17,42,23.0,240.9,5540.7,2024-05-26
2024052604012640,SPDL,17,40,37.0,240.5,8898.5,2024-05-26
2024052601038091,RFPL,71,26,48.0,368.0,17664.0,2024-05-26
2024052601038090,RFPL,71,48,52.0,367.0,19084.0,2024-05-26
2024052605005000,CHDC,71,49,10.0,836.0,8360.0,2024-05-26
2024052601038089,DORDI,14,49,20.0,412.1,8242.0,2024-05-26
2024052603014841,GILB,62,77,10.0,1184.0,11840.0,2024-05-26
2024052603014840,MLBBL,44,29,20.0,1290.0,25800.0,2024-05-26
2024052603014839,MLBBL,44,7,90.0,1284.0,115560.0,2024-05-26
2024052603014838,MLBBL,44,34,10.0,1283.9,12839.0,2024-05-26
2024052603014837,MLBBL,44,58,20.0,1280.0,25600.0,2024-05-26
2024052601038088,BNHC,70,41,50.0,720.0,36000.0,2024-05-26
2024052603014836,USLB,75,10,30.0,2158.0,64740.0,2024-05-26
2024052603014835,USLB,75,59,30.0,2158.0,64740.0,2024-05-26
2024052603014834,USLB,75,34,10.0,2157.0,21570.0,2024-05-26
2024052601038087,NABIL,42,43,12.0,517.0,6204.0,2024-05-26
2024052601038086,NABIL,46,43,100.0,518.0,51800.0,2024-05-26
2024052601038085,NABIL,21,43,18.0,518.0,9324.0,2024-05-26
2024052601038084,NABIL,41,43,470.0,518.0,243460.0,2024-05-26
2024052601038083,ILI,43,21,10.0,560.0,5600.0,2024-05-26
2024052601038082,PCBL,45,45,191.0,212.1,40511.1,2024-05-26
2024052603014833,CORBL,1,45,10.0,467.0,4670.0,2024-05-26
2024052601038081,BNHC,28,68,30.0,604.3,18129.0,2024-05-26
2024052601038080,BNHC,51,68,70.0,604.5,42315.0,2024-05-26
2024052604012639,SHL,58,17,100.0,456.1,45610.0,2024-05-26
2024052604012638,UMRH,58,43,10.0,363.0,3630.0,2024-05-26
2024052601038079,SGHC,32,26,10.0,325.0,3250.0,2024-05-26
2024052601038078,GBIME,28,13,20.0,192.0,3840.0,2024-05-26
2024052603014832,PFL,46,91,10.0,655.0,6550.0,2024-05-26
2024052601038077,BHDC,58,88,50.0,547.0,27350.0,2024-05-26
2024052601038076,MHCL,49,32,10.0,392.0,3920.0,2024-05-26
2024052601038075,ILI,25,21,10.0,560.0,5600.0,2024-05-26
2024052603014831,HLBSL,49,47,187.0,1209.0,226083.0,2024-05-26
2024052603014830,HLBSL,49,39,49.0,1208.0,59192.0,2024-05-26
2024052603014829,HLBSL,49,45,80.0,1208.0,96640.0,2024-05-26
2024052603014828,HLBSL,49,70,200.0,1208.0,241600.0,2024-05-26
2024052603014827,HLBSL,49,18,174.0,1208.0,210192.0,2024-05-26
2024052603014826,HLBSL,49,32,10.0,1207.0,12070.0,2024-05-26
2024052603014825,HLBSL,49,50,100.0,1206.0,120600.0,2024-05-26
2024052603014824,HLBSL,49,21,100.0,1204.0,120400.0,2024-05-26
2024052603014823,HLBSL,49,45,100.0,1200.0,120000.0,2024-05-26
2024052601038074,ILI,16,25,10.0,559.9,5599.0,2024-05-26
2024052601038073,SNLI,77,57,38.0,479.5,18221.0,2024-05-26
2024052601038072,SNLI,77,57,10.0,479.5,4795.0,2024-05-26
2024052601038071,SNLI,77,11,10.0,478.5,4785.0,2024-05-26
2024052601038070,SNLI,77,52,10.0,478.0,4780.0,2024-05-26
2024052601038069,SNLI,77,4,10.0,478.0,4780.0,2024-05-26
2024052601038068,SNLI,77,19,42.0,478.0,20076.0,2024-05-26
2024052601038067,SNLI,77,59,10.0,477.0,4770.0,2024-05-26
2024052601038066,SNLI,77,52,10.0,477.0,4770.0,2024-05-26
2024052601038065,SNLI,77,58,10.0,476.0,4760.0,2024-05-26
2024052601038064,SNLI,77,7,40.0,476.0,19040.0,2024-05-26
2024052601038063,SNLI,77,45,10.0,475.7,4757.0,2024-05-26
2024052601038062,SNLI,77,57,200.0,475.5,95100.0,2024-05-26
2024052601038061,NIMB,14,77,152.0,168.8,25657.6,2024-05-26
2024052603014822,MSLB,48,32,10.0,1300.0,13000.0,2024-05-26
2024052601038060,BNHC,39,5,200.0,730.0,146000.0,2024-05-26
2024052601038059,EBL,39,38,10.0,546.9,5469.0,2024-05-26
2024052603014821,JBBL,13,39,100.0,293.8,29380.0,2024-05-26
2024052604012637,CGH,39,42,30.0,877.0,26310.0,2024-05-26
2024052601038058,SGHC,35,10,10.0,325.0,3250.0,2024-05-26
2024052604012636,GHL,41,35,300.0,148.1,44430.0,2024-05-26
2024052601038057,BNHC,64,5,15.0,730.0,10950.0,2024-05-26
2024052603014820,MLBL,6,38,241.0,329.0,79289.0,2024-05-26
2024052603014819,MLBL,48,38,300.0,329.0,98700.0,2024-05-26
2024052603014818,MLBL,14,38,231.0,329.0,75999.0,2024-05-26
2024052603014817,MLBL,33,38,228.0,329.1,75034.8,2024-05-26
2024052603014816,HLBSL,38,45,300.0,1200.0,360000.0,2024-05-26
2024052601038056,NRM,38,45,10.0,364.7,3647.0,2024-05-26
2024052601038055,NRM,38,17,10.0,363.0,3630.0,2024-05-26
2024052601038054,NRM,38,36,10.0,363.0,3630.0,2024-05-26
2024052601038053,NRM,38,58,10.0,362.1,3621.0,2024-05-26
2024052601038052,SRLI,38,16,10.0,447.0,4470.0,2024-05-26
2024052604012635,SPDL,42,40,10.0,240.5,2405.0,2024-05-26
2024052604012634,RIDI,42,34,10.0,182.1,1821.0,2024-05-26
2024052603014815,SHINE,21,76,158.0,392.6,62030.8,2024-05-26
2024052604012633,AHPC,81,25,10.0,164.8,1648.0,2024-05-26
2024052604012632,AHPC,81,16,90.0,164.7,14823.0,2024-05-26
2024052604012631,HPPL,19,35,850.0,257.5,218875.0,2024-05-26
2024052604012630,OHL,50,66,11.0,782.0,8602.0,2024-05-26
2024052603014814,MPFL,60,4,50.0,441.0,22050.0,2024-05-26
2024052603014813,KMCDB,17,59,10.0,1111.0,11110.0,2024-05-26
2024052603014812,PFL,44,91,10.0,655.0,6550.0,2024-05-26
2024052603014811,KMCDB,62,59,268.0,1111.0,297748.0,2024-05-26
2024052603014810,KMCDB,62,49,1000.0,1111.0,1111000.0,2024-05-26
2024052603014809,KMCDB,62,55,10.0,1111.0,11110.0,2024-05-26
2024052603014808,KMCDB,62,10,100.0,1111.0,111100.0,2024-05-26
2024052603014807,KMCDB,62,51,50.0,1111.0,55550.0,2024-05-26
2024052603014806,KMCDB,62,11,100.0,1111.0,111100.0,2024-05-26
2024052603014805,KMCDB,62,39,60.0,1111.0,66660.0,2024-05-26
2024052603014804,KMCDB,62,26,100.0,1101.0,110100.0,2024-05-26
2024052603014803,KMCDB,62,51,50.0,1100.0,55000.0,2024-05-26
2024052603014802,KMCDB,62,28,30.0,1091.2,32736.0,2024-05-26
2024052603014801,KMCDB,62,11,10.0,1091.2,10912.0,2024-05-26
2024052603014800,KMCDB,62,25,50.0,1091.0,54550.0,2024-05-26
2024052603014799,KMCDB,62,25,50.0,1091.0,54550.0,2024-05-26
2024052603014798,KMCDB,62,7,46.0,1091.0,50186.0,2024-05-26
2024052603014797,KMCDB,62,59,450.0,1091.0,490950.0,2024-05-26
2024052603014796,KMCDB,62,56,300.0,1090.0,327000.0,2024-05-26
2024052603014795,KMCDB,62,44,16.0,1090.0,17440.0,2024-05-26
2024052603014794,KMCDB,62,26,100.0,1071.0,107100.0,2024-05-26
2024052603014793,KMCDB,62,14,410.0,1071.0,439110.0,2024-05-26
2024052603014792,KMCDB,62,51,50.0,1070.0,53500.0,2024-05-26
2024052603014791,KMCDB,62,72,100.0,1068.0,106800.0,2024-05-26
2024052603014790,KMCDB,62,38,50.0,1050.0,52500.0,2024-05-26
2024052601038051,EHPL,66,45,20.0,511.0,10220.0,2024-05-26
2024052601038050,EBL,14,34,450.0,546.0,245700.0,2024-05-26
2024052603014789,KLBSL,34,41,10.0,985.0,9850.0,2024-05-26
2024052601038049,SAHAS,47,5,35.0,535.0,18725.0,2024-05-26
2024052601038048,MANDU,5,34,106.0,855.0,90630.0,2024-05-26
2024052601038047,MANDU,38,34,10.0,855.1,8551.0,2024-05-26
2024052601038046,MANDU,42,34,20.0,856.0,17120.0,2024-05-26
2024052601038045,MANDU,38,34,30.0,857.0,25710.0,2024-05-26
2024052601038044,MANDU,19,34,20.0,857.2,17144.0,2024-05-26
2024052601038043,MANDU,34,34,30.0,857.4,25722.0,2024-05-26
2024052601038042,MANDU,56,34,14.0,858.0,12012.0,2024-05-26
2024052601038041,MANDU,32,34,90.0,860.6,77454.0,2024-05-26
2024052601038040,MANDU,34,34,30.0,860.7,25821.0,2024-05-26
2024052603014788,FMDBL,48,44,388.0,723.0,280524.0,2024-05-26
2024052604012629,SPIL,44,25,119.0,790.0,94010.0,2024-05-26
2024052603014787,GMFIL,4,4,105.0,382.2,40131.0,2024-05-26
2024052603014786,GMFIL,25,4,65.0,383.0,24895.0,2024-05-26
2024052603014785,GMFIL,26,4,30.0,383.3,11499.0,2024-05-26
2024052603014784,GMFIL,28,4,200.0,384.0,76800.0,2024-05-26
2024052601038039,RFPL,13,48,10.0,367.0,3670.0,2024-05-26
2024052603014783,FMDBL,13,94,10.0,723.9,7239.0,2024-05-26
2024052601038038,NABIL,52,48,470.0,519.0,243930.0,2024-05-26
2024052601038037,NABIL,52,38,30.0,519.0,15570.0,2024-05-26
2024052601038036,MEHL,43,95,21.0,311.0,6531.0,2024-05-26
2024052603014782,SLBSL,45,58,10.0,1248.0,12480.0,2024-05-26
2024052603014781,NICLBSL,58,45,89.0,665.7,59247.3,2024-05-26
2024052603014780,NICLBSL,58,45,50.0,665.7,33285.0,2024-05-26
2024052603014779,NICLBSL,33,45,11.0,666.0,7326.0,2024-05-26
2024052604012628,API,32,58,400.0,174.0,69600.0,2024-05-26
2024052604012627,API,95,58,100.0,174.2,17420.0,2024-05-26
2024052605004999,NRN,58,58,10.0,552.0,5520.0,2024-05-26
2024052603014778,PFL,58,91,10.0,655.0,6550.0,2024-05-26
2024052601038035,JBLB,58,58,20.0,1390.3,27806.0,2024-05-26
2024052601038034,HATHY,49,58,410.0,862.0,353420.0,2024-05-26
2024052601038033,HATHY,35,58,50.0,863.0,43150.0,2024-05-26
2024052604012626,UPPER,51,11,32.0,165.7,5302.4,2024-05-26
2024052604012625,UPPER,51,37,10.0,165.6,1656.0,2024-05-26
2024052605004998,SBCF,55,45,120.0,8.42,1010.4,2024-05-26
2024052603014777,ALBSL,53,36,10.0,950.0,9500.0,2024-05-26
2024052601038032,SMJC,6,49,80.0,365.0,29200.0,2024-05-26
2024052604012624,HPPL,16,35,159.0,257.5,40942.5,2024-05-26
2024052604012623,HPPL,16,6,10.0,257.0,2570.0,2024-05-26
2024052604012622,HPPL,16,13,510.0,256.0,130560.0,2024-05-26
2024052604012621,HPPL,16,32,221.0,255.0,56355.0,2024-05-26
2024052603014776,JFL,36,16,88.0,527.1,46384.8,2024-05-26
2024052603014775,JFL,13,16,100.0,527.2,52720.0,2024-05-26
2024052603014774,JFL,54,16,50.0,527.3,26365.0,2024-05-26
2024052603014773,JFL,55,16,12.0,528.0,6336.0,2024-05-26
2024052603014772,JFL,59,16,10.0,528.5,5285.0,2024-05-26
2024052604012620,AHPC,26,16,10.0,164.7,1647.0,2024-05-26
2024052601038031,UHEWA,21,34,10.0,397.0,3970.0,2024-05-26
2024052601038030,SONA,21,58,85.0,454.0,38590.0,2024-05-26
2024052601038029,SONA,21,34,15.0,453.5,6802.5,2024-05-26
2024052601038028,SONA,21,52,10.0,453.3,4533.0,2024-05-26
2024052601038027,SRLI,58,41,100.0,445.0,44500.0,2024-05-26
2024052601038026,KBL,48,34,10.0,150.2,1502.0,2024-05-26
2024052601038025,ILI,16,48,10.0,559.9,5599.0,2024-05-26
2024052601038024,MLBS,64,49,10.0,1329.0,13290.0,2024-05-26
2024052601038023,MLBS,64,58,10.0,1329.0,13290.0,2024-05-26
2024052601038022,MLBS,64,25,10.0,1329.0,13290.0,2024-05-26
2024052601038021,MLBS,64,71,30.0,1328.9,39867.0,2024-05-26
2024052601038020,MMKJL,38,90,20.0,426.0,8520.0,2024-05-26
2024052604012619,HPPL,42,32,19.0,255.0,4845.0,2024-05-26
2024052605004997,HRL,56,38,31.0,584.3,18113.3,2024-05-26
2024052603014771,MERO,38,32,20.0,689.0,13780.0,2024-05-26
2024052603014770,LBBL,22,56,10.0,388.7,3887.0,2024-05-26
2024052603014769,HLI,21,22,140.0,400.7,56098.0,2024-05-26
2024052603014768,HLI,88,22,760.0,400.7,304532.0,2024-05-26
2024052603014767,HLI,8,22,100.0,400.8,40080.0,2024-05-26
2024052601038019,SHIVM,66,67,270.0,508.2,137214.0,2024-05-26
2024052601038018,SHIVM,69,67,400.0,508.5,203400.0,2024-05-26
2024052601038017,SHIVM,35,67,500.0,508.5,254250.0,2024-05-26
2024052601038016,SHIVM,42,67,500.0,508.5,254250.0,2024-05-26
2024052601038015,SHIVM,42,67,50.0,508.6,25430.0,2024-05-26
2024052601038014,SHIVM,58,67,10.0,508.6,5086.0,2024-05-26
2024052601038013,SHIVM,34,67,118.0,508.6,60014.8,2024-05-26
2024052601038012,SHIVM,48,67,30.0,508.7,15261.0,2024-05-26
2024052601038011,SHIVM,61,67,500.0,508.8,254400.0,2024-05-26
2024052601038010,SHIVM,45,67,500.0,509.0,254500.0,2024-05-26
2024052601038009,SHIVM,13,67,122.0,509.0,62098.0,2024-05-26
2024052601038008,MSHL,50,49,10.0,645.0,6450.0,2024-05-26
2024052601038007,MSHL,50,28,30.0,637.3,19119.0,2024-05-26
2024052603014766,NFS,50,28,10.0,508.0,5080.0,2024-05-26
2024052601038006,MAKAR,26,65,15.0,365.0,5475.0,2024-05-26
2024052601038005,MAKAR,26,65,20.0,365.0,7300.0,2024-05-26
2024052601038004,MAKAR,74,65,100.0,365.0,36500.0,2024-05-26
2024052601038003,MANDU,65,56,10.0,866.0,8660.0,2024-05-26
2024052603014765,SAPDBL,57,1,10.0,319.0,3190.0,2024-05-26
2024052601038002,DORDI,42,57,10.0,412.0,4120.0,2024-05-26
2024052603014764,GBLBS,33,52,98.0,755.9,74078.2,2024-05-26
2024052603014763,GBLBS,33,58,10.0,750.1,7501.0,2024-05-26
2024052603014762,GBLBS,33,35,792.0,750.0,594000.0,2024-05-26
2024052604012618,SPIL,33,59,109.0,789.9,86099.1,2024-05-26
2024052603014761,MDB,29,62,20.0,477.1,9542.0,2024-05-26
2024052603014760,GILB,62,77,10.0,1184.0,11840.0,2024-05-26
2024052601038001,PCBL,44,28,17.0,213.2,3624.4,2024-05-26
2024052601038000,PCBL,44,43,93.0,213.0,19809.0,2024-05-26
2024052605004996,HRL,33,44,269.0,585.5,157499.5,2024-05-26
2024052601037999,BEDC,34,57,10.0,372.0,3720.0,2024-05-26
2024052601037998,BEDC,34,41,90.0,371.6,33444.0,2024-05-26
2024052604012617,BARUN,34,60,14.0,238.0,3332.0,2024-05-26
2024052603014759,MFIL,56,10,19.0,508.0,9652.0,2024-05-26
2024052603014758,MFIL,19,10,10.0,508.0,5080.0,2024-05-26
2024052603014757,MFIL,48,10,50.0,508.0,25400.0,2024-05-26
2024052603014756,MFIL,55,10,175.0,508.0,88900.0,2024-05-26
2024052601037997,MHCL,29,32,10.0,392.0,3920.0,2024-05-26
2024052601037996,MHCL,29,42,50.0,391.0,19550.0,2024-05-26
2024052601037995,RAWA,49,43,40.0,492.0,19680.0,2024-05-26
2024052604012616,RURU,18,60,775.0,604.0,468100.0,2024-05-26
2024052604012615,RURU,18,42,80.0,600.2,48016.0,2024-05-26
2024052604012614,RURU,18,32,90.0,600.0,54000.0,2024-05-26
2024052604012613,RURU,18,43,500.0,599.9,299950.0,2024-05-26
2024052604012612,RURU,18,17,100.0,599.9,59990.0,2024-05-26
2024052604012611,RURU,18,35,200.0,599.0,119800.0,2024-05-26
2024052604012610,RURU,18,32,90.0,599.0,53910.0,2024-05-26
2024052604012609,RURU,18,4,10.0,599.0,5990.0,2024-05-26
2024052604012608,RURU,18,38,500.0,599.0,299500.0,2024-05-26
2024052604012607,RURU,18,49,95.0,599.0,56905.0,2024-05-26
2024052604012606,RURU,18,58,100.0,599.0,59900.0,2024-05-26
2024052604012605,RURU,18,34,149.0,599.0,89251.0,2024-05-26
2024052604012604,RURU,18,56,311.0,598.9,186257.9,2024-05-26
2024052601037994,SHLB,74,49,222.0,1770.0,392940.0,2024-05-26
2024052604012603,CHL,58,57,10.0,330.0,3300.0,2024-05-26
2024052601037993,DOLTI,32,58,10.0,409.0,4090.0,2024-05-26
2024052601037992,DOLTI,32,38,40.0,409.0,16360.0,2024-05-26
2024052601037991,BNHC,28,5,771.0,730.0,562830.0,2024-05-26
2024052601037990,BNHC,28,57,549.0,722.0,396378.0,2024-05-26
2024052601037989,BNHC,28,29,10.0,627.3,6273.0,2024-05-26
2024052601037988,BNHC,28,6,10.0,626.2,6262.0,2024-05-26
2024052601037987,BNHC,28,38,60.0,624.2,37452.0,2024-05-26
2024052601037986,BNHC,28,1,20.0,624.2,12484.0,2024-05-26
2024052601037985,BNHC,28,16,10.0,624.0,6240.0,2024-05-26
2024052601037984,BNHC,28,22,10.0,623.2,6232.0,2024-05-26
2024052601037983,BNHC,28,35,10.0,623.0,6230.0,2024-05-26
2024052601037982,BNHC,28,71,100.0,622.2,62220.0,2024-05-26
2024052601037981,BNHC,28,22,100.0,622.0,62200.0,2024-05-26
2024052601037980,BNHC,28,21,50.0,622.0,31100.0,2024-05-26
2024052601037979,BNHC,28,51,10.0,622.0,6220.0,2024-05-26
2024052601037978,BNHC,28,39,100.0,620.0,62000.0,2024-05-26
2024052601037977,BNHC,28,42,13.0,620.0,8060.0,2024-05-26
2024052601037976,BNHC,28,45,10.0,619.0,6190.0,2024-05-26
2024052601037975,BNHC,28,19,50.0,618.3,30915.0,2024-05-26
2024052601037974,BNHC,28,75,52.0,618.1,32141.2,2024-05-26
2024052601037973,BNHC,28,42,90.0,618.1,55629.0,2024-05-26
2024052601037972,BNHC,28,62,290.0,618.1,179249.0,2024-05-26
2024052601037971,BNHC,28,71,100.0,618.0,61800.0,2024-05-26
2024052601037970,BNHC,28,38,50.0,618.0,30900.0,2024-05-26
2024052601037969,BNHC,28,34,10.0,618.0,6180.0,2024-05-26
2024052601037968,BNHC,28,34,10.0,617.3,6173.0,2024-05-26
2024052601037967,BNHC,28,49,200.0,617.0,123400.0,2024-05-26
2024052601037966,BNHC,28,38,10.0,617.0,6170.0,2024-05-26
2024052601037965,BNHC,28,34,50.0,617.0,30850.0,2024-05-26
2024052601037964,BNHC,28,14,20.0,615.0,12300.0,2024-05-26
2024052601037963,BNHC,28,50,20.0,615.0,12300.0,2024-05-26
2024052601037962,BNHC,28,49,20.0,615.0,12300.0,2024-05-26
2024052601037961,BNHC,28,18,10.0,615.0,6150.0,2024-05-26
2024052601037960,BNHC,28,29,90.0,614.5,55305.0,2024-05-26
2024052601037959,BNHC,28,25,10.0,612.0,6120.0,2024-05-26
2024052601037958,BNHC,28,49,10.0,612.0,6120.0,2024-05-26
2024052601037957,BNHC,28,7,50.0,611.0,30550.0,2024-05-26
2024052601037956,BNHC,28,44,10.0,609.0,6090.0,2024-05-26
2024052601037955,BNHC,28,49,15.0,609.0,9135.0,2024-05-26
2024052601037954,ILI,16,16,10.0,559.9,5599.0,2024-05-26
2024052601037953,BHDC,58,49,70.0,547.0,38290.0,2024-05-26
2024052604012602,TRH,49,36,20.0,768.0,15360.0,2024-05-26
2024052604012601,SHL,62,48,100.0,454.1,45410.0,2024-05-26
2024052603014755,RLFL,4,35,310.0,400.1,124031.0,2024-05-26
2024052601037952,BEDC,34,35,10.0,371.5,3715.0,2024-05-26
2024052601037951,MLBS,64,21,10.0,1325.0,13250.0,2024-05-26
2024052601037950,MLBS,64,4,30.0,1304.0,39120.0,2024-05-26
2024052601037949,MLBS,64,58,10.0,1302.0,13020.0,2024-05-26
2024052603014754,RLFL,4,39,100.0,400.1,40010.0,2024-05-26
2024052604012600,RIDI,29,41,562.0,180.2,101272.4,2024-05-26
2024052604012599,RIDI,8,41,222.0,180.5,40071.0,2024-05-26
2024052604012598,RIDI,38,41,30.0,181.0,5430.0,2024-05-26
2024052604012597,RIDI,55,41,100.0,181.0,18100.0,2024-05-26
2024052604012596,RIDI,57,41,100.0,181.0,18100.0,2024-05-26
2024052604012595,RIDI,16,41,486.0,181.0,87966.0,2024-05-26
2024052604012594,RIDI,38,41,200.0,182.0,36400.0,2024-05-26
2024052604012593,RIDI,13,41,200.0,182.0,36400.0,2024-05-26
2024052604012592,RIDI,42,41,100.0,182.0,18200.0,2024-05-26
2024052603014753,PMLI,7,7,13.0,507.0,6591.0,2024-05-26
2024052603014752,PMLI,7,57,37.0,506.0,18722.0,2024-05-26
2024052605004995,CHDC,6,58,100.0,835.0,83500.0,2024-05-26
2024052603014751,NLIC,6,57,100.0,607.0,60700.0,2024-05-26
2024052603014750,NLIC,57,57,150.0,607.0,91050.0,2024-05-26
2024052603014749,NLIC,45,57,50.0,607.0,30350.0,2024-05-26
2024052604012591,UPPER,57,62,375.0,165.1,61912.5,2024-05-26
2024052604012590,UPPER,58,62,45.0,165.1,7429.5,2024-05-26
2024052604012589,UPPER,47,62,80.0,165.1,13208.0,2024-05-26
2024052604012588,KPCL,62,56,26.0,423.0,10998.0,2024-05-26
2024052601037948,MEL,5,80,1500.0,228.0,342000.0,2024-05-26
2024052601037947,SHIVM,5,22,500.0,509.5,254750.0,2024-05-26
2024052601037946,SNLI,41,70,60.0,475.4,28524.0,2024-05-26
2024052603014748,ALICL,44,77,204.0,584.4,119217.6,2024-05-26
2024052603014747,ALICL,44,42,10.0,584.0,5840.0,2024-05-26
2024052603014746,ALICL,44,26,36.0,582.0,20952.0,2024-05-26
2024052603014745,ALICL,44,10,50.0,581.9,29095.0,2024-05-26
2024052603014744,ALICL,44,21,100.0,581.9,58190.0,2024-05-26
2024052601037945,SMJC,6,4,10.0,365.0,3650.0,2024-05-26
2024052604012587,NHPC,4,39,50.0,147.0,7350.0,2024-05-26
2024052601037944,RHGCL,69,29,10.0,351.8,3518.0,2024-05-26
2024052601037943,HIDCLP,47,17,20.0,99.4,1988.0,2024-05-26
2024052601037942,ILI,16,45,10.0,559.9,5599.0,2024-05-26
2024052603014743,MFIL,45,34,10.0,509.0,5090.0,2024-05-26
2024052604012586,CGH,45,42,30.0,877.0,26310.0,2024-05-26
2024052604012585,HDHPC,43,45,199.0,132.0,26268.0,2024-05-26
2024052604012584,HDHPC,38,45,1000.0,132.0,132000.0,2024-05-26
2024052604012583,HDHPC,25,45,301.0,132.0,39732.0,2024-05-26
2024052604012582,HDHPC,17,45,500.0,132.2,66100.0,2024-05-26
2024052601037941,MCHL,58,36,10.0,378.0,3780.0,2024-05-26
2024052605004994,CHDC,19,58,91.0,835.0,75985.0,2024-05-26
2024052605004993,NIFRA,28,59,25.0,201.5,5037.5,2024-05-26
2024052603014742,GBBL,42,32,20.0,368.0,7360.0,2024-05-26
2024052603014741,GBBL,36,32,100.0,368.0,36800.0,2024-05-26
2024052603014740,GBBL,55,32,22.0,368.0,8096.0,2024-05-26
2024052601037940,UHEWA,32,34,10.0,397.0,3970.0,2024-05-26
2024052601037939,UHEWA,32,57,130.0,396.7,51571.0,2024-05-26
2024052601037938,UHEWA,32,41,10.0,395.0,3950.0,2024-05-26
2024052601037937,UHEWA,32,39,10.0,395.0,3950.0,2024-05-26
2024052601037936,UHEWA,32,38,10.0,395.0,3950.0,2024-05-26
2024052601037935,UHEWA,32,26,200.0,390.5,78100.0,2024-05-26
2024052601037934,SHIVM,13,94,378.0,509.0,192402.0,2024-05-26
2024052601037933,SHIVM,50,94,122.0,509.1,62110.2,2024-05-26
2024052604012581,SJCL,25,74,80.0,275.0,22000.0,2024-05-26
2024052604012580,AHPC,29,53,500.0,164.5,82250.0,2024-05-26
2024052603014739,KRBL,49,37,280.0,423.0,118440.0,2024-05-26
2024052603014738,KRBL,63,37,100.0,423.1,42310.0,2024-05-26
2024052603014737,KRBL,21,37,120.0,424.0,50880.0,2024-05-26
2024052601037932,ILI,48,21,500.0,560.0,280000.0,2024-05-26
2024052604012579,BPCL,42,20,67.0,301.0,20167.0,2024-05-26
2024052604012578,BPCL,42,51,30.0,301.0,9030.0,2024-05-26
2024052604012577,BPCL,42,57,45.0,301.0,13545.0,2024-05-26
2024052603014736,NMLBBL,22,48,30.0,751.0,22530.0,2024-05-26
2024052601037931,ILI,22,21,30.0,560.0,16800.0,2024-05-26
2024052604012576,PPCL,14,41,10.0,232.0,2320.0,2024-05-26
2024052604012575,PPCL,14,66,200.0,230.9,46180.0,2024-05-26
2024052604012574,PPCL,14,51,10.0,230.0,2300.0,2024-05-26
2024052601037930,GVL,44,56,20.0,438.0,8760.0,2024-05-26
2024052603014735,ILBS,44,29,18.0,1385.0,24930.0,2024-05-26
2024052603014734,ILBS,44,41,43.0,1384.0,59512.0,2024-05-26
2024052603014733,ILBS,44,70,19.0,1380.0,26220.0,2024-05-26
2024052603014732,ILBS,44,58,20.0,1376.0,27520.0,2024-05-26
2024052603014731,PMLI,35,10,100.0,505.0,50500.0,2024-05-26
2024052603014730,PMLI,52,10,100.0,505.0,50500.0,2024-05-26
2024052603014729,PMLI,26,10,45.0,505.0,22725.0,2024-05-26
2024052603014728,LLBS,28,3,40.0,1066.0,42640.0,2024-05-26
2024052603014727,NADEP,45,89,10.0,793.0,7930.0,2024-05-26
2024052605004992,HRL,33,58,31.0,585.5,18150.5,2024-05-26
2024052601037929,HHL,88,42,10.0,349.0,3490.0,2024-05-26
2024052601037928,NRM,50,52,10.0,361.0,3610.0,2024-05-26
2024052601037927,SHIVM,50,25,20.0,509.1,10182.0,2024-05-26
2024052605004991,NRN,58,66,200.0,552.0,110400.0,2024-05-26
2024052605004990,NRN,58,39,90.0,552.0,49680.0,2024-05-26
2024052605004989,NRN,58,5,10.0,551.0,5510.0,2024-05-26
2024052605004988,NRN,58,45,10.0,551.0,5510.0,2024-05-26
2024052605004987,NRN,58,42,1000.0,551.0,551000.0,2024-05-26
2024052605004986,NRN,58,34,400.0,551.0,220400.0,2024-05-26
2024052605004985,NRN,58,63,100.0,550.9,55090.0,2024-05-26
2024052605004984,NRN,58,57,500.0,550.9,275450.0,2024-05-26
2024052605004983,NRN,58,32,30.0,550.9,16527.0,2024-05-26
2024052605004982,NRN,58,35,198.0,550.8,109058.4,2024-05-26
2024052605004981,NRN,58,58,50.0,550.0,27500.0,2024-05-26
2024052605004980,NRN,58,55,200.0,550.0,110000.0,2024-05-26
2024052605004979,NRN,58,35,600.0,550.0,330000.0,2024-05-26
2024052605004978,NRN,58,44,100.0,549.9,54990.0,2024-05-26
2024052605004977,NRN,58,37,40.0,549.9,21996.0,2024-05-26
2024052605004976,NRN,33,58,16.0,548.0,8768.0,2024-05-26
2024052605004975,NRN,17,58,60.0,548.1,32886.0,2024-05-26
2024052604012573,SALICO,50,35,150.0,702.0,105300.0,2024-05-26
2024052603014726,PFL,25,91,100.0,655.0,65500.0,2024-05-26
2024052603014725,PFL,1,91,100.0,655.0,65500.0,2024-05-26
2024052603014724,PFL,47,91,295.0,655.0,193225.0,2024-05-26
2024052603014723,SWMF,38,7,50.0,830.0,41500.0,2024-05-26
2024052601037926,EBL,14,6,50.0,546.0,27300.0,2024-05-26
2024052604012572,UPPER,47,17,20.0,165.1,3302.0,2024-05-26
2024052601037925,ILI,16,57,10.0,559.9,5599.0,2024-05-26
2024052604012571,SHEL,33,45,100.0,164.5,16450.0,2024-05-26
2024052601037924,ILI,38,21,20.0,560.0,11200.0,2024-05-26
2024052601037923,NMB,28,38,321.0,211.0,67731.0,2024-05-26
2024052601037922,NMB,39,38,50.0,211.1,10555.0,2024-05-26
2024052601037921,NMB,34,38,200.0,211.1,42220.0,2024-05-26
2024052603014722,MLBL,34,22,10.0,330.0,3300.0,2024-05-26
2024052601037920,RAWA,58,18,100.0,492.0,49200.0,2024-05-26
2024052601037919,SONA,47,44,10.0,453.0,4530.0,2024-05-26
2024052601037918,SONA,47,56,80.0,453.0,36240.0,2024-05-26
2024052601037917,USHEC,45,53,10.0,384.6,3846.0,2024-05-26
2024052604012570,AKJCL,45,11,50.0,206.0,10300.0,2024-05-26
2024052601037916,CLI,60,45,300.0,480.6,144180.0,2024-05-26
2024052601037915,SPHL,25,45,30.0,481.2,14436.0,2024-05-26
2024052603014721,BFC,32,42,100.0,404.0,40400.0,2024-05-26
2024052601037914,ILI,16,49,10.0,559.9,5599.0,2024-05-26
2024052604012569,UPCL,38,49,171.0,196.0,33516.0,2024-05-26
2024052604012568,NIL,42,49,50.0,801.0,40050.0,2024-05-26
2024052603014720,SLBBL,22,26,90.0,765.0,68850.0,2024-05-26
2024052603014719,SLBBL,67,26,10.0,765.0,7650.0,2024-05-26
2024052601037913,KBL,1,48,430.0,150.0,64500.0,2024-05-26
2024052601037912,KBL,7,48,100.0,150.1,15010.0,2024-05-26
2024052601037911,KBL,41,48,1470.0,150.1,220647.0,2024-05-26
2024052603014718,SLBSL,48,58,12.0,1248.0,14976.0,2024-05-26
2024052601037910,KBL,41,58,30.0,150.1,4503.0,2024-05-26
2024052603014717,NMLBBL,64,58,45.0,750.0,33750.0,2024-05-26
2024052603014716,NMLBBL,14,58,55.0,750.0,41250.0,2024-05-26
2024052603014715,NMLBBL,46,58,100.0,750.0,75000.0,2024-05-26
2024052603014714,NMLBBL,22,58,50.0,750.0,37500.0,2024-05-26
2024052603014713,NMLBBL,47,58,50.0,750.0,37500.0,2024-05-26
2024052603014712,NMLBBL,22,58,50.0,750.1,37505.0,2024-05-26
2024052603014711,NMLBBL,52,58,50.0,750.2,37510.0,2024-05-26
2024052603014710,NMLBBL,45,58,100.0,750.5,75050.0,2024-05-26
2024052603014709,PFL,47,7,75.0,655.0,49125.0,2024-05-26
2024052601037909,GVL,7,56,10.0,438.0,4380.0,2024-05-26
2024052601037908,SONA,41,56,20.0,453.0,9060.0,2024-05-26
2024052604012567,SHPC,62,10,80.0,334.7,26776.0,2024-05-26
2024052603014708,NMLBBL,43,33,130.0,750.5,97565.0,2024-05-26
2024052603014707,NMLBBL,34,33,20.0,750.6,15012.0,2024-05-26
2024052604012566,TRH,44,36,20.0,768.0,15360.0,2024-05-26
2024052604012565,HPPL,38,32,10.0,255.0,2550.0,2024-05-26
2024052601037907,ULHC,8,4,70.0,330.0,23100.0,2024-05-26
2024052603014706,SAPDBL,33,18,564.0,316.1,178280.4,2024-05-26
2024052603014705,SAPDBL,40,18,55.0,316.1,17385.5,2024-05-26
2024052603014704,SAPDBL,34,18,100.0,316.2,31620.0,2024-05-26
2024052603014703,SAPDBL,48,18,200.0,316.3,63260.0,2024-05-26
2024052603014702,SAPDBL,54,18,81.0,317.0,25677.0,2024-05-26
2024052604012564,CGH,43,38,5.0,860.0,4300.0,2024-05-26
2024052603014701,SIFC,22,74,208.0,414.0,86112.0,2024-05-26
2024052603014700,SIFC,7,74,122.0,414.0,50508.0,2024-05-26
2024052603014699,SIFC,13,74,300.0,414.1,124230.0,2024-05-26
2024052603014698,SIFC,13,74,200.0,414.2,82840.0,2024-05-26
2024052603014697,SIFC,18,74,30.0,414.3,12429.0,2024-05-26
2024052603014696,SIFC,33,74,140.0,414.5,58030.0,2024-05-26
2024052603014695,VLBS,45,26,54.0,956.5,51651.0,2024-05-26
2024052603014694,VLBS,45,29,100.0,956.0,95600.0,2024-05-26
2024052603014693,VLBS,45,55,250.0,947.5,236875.0,2024-05-26
2024052603014692,VLBS,45,34,50.0,947.0,47350.0,2024-05-26
2024052603014691,VLBS,45,48,63.0,947.0,59661.0,2024-05-26
2024052603014690,VLBS,45,74,100.0,946.5,94650.0,2024-05-26
2024052603014689,VLBS,45,16,100.0,946.5,94650.0,2024-05-26
2024052603014688,VLBS,45,58,15.0,946.0,14190.0,2024-05-26
2024052603014687,VLBS,45,56,100.0,945.0,94500.0,2024-05-26
2024052603014686,VLBS,45,32,150.0,940.0,141000.0,2024-05-26
2024052603014685,VLBS,45,42,50.0,938.0,46900.0,2024-05-26
2024052603014684,VLBS,45,13,100.0,938.0,93800.0,2024-05-26
2024052603014683,VLBS,45,62,104.0,937.0,97448.0,2024-05-26
2024052603014682,VLBS,45,42,100.0,934.0,93400.0,2024-05-26
2024052603014681,VLBS,45,35,50.0,933.0,46650.0,2024-05-26
2024052603014680,VLBS,45,56,79.0,933.0,73707.0,2024-05-26
2024052603014679,VLBS,45,6,10.0,930.0,9300.0,2024-05-26
2024052603014678,VLBS,45,58,15.0,930.0,13950.0,2024-05-26
2024052603014677,VLBS,45,58,10.0,930.0,9300.0,2024-05-26
2024052603014676,VLBS,45,37,80.0,930.0,74400.0,2024-05-26
2024052603014675,VLBS,45,38,100.0,929.0,92900.0,2024-05-26
2024052603014674,VLBS,45,58,10.0,929.0,9290.0,2024-05-26
2024052603014673,VLBS,45,34,100.0,929.0,92900.0,2024-05-26
2024052603014672,VLBS,45,60,100.0,928.9,92890.0,2024-05-26
2024052603014671,VLBS,45,45,10.0,926.0,9260.0,2024-05-26
2024052603014670,VLBS,45,19,250.0,923.0,230750.0,2024-05-26
2024052603014669,VLBS,45,42,300.0,922.0,276600.0,2024-05-26
2024052603014668,VLBS,45,46,30.0,922.0,27660.0,2024-05-26
2024052603014667,VLBS,45,87,100.0,921.0,92100.0,2024-05-26
2024052603014666,VLBS,45,45,200.0,919.0,183800.0,2024-05-26
2024052603014665,VLBS,45,57,150.0,915.0,137250.0,2024-05-26
2024052603014664,VLBS,45,51,160.0,915.0,146400.0,2024-05-26
2024052603014663,VLBS,45,35,10.0,915.0,9150.0,2024-05-26
2024052603014662,VLBS,45,6,50.0,910.0,45500.0,2024-05-26
2024052603014661,VLBS,45,6,50.0,908.0,45400.0,2024-05-26
2024052603014660,VLBS,45,45,70.0,907.0,63490.0,2024-05-26
2024052603014659,VLBS,45,36,40.0,907.0,36280.0,2024-05-26
2024052603014658,VLBS,45,42,190.0,905.0,171950.0,2024-05-26
2024052603014657,WNLB,32,58,10.0,1446.0,14460.0,2024-05-26
2024052601037906,BHPL,35,45,143.0,611.6,87458.8,2024-05-26
2024052601037905,BHPL,35,44,30.0,611.6,18348.0,2024-05-26
2024052601037904,BHPL,35,58,50.0,611.0,30550.0,2024-05-26
2024052601037903,BHPL,35,29,10.0,610.0,6100.0,2024-05-26
2024052601037902,BHPL,35,13,150.0,610.0,91500.0,2024-05-26
2024052601037901,BHPL,35,16,35.0,608.0,21280.0,2024-05-26
2024052601037900,BHPL,35,45,200.0,599.4,119880.0,2024-05-26
2024052601037899,BHPL,35,56,50.0,580.0,29000.0,2024-05-26
2024052601037898,BHPL,35,42,32.0,570.0,18240.0,2024-05-26
2024052603014656,GUFL,35,18,10.0,670.9,6709.0,2024-05-26
2024052601037897,AHL,42,44,10.0,462.0,4620.0,2024-05-26
2024052601037896,AHL,42,26,90.0,461.0,41490.0,2024-05-26
2024052603014655,NFS,58,28,10.0,508.0,5080.0,2024-05-26
2024052604012563,NHPC,1,58,92.0,146.4,13468.8,2024-05-26
2024052601037895,BGWT,65,57,100.0,672.0,67200.0,2024-05-26
2024052601037894,BGWT,26,57,100.0,672.0,67200.0,2024-05-26
2024052601037893,BGWT,44,57,20.0,672.1,13442.0,2024-05-26
2024052601037892,BGWT,13,57,190.0,672.1,127699.0,2024-05-26
2024052601037891,BGWT,55,57,20.0,672.2,13444.0,2024-05-26
2024052601037890,BGWT,10,57,50.0,672.2,33610.0,2024-05-26
2024052601037889,DORDI,14,49,211.0,412.1,86953.1,2024-05-26
2024052604012562,NHPC,5,39,602.0,147.0,88494.0,2024-05-26
2024052604012561,NHPC,5,55,1048.0,147.0,154056.0,2024-05-26
2024052604012560,NHPC,5,45,350.0,146.5,51275.0,2024-05-26
2024052603014654,ALICL,6,44,1440.0,578.3,832752.0,2024-05-26
2024052603014653,ALICL,54,44,1000.0,578.3,578300.0,2024-05-26
2024052603014652,ALICL,50,44,100.0,578.4,57840.0,2024-05-26
2024052603014651,ALICL,34,44,300.0,578.5,173550.0,2024-05-26
2024052603014650,ALICL,46,44,30.0,579.0,17370.0,2024-05-26
2024052603014649,ALICL,6,44,30.0,579.0,17370.0,2024-05-26
2024052603014648,ALICL,48,44,100.0,579.0,57900.0,2024-05-26
2024052604012559,UAIL,6,45,90.0,581.2,52308.0,2024-05-26
2024052603014647,SHINE,21,59,150.0,392.6,58890.0,2024-05-26
2024052604012558,HDHPC,25,45,199.0,132.0,26268.0,2024-05-26
2024052604012557,HDHPC,39,45,56.0,132.0,7392.0,2024-05-26
2024052603014646,GILB,11,77,20.0,1184.0,23680.0,2024-05-26
2024052605004974,STC,49,14,10.0,4390.0,43900.0,2024-05-26
2024052603014645,SINDU,53,48,450.0,380.0,171000.0,2024-05-26
2024052603014644,SINDU,45,48,50.0,380.1,19005.0,2024-05-26
2024052603014643,GUFL,58,50,30.0,669.0,20070.0,2024-05-26
2024052603014642,VLBS,58,42,10.0,905.0,9050.0,2024-05-26
2024052605004973,NRIC,35,17,150.0,668.0,100200.0,2024-05-26
2024052601037888,KBL,41,58,500.0,150.1,75050.0,2024-05-26
2024052605004972,HRL,17,43,286.0,586.0,167596.0,2024-05-26
2024052605004971,HRL,17,49,214.0,586.0,125404.0,2024-05-26
2024052604012556,NGPL,13,37,200.0,302.9,60580.0,2024-05-26
2024052604012555,CGH,34,42,50.0,877.0,43850.0,2024-05-26
2024052601037887,SAHAS,47,29,45.0,535.0,24075.0,2024-05-26
2024052603014641,PROFL,38,1,10.0,336.0,3360.0,2024-05-26
2024052601037886,HDL,45,43,75.0,1322.0,99150.0,2024-05-26
2024052601037885,HDL,25,43,10.0,1323.0,13230.0,2024-05-26
2024052601037884,HDL,36,43,15.0,1323.0,19845.0,2024-05-26
2024052601037883,AVYAN,45,25,30.0,849.0,25470.0,2024-05-26
2024052601037882,AVYAN,45,67,50.0,840.0,42000.0,2024-05-26
2024052601037881,AVYAN,45,58,10.0,838.0,8380.0,2024-05-26
2024052601037880,AVYAN,45,41,10.0,838.0,8380.0,2024-05-26
2024052601037879,NICA,16,32,91.0,435.1,39594.1,2024-05-26
2024052601037878,ILI,17,28,513.0,559.7,287126.1,2024-05-26
2024052601037877,ILI,17,28,600.0,559.7,335820.0,2024-05-26
2024052601037876,ILI,14,28,497.0,559.7,278170.9,2024-05-26
2024052601037875,ILI,48,28,100.0,559.8,55980.0,2024-05-26
2024052601037874,ILI,43,28,90.0,559.8,50382.0,2024-05-26
2024052601037873,ILI,67,28,100.0,559.8,55980.0,2024-05-26
2024052601037872,ILI,8,28,10.0,559.8,5598.0,2024-05-26
2024052601037871,ILI,38,28,90.0,559.9,50391.0,2024-05-26
2024052604012554,SALICO,33,8,300.0,701.5,210450.0,2024-05-26
2024052604012553,CHL,71,56,100.0,327.0,32700.0,2024-05-26
2024052601037870,RNLI,65,49,11.0,438.0,4818.0,2024-05-26
2024052605004970,NTC,56,49,20.0,849.0,16980.0,2024-05-26
2024052603014640,EDBL,36,34,10.0,389.1,3891.0,2024-05-26
2024052605004969,CHDC,39,49,200.0,836.0,167200.0,2024-05-26
2024052604012552,HPPL,52,35,50.0,252.2,12610.0,2024-05-26
2024052604012551,HPPL,49,35,180.0,253.0,45540.0,2024-05-26
2024052604012550,HPPL,36,35,150.0,253.1,37965.0,2024-05-26
2024052604012549,HPPL,1,35,20.0,254.0,5080.0,2024-05-26
2024052601037869,NBL,7,35,519.0,227.0,117813.0,2024-05-26
2024052604012548,NHDL,41,34,138.0,467.0,64446.0,2024-05-26
2024052601037868,BHPL,38,50,90.0,550.0,49500.0,2024-05-26
2024052601037867,BHPL,44,50,50.0,550.0,27500.0,2024-05-26
2024052601037866,BHPL,32,50,50.0,550.0,27500.0,2024-05-26
2024052601037865,BHPL,21,50,30.0,550.0,16500.0,2024-05-26
2024052605004968,CIT,29,19,10.0,2145.0,21450.0,2024-05-26
2024052605004967,CIT,37,19,20.0,2145.0,42900.0,2024-05-26
2024052603014639,SKBBL,65,71,117.0,825.1,96536.7,2024-05-26
2024052601037864,NICA,16,38,100.0,435.1,43510.0,2024-05-26
2024052601037863,SARBTM,38,11,10.0,805.0,8050.0,2024-05-26
2024052601037862,SRLI,38,41,10.0,444.5,4445.0,2024-05-26
2024052601037861,SONA,63,34,20.0,452.2,9044.0,2024-05-26
2024052601037860,CKHL,59,49,10.0,552.0,5520.0,2024-05-26
2024052601037859,SANIMA,28,45,53.0,264.0,13992.0,2024-05-26
2024052601037858,SAMAJ,58,46,15.0,2117.0,31755.0,2024-05-26
2024052601037857,EBL,28,39,19.0,546.9,10391.1,2024-05-26
2024052601037856,ILI,25,21,10.0,560.0,5600.0,2024-05-26
2024052604012547,MEN,16,35,20.0,587.0,11740.0,2024-05-26
2024052605004966,CIT,45,37,25.0,2145.0,53625.0,2024-05-26
2024052605004965,CIT,1,37,15.0,2145.0,32175.0,2024-05-26
2024052601037855,ILI,17,21,10.0,560.0,5600.0,2024-05-26
2024052603014638,GMFIL,58,77,45.0,385.0,17325.0,2024-05-26
2024052601037854,NICA,57,36,20.0,435.4,8708.0,2024-05-26
2024052603014637,MNBBL,55,14,100.0,353.6,35360.0,2024-05-26
2024052601037853,SBI,5,32,15.0,306.0,4590.0,2024-05-26
2024052601037852,MKHC,4,38,50.0,308.0,15400.0,2024-05-26
2024052604012546,AHPC,29,16,218.0,164.5,35861.0,2024-05-26
2024052603014636,JFL,47,4,100.0,529.0,52900.0,2024-05-26
2024052601037851,HDL,34,4,50.0,1324.0,66200.0,2024-05-26
2024052605004964,STC,26,59,20.0,4385.0,87700.0,2024-05-26
2024052601037850,MBL,74,45,145.0,187.7,27216.5,2024-05-26
2024052604012545,SHEL,53,32,100.0,164.1,16410.0,2024-05-26
2024052604012544,SHEL,1,32,300.0,164.2,49260.0,2024-05-26
2024052604012543,SHEL,44,32,600.0,164.2,98520.0,2024-05-26
2024052604012542,UMRH,13,32,615.0,362.6,222999.0,2024-05-26
2024052604012541,UMRH,62,32,50.0,362.7,18135.0,2024-05-26
2024052604012540,UMRH,56,32,535.0,362.7,194044.5,2024-05-26
2024052601037849,RNLI,44,52,182.0,438.1,79734.2,2024-05-26
2024052601037848,RNLI,58,52,10.0,438.2,4382.0,2024-05-26
2024052601037847,ILI,55,21,20.0,560.0,11200.0,2024-05-26
2024052603014635,FMDBL,48,32,50.0,722.0,36100.0,2024-05-26
2024052603014634,FMDBL,48,6,50.0,722.0,36100.0,2024-05-26
2024052603014633,FMDBL,48,38,12.0,718.0,8616.0,2024-05-26
2024052604012539,SGIC,36,59,485.0,551.9,267671.5,2024-05-26
2024052604012538,SGIC,36,22,15.0,550.0,8250.0,2024-05-26
2024052601037846,TSHL,41,35,60.0,520.0,31200.0,2024-05-26
2024052601037845,TSHL,34,35,200.0,520.0,104000.0,2024-05-26
2024052601037844,TSHL,41,35,40.0,521.4,20856.0,2024-05-26
2024052601037843,SONA,63,42,50.0,452.2,22610.0,2024-05-26
2024052601037842,SONA,28,42,150.0,452.2,67830.0,2024-05-26
2024052601037841,SONA,25,42,20.0,452.3,9046.0,2024-05-26
2024052601037840,MBJC,17,7,80.0,304.0,24320.0,2024-05-26
2024052604012537,SHEL,44,6,400.0,164.2,65680.0,2024-05-26
2024052603014632,GBBL,55,17,61.0,368.0,22448.0,2024-05-26
2024052601037839,BNHC,28,14,10.0,604.5,6045.0,2024-05-26
2024052601037838,DLBS,58,81,10.0,1251.1,12511.0,2024-05-26
2024052604012536,TRH,19,58,97.0,766.4,74340.8,2024-05-26
2024052604012535,TRH,55,58,100.0,766.4,76640.0,2024-05-26
2024052604012534,TRH,57,58,11.0,766.7,8433.7,2024-05-26
2024052601037837,ILI,75,21,30.0,560.0,16800.0,2024-05-26
2024052603014631,SHINE,58,32,326.0,392.7,128020.2,2024-05-26
2024052603014630,SHINE,49,32,366.0,393.1,143874.6,2024-05-26
2024052601037836,NICA,16,45,500.0,435.1,217550.0,2024-05-26
2024052601037835,NMB,45,57,254.0,212.0,53848.0,2024-05-26
2024052601037834,NMB,45,34,746.0,211.9,158077.4,2024-05-26
2024052601037833,ILI,21,21,100.0,560.0,56000.0,2024-05-26
2024052603014629,PFL,40,36,100.0,657.0,65700.0,2024-05-26
2024052604012533,SHL,62,48,100.0,454.1,45410.0,2024-05-26
2024052604012532,SHL,29,48,100.0,454.2,45420.0,2024-05-26
2024052601037832,NWCL,36,88,100.0,720.0,72000.0,2024-05-26
2024052604012531,JOSHI,6,81,85.0,301.4,25619.0,2024-05-26
2024052604012530,JOSHI,44,81,100.0,302.0,30200.0,2024-05-26
2024052604012529,JOSHI,55,81,108.0,302.0,32616.0,2024-05-26
2024052603014628,MLBL,33,22,15.0,329.1,4936.5,2024-05-26
2024052603014627,MLBL,32,22,10.0,329.2,3292.0,2024-05-26
2024052603014626,SFCL,49,42,180.0,339.5,61110.0,2024-05-26
2024052603014625,SFCL,7,42,150.0,339.5,50925.0,2024-05-26
2024052601037831,BEDC,34,60,31.0,371.5,11516.5,2024-05-26
2024052605004963,SMATA,65,32,21.0,949.0,19929.0,2024-05-26
2024052604012528,RHPL,28,7,16.0,272.0,4352.0,2024-05-26
2024052604012527,RHPL,4,7,50.0,272.0,13600.0,2024-05-26
2024052604012526,RHPL,32,7,34.0,272.0,9248.0,2024-05-26
2024052601037830,HHL,57,65,100.0,346.0,34600.0,2024-05-26
2024052603014624,NMLBBL,19,48,40.0,751.0,30040.0,2024-05-26
2024052603014623,HLBSL,38,57,856.0,1197.4,1024974.4,2024-05-26
2024052603014622,HLBSL,35,57,100.0,1197.4,119740.0,2024-05-26
2024052603014621,HLBSL,35,57,1000.0,1197.6,1197600.0,2024-05-26
2024052603014620,HLBSL,74,57,1000.0,1197.6,1197600.0,2024-05-26
2024052603014619,HLBSL,26,57,534.0,1197.6,639518.4,2024-05-26
2024052603014618,HLBSL,48,57,18.0,1198.0,21564.0,2024-05-26
2024052603014617,HLBSL,4,57,200.0,1198.0,239600.0,2024-05-26
2024052603014616,HLBSL,87,57,1554.0,1198.0,1861692.0,2024-05-26
2024052604012525,HEI,1,57,20.0,613.1,12262.0,2024-05-26
2024052604012524,IGI,44,62,70.0,545.0,38150.0,2024-05-26
2024052604012523,IGI,22,62,130.0,545.1,70863.0,2024-05-26
2024052603014615,ALICL,34,49,93.0,580.0,53940.0,2024-05-26
2024052603014614,ALICL,34,57,53.0,580.0,30740.0,2024-05-26
2024052604012522,UAIL,34,34,10.0,582.0,5820.0,2024-05-26
2024052601037829,ANLB,34,14,10.0,2383.8,23838.0,2024-05-26
2024052601037828,ANLB,34,57,100.0,2383.0,238300.0,2024-05-26
2024052601037827,ANLB,34,43,50.0,2380.0,119000.0,2024-05-26
2024052601037826,ANLB,34,32,30.0,2380.0,71400.0,2024-05-26
2024052601037825,ANLB,34,14,10.0,2379.9,23799.0,2024-05-26
2024052601037824,ANLB,34,14,10.0,2379.1,23791.0,2024-05-26
2024052601037823,ANLB,34,49,10.0,2378.5,23785.0,2024-05-26
2024052601037822,ANLB,34,49,10.0,2378.4,23784.0,2024-05-26
2024052601037821,ANLB,34,58,50.0,2378.0,118900.0,2024-05-26
2024052601037820,ANLB,34,29,100.0,2369.8,236980.0,2024-05-26
2024052601037819,ANLB,34,49,20.0,2369.8,47396.0,2024-05-26
2024052601037818,ANLB,34,32,100.0,2369.7,236970.0,2024-05-26
2024052601037817,USHEC,11,48,500.0,381.3,190650.0,2024-05-26
2024052603014613,SHINE,49,57,134.0,393.0,52662.0,2024-05-26
2024052603014612,GMFIL,43,77,25.0,385.0,9625.0,2024-05-26
2024052603014611,GMFIL,41,77,90.0,385.0,34650.0,2024-05-26
2024052603014610,GMFIL,16,77,500.0,385.0,192500.0,2024-05-26
2024052603014609,GMFIL,41,77,185.0,385.2,71262.0,2024-05-26
2024052603014608,GMFIL,4,77,100.0,385.3,38530.0,2024-05-26
2024052603014607,GMFIL,54,77,300.0,385.5,115650.0,2024-05-26
2024052603014606,GMFIL,6,77,250.0,385.6,96400.0,2024-05-26
2024052603014605,GMFIL,88,77,280.0,385.7,107996.0,2024-05-26
2024052603014604,GMFIL,25,77,1000.0,385.8,385800.0,2024-05-26
2024052603014603,GMFIL,4,77,100.0,385.9,38590.0,2024-05-26
2024052603014602,GMFIL,10,77,100.0,386.0,38600.0,2024-05-26
2024052603014601,GMFIL,56,77,300.0,386.0,115800.0,2024-05-26
2024052603014600,GMFIL,33,77,19.0,386.0,7334.0,2024-05-26
2024052603014599,GMFIL,4,77,333.0,387.0,128871.0,2024-05-26
2024052604012521,BPCL,48,42,100.0,300.0,30000.0,2024-05-26
2024052601037816,SPC,36,19,45.0,523.0,23535.0,2024-05-26
2024052601037815,SPC,36,62,10.0,523.0,5230.0,2024-05-26
2024052601037814,SPC,36,49,10.0,520.0,5200.0,2024-05-26
2024052601037813,SPC,36,25,500.0,520.0,260000.0,2024-05-26
2024052601037812,SPC,36,25,10.0,517.0,5170.0,2024-05-26
2024052601037811,SPC,36,33,25.0,514.0,12850.0,2024-05-26
2024052601037810,CITY,7,18,106.0,670.0,71020.0,2024-05-26
2024052601037809,CITY,7,6,300.0,669.9,200970.0,2024-05-26
2024052601037808,CITY,7,45,65.0,669.9,43543.5,2024-05-26
2024052601037807,CITY,7,38,469.0,669.9,314183.1,2024-05-26
2024052601037806,CITY,7,45,60.0,669.8,40188.0,2024-05-26
2024052603014598,SFCL,41,21,100.0,340.0,34000.0,2024-05-26
2024052603014597,CFCL,57,80,500.0,386.6,193300.0,2024-05-26
2024052604012520,GHL,41,57,40.0,148.1,5924.0,2024-05-26
2024052603014596,SABSL,42,5,130.0,963.0,125190.0,2024-05-26
2024052603014595,SABSL,39,5,200.0,963.0,192600.0,2024-05-26
2024052603014594,SABSL,56,5,50.0,963.1,48155.0,2024-05-26
2024052601037805,EBL,14,57,401.0,546.0,218946.0,2024-05-26
2024052603014593,SHINE,46,57,91.0,393.0,35763.0,2024-05-26
2024052601037804,CITY,22,58,95.0,667.0,63365.0,2024-05-26
2024052601037803,CITY,14,58,50.0,667.0,33350.0,2024-05-26
2024052601037802,CITY,42,58,15.0,667.0,10005.0,2024-05-26
2024052601037801,CITY,75,58,30.0,668.0,20040.0,2024-05-26
2024052601037800,CITY,54,58,10.0,669.0,6690.0,2024-05-26
2024052605004962,CHDC,19,58,10.0,835.0,8350.0,2024-05-26
2024052601037799,ILI,34,21,100.0,560.0,56000.0,2024-05-26
2024052601037798,SONA,45,13,100.0,453.0,45300.0,2024-05-26
2024052603014592,PROFL,45,44,50.0,337.0,16850.0,2024-05-26
2024052604012519,SGIC,13,25,10.0,547.0,5470.0,2024-05-26
2024052604012518,SGIC,14,25,90.0,547.0,49230.0,2024-05-26
2024052601037797,ILI,11,21,10.0,560.0,5600.0,2024-05-26
2024052601037796,RNLI,44,36,79.0,438.1,34609.9,2024-05-26
2024052601037795,RNLI,65,36,76.0,438.1,33295.6,2024-05-26
2024052601037794,NBL,35,35,100.0,227.0,22700.0,2024-05-26
2024052603014591,SADBL,16,42,380.0,315.0,119700.0,2024-05-26
2024052603014590,SADBL,35,42,100.0,315.0,31500.0,2024-05-26
2024052603014589,SADBL,51,42,50.0,315.0,15750.0,2024-05-26
2024052603014588,SADBL,29,42,120.0,315.0,37800.0,2024-05-26
2024052603014587,SADBL,59,42,300.0,315.1,94530.0,2024-05-26
2024052603014586,SADBL,35,42,500.0,315.1,157550.0,2024-05-26
2024052603014585,SADBL,57,42,10.0,315.1,3151.0,2024-05-26
2024052603014584,SADBL,59,42,300.0,315.3,94590.0,2024-05-26
2024052603014583,SADBL,43,42,30.0,315.6,9468.0,2024-05-26
2024052603014582,SADBL,7,42,80.0,315.7,25256.0,2024-05-26
2024052603014581,SADBL,36,42,30.0,315.7,9471.0,2024-05-26
2024052603014580,SADBL,66,42,100.0,316.0,31600.0,2024-05-26
2024052603014579,ILBS,62,44,89.0,1375.0,122375.0,2024-05-26
2024052603014578,ILBS,48,44,11.0,1376.0,15136.0,2024-05-26
2024052601037793,SBI,14,32,914.0,306.0,279684.0,2024-05-26
2024052601037792,SBI,14,49,237.0,305.9,72498.3,2024-05-26
2024052601037791,SBI,14,32,1500.0,305.9,458850.0,2024-05-26
2024052601037790,SBI,14,34,716.0,305.9,219024.4,2024-05-26
2024052601037789,HDL,58,4,36.0,1324.0,47664.0,2024-05-26
2024052601037788,LSL,43,35,53.0,170.0,9010.0,2024-05-26
2024052601037787,LSL,43,34,947.0,170.0,160990.0,2024-05-26
2024052603014577,HLI,8,10,100.0,400.8,40080.0,2024-05-26
2024052603014576,NMLBBL,38,48,50.0,751.0,37550.0,2024-05-26
2024052605004961,CHDC,32,49,10.0,836.0,8360.0,2024-05-26
2024052603014575,WNLB,32,54,10.0,1440.0,14400.0,2024-05-26
2024052601037786,CITY,54,8,50.0,669.0,33450.0,2024-05-26
2024052603014574,MPFL,45,4,10.0,441.0,4410.0,2024-05-26
2024052601037785,TSHL,21,26,30.0,526.9,15807.0,2024-05-26
2024052604012517,CGH,85,26,14.0,876.2,12266.8,2024-05-26
2024052604012516,LEC,37,96,10.0,186.5,1865.0,2024-05-26
2024052605004960,HRL,35,49,30.0,586.0,17580.0,2024-05-26
2024052605004959,HRL,35,45,20.0,585.1,11702.0,2024-05-26
2024052603014573,SHINE,46,72,109.0,393.0,42837.0,2024-05-26
2024052603014572,SHINE,50,72,305.0,393.0,119865.0,2024-05-26
2024052603014571,SHINE,43,72,248.0,393.0,97464.0,2024-05-26
2024052603014570,RSDC,43,81,74.0,682.0,50468.0,2024-05-26
2024052603014569,RSDC,66,81,600.0,682.1,409260.0,2024-05-26
2024052603014568,RSDC,44,81,435.0,682.2,296757.0,2024-05-26
2024052603014567,RSDC,66,81,291.0,682.3,198549.3,2024-05-26
2024052603014566,RSDC,44,81,100.0,682.4,68240.0,2024-05-26
2024052603014565,RSDC,44,81,100.0,682.5,68250.0,2024-05-26
2024052601037784,SMJC,6,5,110.0,365.0,40150.0,2024-05-26
2024052601037783,SMJC,57,5,100.0,365.0,36500.0,2024-05-26
2024052601037782,SMJC,42,5,90.0,365.0,32850.0,2024-05-26
2024052601037781,NMB,57,34,254.0,211.9,53822.6,2024-05-26
2024052604012515,API,32,14,42.0,174.0,7308.0,2024-05-26
2024052604012514,API,37,14,458.0,174.1,79737.8,2024-05-26
2024052604012513,API,34,14,600.0,174.2,104520.0,2024-05-26
2024052601037780,ILI,13,21,100.0,560.0,56000.0,2024-05-26
2024052604012512,CHL,58,57,10.0,330.0,3300.0,2024-05-26
2024052601037779,CITY,54,7,10.0,668.0,6680.0,2024-05-26
2024052601037778,CITY,54,19,130.0,668.0,86840.0,2024-05-26
2024052604012511,HPPL,1,42,40.0,254.0,10160.0,2024-05-26
2024052601037777,ILI,38,16,10.0,559.9,5599.0,2024-05-26
2024052601037776,HHL,57,11,90.0,346.0,31140.0,2024-05-26
2024052601037775,CITY,42,26,10.0,667.0,6670.0,2024-05-26
2024052601037774,NESDO,49,48,10.0,1890.0,18900.0,2024-05-26
2024052601037773,NESDO,49,42,10.0,1880.0,18800.0,2024-05-26
2024052601037772,NESDO,49,6,10.0,1876.0,18760.0,2024-05-26
2024052603014564,BFC,49,42,32.0,404.0,12928.0,2024-05-26
2024052603014563,BFC,49,58,20.0,403.0,8060.0,2024-05-26
2024052603014562,BFC,49,20,621.0,403.0,250263.0,2024-05-26
2024052603014561,BFC,49,38,27.0,402.9,10878.3,2024-05-26
2024052601037771,ILI,36,21,500.0,560.0,280000.0,2024-05-26
2024052604012510,CGH,49,42,17.0,877.0,14909.0,2024-05-26
2024052604012509,MEN,42,42,10.0,584.0,5840.0,2024-05-26
2024052603014560,LBBL,35,70,30.0,384.0,11520.0,2024-05-26
2024052603014559,LBBL,22,70,10.0,385.0,3850.0,2024-05-26
2024052604012508,RIDI,16,44,1014.0,181.0,183534.0,2024-05-26
2024052604012507,RIDI,29,44,50.0,181.0,9050.0,2024-05-26
2024052604012506,RIDI,22,44,100.0,181.0,18100.0,2024-05-26
2024052604012505,RIDI,49,44,140.0,181.0,25340.0,2024-05-26
2024052604012504,RIDI,34,44,100.0,181.0,18100.0,2024-05-26
2024052604012503,RIDI,25,44,616.0,181.0,111496.0,2024-05-26
2024052604012502,RIDI,48,44,1000.0,181.2,181200.0,2024-05-26
2024052604012501,RIDI,55,44,200.0,182.0,36400.0,2024-05-26
2024052604012500,RIDI,49,44,20.0,182.0,3640.0,2024-05-26
2024052604012499,RIDI,13,44,100.0,182.0,18200.0,2024-05-26
2024052604012498,RIDI,42,44,10.0,182.0,1820.0,2024-05-26
2024052604012497,RIDI,42,44,100.0,182.0,18200.0,2024-05-26
2024052604012496,RIDI,58,44,30.0,182.0,5460.0,2024-05-26
2024052604012495,RIDI,41,44,200.0,182.1,36420.0,2024-05-26
2024052604012494,RIDI,81,44,1320.0,182.1,240372.0,2024-05-26
2024052604012493,RURU,18,56,100.0,598.9,59890.0,2024-05-26
2024052601037770,GVL,43,38,10.0,430.3,4303.0,2024-05-26
2024052603014558,PMLI,26,46,155.0,505.0,78275.0,2024-05-26
2024052603014557,PMLI,42,46,200.0,505.0,101000.0,2024-05-26
2024052603014556,PMLI,22,46,50.0,505.0,25250.0,2024-05-26
2024052603014555,PMLI,42,46,30.0,505.0,15150.0,2024-05-26
2024052603014554,PMLI,41,46,40.0,505.0,20200.0,2024-05-26
2024052603014553,PMLI,41,46,200.0,505.0,101000.0,2024-05-26
2024052603014552,PMLI,48,46,50.0,505.0,25250.0,2024-05-26
2024052603014551,PMLI,44,46,25.0,505.0,12625.0,2024-05-26
2024052603014550,PMLI,57,46,90.0,505.2,45468.0,2024-05-26
2024052603014549,PMLI,50,46,100.0,505.3,50530.0,2024-05-26
2024052603014548,PMLI,44,46,40.0,505.3,20212.0,2024-05-26
2024052603014547,PMLI,6,46,20.0,505.4,10108.0,2024-05-26
2024052601037769,NRM,32,54,10.0,362.0,3620.0,2024-05-26
2024052604012492,KKHC,21,11,10.0,224.0,2240.0,2024-05-26
2024052604012491,SPIL,21,59,91.0,789.9,71880.9,2024-05-26
2024052604012490,SPIL,21,41,90.0,789.9,71091.0,2024-05-26
2024052603014546,GRDBL,26,36,100.0,432.0,43200.0,2024-05-26
2024052601037768,BHPL,35,42,24.0,570.0,13680.0,2024-05-26
2024052601037767,BHPL,35,45,10.0,570.0,5700.0,2024-05-26
2024052601037766,BHPL,35,66,50.0,570.0,28500.0,2024-05-26
2024052601037765,BHPL,35,5,200.0,569.9,113980.0,2024-05-26
2024052601037764,BHPL,35,45,10.0,569.0,5690.0,2024-05-26
2024052601037763,BHPL,35,66,31.0,568.1,17611.1,2024-05-26
2024052601037762,BHPL,35,58,100.0,568.0,56800.0,2024-05-26
2024052601037761,BHPL,35,6,100.0,568.0,56800.0,2024-05-26
2024052601037760,BHPL,35,5,175.0,567.7,99347.5,2024-05-26
2024052601037759,GCIL,42,35,252.0,492.0,123984.0,2024-05-26
2024052605004958,HRL,42,58,10.0,584.6,5846.0,2024-05-26
2024052604012489,SALICO,33,7,93.0,701.5,65239.5,2024-05-26
2024052601037758,DOLTI,71,38,10.0,409.0,4090.0,2024-05-26
2024052601037757,BNHC,41,58,10.0,605.3,6053.0,2024-05-26
2024052603014545,PFL,47,41,15.0,655.0,9825.0,2024-05-26
2024052601037756,DLBS,29,81,48.0,1251.1,60052.8,2024-05-26
2024052601037755,SAHAS,35,17,59.0,533.0,31447.0,2024-05-26
2024052601037754,SAHAS,35,17,140.0,533.1,74634.0,2024-05-26
2024052601037753,SAHAS,50,17,40.0,534.0,21360.0,2024-05-26
2024052601037752,SAHAS,55,17,11.0,534.0,5874.0,2024-05-26
2024052603014544,MNBBL,41,5,922.0,353.7,326111.4,2024-05-26
2024052604012488,TRH,57,49,20.0,769.6,15392.0,2024-05-26
2024052601037751,GCIL,18,35,300.0,492.0,147600.0,2024-05-26
2024052601037750,KBL,1,47,500.0,150.0,75000.0,2024-05-26
2024052603014543,GMFBS,35,29,10.0,1226.0,12260.0,2024-05-26
2024052603014542,FMDBL,58,38,200.0,718.9,143780.0,2024-05-26
2024052603014541,FMDBL,58,38,100.0,719.0,71900.0,2024-05-26
2024052603014540,FMDBL,58,38,28.0,722.0,20216.0,2024-05-26
2024052603014539,FMDBL,58,38,160.0,724.4,115904.0,2024-05-26
2024052603014538,NFS,64,38,5.0,499.8,2499.0,2024-05-26
2024052603014537,SIFC,38,77,500.0,415.0,207500.0,2024-05-26
2024052603014536,MFIL,45,34,10.0,509.0,5090.0,2024-05-26
2024052601037749,KBL,45,26,59.0,150.5,8879.5,2024-05-26
2024052601037748,KBL,45,58,20.0,150.5,3010.0,2024-05-26
2024052601037747,KBL,45,48,171.0,150.5,25735.5,2024-05-26
2024052601037746,NICA,34,49,235.0,435.0,102225.0,2024-05-26
2024052601037745,NICA,57,49,50.0,435.0,21750.0,2024-05-26
2024052601037744,NICA,17,49,50.0,435.0,21750.0,2024-05-26
2024052601037743,NICA,40,49,100.0,435.1,43510.0,2024-05-26
2024052601037742,NICA,14,49,35.0,435.1,15228.5,2024-05-26
2024052603014535,NABBC,63,45,205.0,570.0,116850.0,2024-05-26
2024052603014534,NABBC,63,71,10.0,570.0,5700.0,2024-05-26
2024052603014533,NABBC,63,38,140.0,570.0,79800.0,2024-05-26
2024052603014532,NABBC,63,74,145.0,569.1,82519.5,2024-05-26
2024052603014531,NABBC,63,61,500.0,569.0,284500.0,2024-05-26
2024052604012487,AHPC,35,16,10.0,164.5,1645.0,2024-05-26
2024052601037741,PRVU,22,48,50.0,153.9,7695.0,2024-05-26
2024052604012486,SSHL,7,22,1000.0,167.0,167000.0,2024-05-26
2024052604012485,SSHL,59,22,148.0,167.1,24730.8,2024-05-26
2024052601037740,GCIL,22,35,48.0,492.0,23616.0,2024-05-26
2024052601037739,GCIL,22,45,11.0,492.0,5412.0,2024-05-26
2024052601037738,GCIL,22,56,11.0,492.0,5412.0,2024-05-26
2024052601037737,ILI,22,21,200.0,560.0,112000.0,2024-05-26
2024052601037736,NABIL,7,52,100.0,519.0,51900.0,2024-05-26
2024052601037735,ILI,17,21,20.0,560.0,11200.0,2024-05-26
2024052605004957,NIFRA,28,17,19.0,201.5,3828.5,2024-05-26
2024052604012484,SHEL,14,45,10.0,164.5,1645.0,2024-05-26
2024052601037734,CZBIL,14,59,50.0,176.9,8845.0,2024-05-26
2024052601037733,SIKLES,14,57,111.0,533.0,59163.0,2024-05-26
2024052601037732,SIKLES,14,6,10.0,530.4,5304.0,2024-05-26
2024052601037731,SIKLES,14,5,400.0,530.0,212000.0,2024-05-26
2024052601037730,SIKLES,14,58,200.0,530.0,106000.0,2024-05-26
2024052601037729,SIKLES,14,4,200.0,530.0,106000.0,2024-05-26
2024052601037728,SIKLES,14,5,10.0,530.0,5300.0,2024-05-26
2024052601037727,SIKLES,14,49,10.0,530.0,5300.0,2024-05-26
2024052601037726,SIKLES,14,57,10.0,530.0,5300.0,2024-05-26
2024052601037725,SIKLES,14,35,10.0,530.0,5300.0,2024-05-26
2024052601037724,SIKLES,14,62,10.0,528.8,5288.0,2024-05-26
2024052601037723,SIKLES,14,46,29.0,528.0,15312.0,2024-05-26
2024052604012483,UMRH,58,43,10.0,363.0,3630.0,2024-05-26
2024052601037722,NYADI,66,58,10.0,288.0,2880.0,2024-05-26
2024052604012482,RIDI,81,38,200.0,182.1,36420.0,2024-05-26
2024052601037721,SANIMA,28,58,83.0,264.0,21912.0,2024-05-26
2024052601037720,SANIMA,28,48,100.0,264.0,26400.0,2024-05-26
2024052601037719,SANIMA,28,34,500.0,264.0,132000.0,2024-05-26
2024052601037718,SANIMA,28,32,310.0,264.0,81840.0,2024-05-26
2024052601037717,SANIMA,28,62,168.0,264.0,44352.0,2024-05-26
2024052601037716,SANIMA,28,7,200.0,263.9,52780.0,2024-05-26
2024052601037715,SANIMA,28,57,86.0,263.0,22618.0,2024-05-26
2024052603014530,NLIC,17,52,81.0,607.3,49191.3,2024-05-26
2024052601037714,SPHL,25,45,100.0,481.2,48120.0,2024-05-26
2024052603014529,NMFBS,58,25,10.0,1325.2,13252.0,2024-05-26
2024052603014528,NMFBS,81,25,90.0,1325.3,119277.0,2024-05-26
2024052601037713,ILI,25,21,10.0,560.0,5600.0,2024-05-26
2024052604012481,SSHL,59,34,352.0,167.1,58819.2,2024-05-26
2024052604012480,SSHL,49,34,583.0,167.1,97419.3,2024-05-26
2024052601037712,ILI,49,21,52.0,560.0,29120.0,2024-05-26
2024052603014527,NMLBBL,42,48,100.0,751.0,75100.0,2024-05-26
2024052603014526,NMLBBL,52,48,100.0,751.0,75100.0,2024-05-26
2024052603014525,NMLBBL,45,48,102.0,751.0,76602.0,2024-05-26
2024052603014524,NMLBBL,21,48,112.0,751.0,84112.0,2024-05-26
2024052604012479,UPPER,51,22,400.0,165.1,66040.0,2024-05-26
2024052604012478,UPPER,57,22,100.0,165.5,16550.0,2024-05-26
2024052601037711,ILI,42,21,50.0,560.0,28000.0,2024-05-26
2024052604012477,AHPC,7,7,1000.0,164.0,164000.0,2024-05-26
2024052605004956,HRL,56,7,264.0,584.3,154255.2,2024-05-26
2024052605004955,HRL,11,7,100.0,584.5,58450.0,2024-05-26
2024052605004954,HRL,44,7,200.0,584.6,116920.0,2024-05-26
2024052605004953,HRL,49,7,119.0,585.1,69626.9,2024-05-26
2024052604012476,PRIN,66,47,100.0,785.5,78550.0,2024-05-26
2024052604012475,PRIN,66,43,100.0,785.4,78540.0,2024-05-26
2024052604012474,PRIN,66,48,162.0,785.0,127170.0,2024-05-26
2024052604012473,PRIN,66,45,17.0,784.9,13343.3,2024-05-26
2024052601037710,EHPL,41,45,10.0,511.0,5110.0,2024-05-26
2024052601037709,CYCL,45,62,10.0,1482.3,14823.0,2024-05-26
2024052603014523,KMCDB,17,28,32.0,1050.0,33600.0,2024-05-26
2024052603014522,NMLBBL,21,57,88.0,751.0,66088.0,2024-05-26
2024052603014521,NMLBBL,53,57,40.0,752.0,30080.0,2024-05-26
2024052601037708,SCB,4,67,2106.0,588.0,1238328.0,2024-05-26
2024052601037707,SCB,4,39,194.0,587.9,114052.6,2024-05-26
2024052601037706,SCB,4,44,500.0,587.0,293500.0,2024-05-26
2024052601037705,SCB,4,13,200.0,587.0,117400.0,2024-05-26
2024052601037704,PCBL,42,43,142.0,213.0,30246.0,2024-05-26
2024052601037703,PCBL,34,43,55.0,213.0,11715.0,2024-05-26
2024052603014520,FMDBL,58,38,100.0,724.4,72440.0,2024-05-26
2024052603014519,FMDBL,58,49,200.0,724.4,144880.0,2024-05-26
2024052603014518,FMDBL,58,42,10.0,724.4,7244.0,2024-05-26
2024052603014517,FMDBL,58,43,165.0,724.0,119460.0,2024-05-26
2024052603014516,FMDBL,58,45,235.0,723.0,169905.0,2024-05-26
2024052603014515,FMDBL,58,57,130.0,722.9,93977.0,2024-05-26
2024052601037702,RHGCL,74,29,40.0,351.8,14072.0,2024-05-26
2024052604012472,SPIL,42,29,10.0,783.6,7836.0,2024-05-26
2024052601037701,ILI,46,21,100.0,560.0,56000.0,2024-05-26
2024052601037700,EBL,28,39,32.0,546.9,17500.8,2024-05-26
2024052601037699,RHGCL,74,8,60.0,351.8,21108.0,2024-05-26
2024052603014514,SIFC,25,77,300.0,415.0,124500.0,2024-05-26
2024052601037698,DOLTI,45,38,100.0,409.0,40900.0,2024-05-26
2024052603014513,PMLI,6,45,80.0,505.4,40432.0,2024-05-26
2024052603014512,PMLI,22,45,20.0,505.5,10110.0,2024-05-26
2024052603014511,NMLBBL,45,41,39.0,755.0,29445.0,2024-05-26
2024052603014510,NMLBBL,45,42,100.0,755.0,75500.0,2024-05-26
2024052603014509,NMLBBL,45,45,55.0,754.0,41470.0,2024-05-26
2024052604012471,GLH,51,29,75.0,211.7,15877.5,2024-05-26
2024052601037697,ILI,42,21,10.0,560.0,5600.0,2024-05-26
2024052601037696,ILI,51,21,20.0,560.0,11200.0,2024-05-26
2024052601037695,ILI,58,21,100.0,560.0,56000.0,2024-05-26
2024052601037694,ILI,45,21,10.0,560.0,5600.0,2024-05-26
2024052601037693,ILI,3,21,100.0,560.0,56000.0,2024-05-26
2024052601037692,ILI,26,21,10.0,560.0,5600.0,2024-05-26
2024052604012470,AKJCL,34,11,10.0,206.0,2060.0,2024-05-26
2024052601037691,ILI,85,21,50.0,560.0,28000.0,2024-05-26
2024052601037690,ILI,49,21,30.0,560.0,16800.0,2024-05-26
2024052601037689,ILI,42,21,50.0,560.0,28000.0,2024-05-26
2024052603014508,HLI,21,50,100.0,401.0,40100.0,2024-05-26
2024052601037688,ILI,38,21,10.0,560.0,5600.0,2024-05-26
2024052601037687,ILI,41,21,100.0,560.0,56000.0,2024-05-26
2024052601037686,ILI,57,21,22.0,560.0,12320.0,2024-05-26
2024052601037685,ILI,26,21,45.0,560.0,25200.0,2024-05-26
2024052603014507,ALBSL,43,34,100.0,946.2,94620.0,2024-05-26
2024052601037684,DORDI,49,49,90.0,412.1,37089.0,2024-05-26
2024052601037683,BHPL,35,5,25.0,567.7,14192.5,2024-05-26
2024052601037682,BHPL,35,58,45.0,567.0,25515.0,2024-05-26
2024052601037681,BHPL,35,45,100.0,567.0,56700.0,2024-05-26
2024052601037680,BHPL,35,32,50.0,566.0,28300.0,2024-05-26
2024052601037679,BHPL,35,40,10.0,565.0,5650.0,2024-05-26
2024052601037678,BHPL,35,57,50.0,565.0,28250.0,2024-05-26
2024052601037677,BHPL,35,29,50.0,563.0,28150.0,2024-05-26
2024052601037676,BHPL,35,38,50.0,562.0,28100.0,2024-05-26
2024052601037675,BHPL,35,41,10.0,562.0,5620.0,2024-05-26
2024052601037674,BHPL,35,42,20.0,561.0,11220.0,2024-05-26
2024052601037673,BHPL,35,35,290.0,560.0,162400.0,2024-05-26
2024052605004952,SMATA,65,32,13.0,949.0,12337.0,2024-05-26
2024052605004951,SMATA,65,38,35.0,947.0,33145.0,2024-05-26
2024052605004950,SMATA,65,52,25.0,945.0,23625.0,2024-05-26
2024052605004949,SMATA,65,28,27.0,945.0,25515.0,2024-05-26
2024052605004948,SMATA,65,17,19.0,943.0,17917.0,2024-05-26
2024052605004947,SMATA,65,32,50.0,940.0,47000.0,2024-05-26
2024052605004946,SMATA,65,34,21.0,940.0,19740.0,2024-05-26
2024052605004945,SMATA,65,43,50.0,938.4,46920.0,2024-05-26
2024052605004944,SMATA,65,6,10.0,935.5,9355.0,2024-05-26
2024052604012469,CGH,49,50,20.0,877.0,17540.0,2024-05-26
2024052604012468,CHCL,62,71,70.0,449.0,31430.0,2024-05-26
2024052603014506,SIFC,33,62,10.0,414.5,4145.0,2024-05-26
2024052603014505,BFC,4,38,10.0,402.9,4029.0,2024-05-26
2024052603014504,CBBL,51,29,33.0,853.1,28152.3,2024-05-26
2024052603014503,GUFL,58,1,170.0,668.0,113560.0,2024-05-26
2024052603014502,GUFL,38,1,120.0,669.0,80280.0,2024-05-26
2024052605004943,HRL,49,38,10.0,585.1,5851.0,2024-05-26
2024052604012467,HDHPC,39,52,3444.0,132.0,454608.0,2024-05-26
2024052604012466,HDHPC,17,52,160.0,132.0,21120.0,2024-05-26
2024052604012465,HDHPC,38,52,251.0,132.0,33132.0,2024-05-26
2024052604012464,HDHPC,46,52,378.0,132.2,49971.6,2024-05-26
2024052604012463,HDHPC,58,52,2500.0,132.2,330500.0,2024-05-26
2024052604012462,HDHPC,36,52,500.0,132.2,66100.0,2024-05-26
2024052604012461,HDHPC,54,52,505.0,132.3,66811.5,2024-05-26
2024052604012460,HDHPC,16,52,300.0,132.3,39690.0,2024-05-26
2024052604012459,HDHPC,19,52,46.0,132.3,6085.8,2024-05-26
2024052601037672,GVL,43,55,10.0,430.3,4303.0,2024-05-26
2024052601037671,LSL,55,34,258.0,170.0,43860.0,2024-05-26
2024052601037670,LSL,55,34,201.0,170.0,34170.0,2024-05-26
2024052601037669,LSL,55,62,125.0,169.9,21237.5,2024-05-26
2024052601037668,LSL,55,58,200.0,169.8,33960.0,2024-05-26
2024052601037667,LSL,55,52,354.0,169.0,59826.0,2024-05-26
2024052601037666,NICA,58,36,25.0,435.4,10885.0,2024-05-26
2024052603014501,HLBSL,45,45,100.0,1200.0,120000.0,2024-05-26
2024052603014500,EDBL,66,34,100.0,389.1,38910.0,2024-05-26
2024052603014499,EDBL,91,34,257.0,389.1,99998.7,2024-05-26
2024052601037665,NICA,14,49,20.0,435.1,8702.0,2024-05-26
2024052601037664,ILI,26,49,10.0,560.0,5600.0,2024-05-26
2024052604012458,AKJCL,32,49,60.0,205.5,12330.0,2024-05-26
2024052601037663,DOLTI,45,48,200.0,408.1,81620.0,2024-05-26
2024052601037662,MKJC,47,35,50.0,456.0,22800.0,2024-05-26
2024052601037661,PRVU,61,44,68.0,153.5,10438.0,2024-05-26
2024052603014498,ALBSL,43,42,200.0,946.2,189240.0,2024-05-26
2024052603014497,ALBSL,25,42,50.0,946.3,47315.0,2024-05-26
2024052601037660,RNLI,65,14,200.0,438.1,87620.0,2024-05-26
2024052604012457,RHPL,13,28,200.0,272.5,54500.0,2024-05-26
2024052603014496,MPFL,71,4,45.0,441.0,19845.0,2024-05-26
2024052603014495,RLFL,42,4,400.0,402.0,160800.0,2024-05-26
2024052603014494,RLFL,42,37,50.0,402.0,20100.0,2024-05-26
2024052603014493,RLFL,42,16,50.0,401.4,20070.0,2024-05-26
2024052601037659,NRM,50,74,965.0,361.0,348365.0,2024-05-26
2024052601037658,NRM,35,74,25.0,361.0,9025.0,2024-05-26
2024052601037657,NRM,17,74,120.0,361.0,43320.0,2024-05-26
2024052601037656,NRM,17,74,80.0,361.0,28880.0,2024-05-26
2024052601037655,NRM,25,74,10.0,361.1,3611.0,2024-05-26
2024052601037654,NRM,11,74,260.0,361.1,93886.0,2024-05-26
2024052601037653,NRM,35,74,40.0,361.2,14448.0,2024-05-26
2024052601037652,SRLI,32,43,129.0,444.0,57276.0,2024-05-26
2024052601037651,SRLI,32,43,281.0,444.1,124792.1,2024-05-26
2024052601037650,SRLI,42,43,20.0,444.2,8884.0,2024-05-26
2024052601037649,SRLI,49,43,940.0,444.5,417830.0,2024-05-26
2024052603014492,JBBL,32,46,1000.0,293.9,293900.0,2024-05-26
2024052603014491,JBBL,42,46,171.0,293.9,50256.9,2024-05-26
2024052603014490,JBBL,35,46,300.0,294.0,88200.0,2024-05-26
2024052603014489,JBBL,41,46,100.0,294.0,29400.0,2024-05-26
2024052603014488,NMBMF,45,32,20.0,663.0,13260.0,2024-05-26
2024052601037648,CKHL,33,58,10.0,545.6,5456.0,2024-05-26
2024052601037647,NBL,57,58,94.0,227.0,21338.0,2024-05-26
2024052601037646,NBL,52,58,50.0,227.0,11350.0,2024-05-26
2024052601037645,NBL,57,58,10.0,227.0,2270.0,2024-05-26
2024052601037644,EBL,14,11,10.0,546.0,5460.0,2024-05-26
2024052603014487,MDB,45,53,10.0,480.7,4807.0,2024-05-26
2024052603014486,NMLBBL,53,58,10.0,752.0,7520.0,2024-05-26
2024052603014485,SIFC,18,77,20.0,415.0,8300.0,2024-05-26
2024052603014484,SIFC,50,77,200.0,415.0,83000.0,2024-05-26
2024052603014483,SIFC,57,77,1000.0,415.0,415000.0,2024-05-26
2024052603014482,SIFC,38,77,970.0,415.1,402647.0,2024-05-26
2024052604012456,NICL,34,57,10.0,856.0,8560.0,2024-05-26
2024052604012455,CGH,34,63,50.0,879.0,43950.0,2024-05-26
2024052601037643,SONA,48,13,190.0,453.0,86070.0,2024-05-26
2024052601037642,SONA,48,46,10.0,452.4,4524.0,2024-05-26
2024052603014481,EDBL,36,36,30.0,389.5,11685.0,2024-05-26
2024052603014480,EDBL,36,26,70.0,389.5,27265.0,2024-05-26
2024052601037641,ILI,17,36,12.0,560.6,6727.2,2024-05-26
2024052601037640,DOLTI,39,38,150.0,409.0,61350.0,2024-05-26
2024052601037639,MCHL,37,39,465.0,374.0,173910.0,2024-05-26
2024052601037638,MCHL,38,39,35.0,375.0,13125.0,2024-05-26
2024052603014479,HLI,88,91,200.0,400.7,80140.0,2024-05-26
2024052603014478,SLBBL,67,3,40.0,765.0,30600.0,2024-05-26
2024052604012454,UPPER,21,35,50.0,165.5,8275.0,2024-05-26
2024052601037637,BHPL,35,35,510.0,560.0,285600.0,2024-05-26
2024052601037636,BHPL,35,40,10.0,560.0,5600.0,2024-05-26
2024052601037635,BHPL,35,32,10.0,560.0,5600.0,2024-05-26
2024052601037634,BHPL,35,56,10.0,560.0,5600.0,2024-05-26
2024052601037633,BHPL,35,35,50.0,556.3,27815.0,2024-05-26
2024052601037632,BHPL,35,45,100.0,556.0,55600.0,2024-05-26
2024052601037631,BHPL,35,38,10.0,551.0,5510.0,2024-05-26
2024052601037630,NMB,45,22,100.0,211.6,21160.0,2024-05-26
2024052604012453,AHPC,7,45,211.0,164.0,34604.0,2024-05-26
2024052601037629,CITY,45,19,70.0,669.0,46830.0,2024-05-26
2024052603014477,NLICL,44,41,10.0,558.7,5587.0,2024-05-26
2024052601037628,CITY,45,4,30.0,669.0,20070.0,2024-05-26
2024052601037627,ILI,42,19,30.0,560.7,16821.0,2024-05-26
2024052601037626,ILI,42,45,100.0,560.6,56060.0,2024-05-26
2024052601037625,ILI,42,25,60.0,560.5,33630.0,2024-05-26
2024052601037624,ILI,42,58,10.0,560.4,5604.0,2024-05-26
2024052603014476,NMLBBL,1,58,40.0,752.0,30080.0,2024-05-26
2024052603014475,NMLBBL,1,52,10.0,752.0,7520.0,2024-05-26
2024052601037623,NYADI,66,1,10.0,288.0,2880.0,2024-05-26
2024052604012452,JOSHI,29,81,10.0,303.9,3039.0,2024-05-26
2024052603014474,PFL,47,52,115.0,655.0,75325.0,2024-05-26
2024052603014473,PFL,56,52,15.0,655.0,9825.0,2024-05-26
2024052603014472,PFL,1,52,10.0,655.0,6550.0,2024-05-26
2024052603014471,PFL,20,52,400.0,655.0,262000.0,2024-05-26
2024052603014470,PFL,62,52,300.0,655.0,196500.0,2024-05-26
2024052605004942,SFEF,4,52,8608.0,8.15,70155.2,2024-05-26
2024052605004941,SFEF,33,52,1150.0,8.16,9384.0,2024-05-26
2024052605004940,SFEF,22,52,200.0,8.2,1640.0,2024-05-26
2024052603014469,USLB,75,33,10.0,2157.0,21570.0,2024-05-26
2024052601037622,MKJC,47,58,10.0,456.0,4560.0,2024-05-26
2024052603014468,GBLBS,45,35,42.0,750.0,31500.0,2024-05-26
2024052601037621,MBL,74,45,500.0,187.7,93850.0,2024-05-26
2024052603014467,ILBS,48,58,19.0,1376.0,26144.0,2024-05-26
2024052603014466,RLFL,4,56,419.0,400.1,167641.9,2024-05-26
2024052603014465,SFCL,49,21,80.0,340.0,27200.0,2024-05-26
2024052603014464,SFCL,49,4,20.0,340.0,6800.0,2024-05-26
2024052603014463,MFIL,34,34,100.0,509.0,50900.0,2024-05-26
2024052601037620,ILI,48,25,70.0,560.5,39235.0,2024-05-26
2024052601037619,ILI,48,56,10.0,560.5,5605.0,2024-05-26
2024052601037618,USHEC,91,48,500.0,381.3,190650.0,2024-05-26
2024052603014462,GLBSL,22,34,10.0,1875.0,18750.0,2024-05-26
2024052601037617,SARBTM,39,5,65.0,805.0,52325.0,2024-05-26
2024052601037616,CITY,34,38,31.0,669.9,20766.9,2024-05-26
2024052601037615,CITY,34,20,150.0,669.9,100485.0,2024-05-26
2024052601037614,CITY,34,5,28.0,669.9,18757.2,2024-05-26
2024052601037613,CITY,34,48,10.0,669.0,6690.0,2024-05-26
2024052601037612,CITY,34,35,10.0,669.0,6690.0,2024-05-26
2024052601037611,CITY,34,52,50.0,669.0,33450.0,2024-05-26
2024052601037610,CITY,34,21,10.0,669.0,6690.0,2024-05-26
2024052601037609,CITY,34,34,10.0,669.0,6690.0,2024-05-26
2024052601037608,CITY,34,42,11.0,669.0,7359.0,2024-05-26
2024052601037607,CITY,34,42,30.0,668.8,20064.0,2024-05-26
2024052601037606,CITY,34,11,100.0,668.0,66800.0,2024-05-26
2024052601037605,MBJC,17,3,230.0,304.0,69920.0,2024-05-26
2024052601037604,PRVU,84,44,100.0,153.5,15350.0,2024-05-26
2024052601037603,PRVU,8,44,29.0,153.5,4451.5,2024-05-26
2024052601037602,PRVU,35,44,303.0,153.5,46510.5,2024-05-26
2024052603014461,PROFL,57,44,100.0,337.0,33700.0,2024-05-26
2024052603014460,PROFL,34,44,700.0,337.0,235900.0,2024-05-26
2024052601037601,MKCL,32,38,55.0,868.3,47756.5,2024-05-26
2024052601037600,MKCL,57,38,40.0,869.0,34760.0,2024-05-26
2024052601037599,ADBL,26,55,100.0,277.5,27750.0,2024-05-26
2024052604012451,AKPL,53,55,100.0,172.4,17240.0,2024-05-26
2024052601037598,UHEWA,47,52,10.0,390.0,3900.0,2024-05-26
2024052601037597,TVCL,1,37,200.0,442.1,88420.0,2024-05-26
2024052604012450,GHL,59,45,500.0,148.2,74100.0,2024-05-26
2024052604012449,GHL,44,45,1000.0,148.2,148200.0,2024-05-26
2024052604012448,GHL,41,45,390.0,148.7,57993.0,2024-05-26
2024052601037596,NRM,35,45,110.0,361.2,39732.0,2024-05-26
2024052601037595,NRM,34,45,40.0,361.5,14460.0,2024-05-26
2024052601037594,NESDO,4,58,50.0,1867.1,93355.0,2024-05-26
2024052603014459,GUFL,38,45,130.0,669.0,86970.0,2024-05-26
2024052601037593,KBL,1,56,35.0,150.0,5250.0,2024-05-26
2024052603014458,GFCL,58,58,10.0,462.9,4629.0,2024-05-26
2024052601037592,PRVU,35,36,337.0,153.5,51729.5,2024-05-26
2024052601037591,PRVU,46,36,163.0,153.5,25020.5,2024-05-26
2024052603014457,GILB,34,77,10.0,1184.0,11840.0,2024-05-26
2024052605004939,NRN,33,61,250.0,548.0,137000.0,2024-05-26
2024052603014456,NLIC,22,53,50.0,607.5,30375.0,2024-05-26
2024052605004938,NRIC,35,19,14.0,668.0,9352.0,2024-05-26
2024052605004937,NRIC,58,19,86.0,669.0,57534.0,2024-05-26
2024052601037590,MEHL,86,95,10.0,311.0,3110.0,2024-05-26
2024052604012447,CGH,49,57,13.0,877.0,11401.0,2024-05-26
2024052604012446,CGH,32,57,50.0,877.0,43850.0,2024-05-26
2024052604012445,CGH,34,57,87.0,877.0,76299.0,2024-05-26
2024052603014455,GFCL,52,13,10.0,461.0,4610.0,2024-05-26
2024052604012444,NHPC,4,55,452.0,147.0,66444.0,2024-05-26
2024052604012443,NHPC,4,42,39.0,147.0,5733.0,2024-05-26
2024052604012442,NHPC,4,36,77.0,147.0,11319.0,2024-05-26
2024052604012441,JOSHI,55,38,35.0,302.0,10570.0,2024-05-26
2024052604012440,JOSHI,55,38,20.0,303.0,6060.0,2024-05-26
2024052604012439,JOSHI,44,38,50.0,303.0,15150.0,2024-05-26
2024052601037589,HDL,36,53,84.0,1323.0,111132.0,2024-05-26
2024052601037588,HDL,32,53,16.0,1323.0,21168.0,2024-05-26
2024052603014454,MNBBL,41,45,78.0,353.7,27588.6,2024-05-26
2024052603014453,NADEP,48,89,10.0,793.0,7930.0,2024-05-26
2024052604012438,NGPL,75,58,183.0,302.3,55320.9,2024-05-26
2024052603014452,NMLBBL,36,65,92.0,751.0,69092.0,2024-05-26
2024052605004936,NRN,33,34,310.0,548.0,169880.0,2024-05-26
2024052605004935,NRN,58,34,190.0,548.0,104120.0,2024-05-26
2024052601037587,KBL,50,43,200.0,150.4,30080.0,2024-05-26
2024052601037586,SHIVM,50,49,58.0,509.0,29522.0,2024-05-26
2024052603014451,HLI,88,7,40.0,400.7,16028.0,2024-05-26
2024052601037585,ILI,16,6,100.0,560.3,56030.0,2024-05-26
2024052601037584,HBL,41,46,200.0,198.0,39600.0,2024-05-26
2024052604012437,RIDI,32,5,45.0,182.5,8212.5,2024-05-26
2024052603014450,SADBL,14,32,10.0,318.8,3188.0,2024-05-26
2024052603014449,KSBBL,44,39,10.0,381.0,3810.0,2024-05-26
2024052603014448,NABBC,54,61,20.0,569.0,11380.0,2024-05-26
2024052601037583,SANIMA,8,47,200.0,262.5,52500.0,2024-05-26
2024052604012436,SHL,1,32,200.0,457.0,91400.0,2024-05-26
2024052604012435,SHL,1,16,200.0,457.0,91400.0,2024-05-26
2024052604012434,SHL,1,56,100.0,456.8,45680.0,2024-05-26
2024052604012433,RURU,32,1,546.0,596.5,325689.0,2024-05-26
2024052603014447,NFS,21,94,300.0,506.1,151830.0,2024-05-26
2024052603014446,SIFC,38,29,530.0,415.1,220003.0,2024-05-26
2024052603014445,SIFC,50,29,50.0,415.2,20760.0,2024-05-26
2024052603014444,SIFC,43,29,100.0,415.5,41550.0,2024-05-26
2024052603014443,SIFC,17,29,20.0,415.6,8312.0,2024-05-26
2024052604012432,RIDI,32,35,10.0,182.5,1825.0,2024-05-26
2024052604012431,RIDI,32,57,100.0,182.5,18250.0,2024-05-26
2024052604012430,RIDI,32,21,208.0,182.5,37960.0,2024-05-26
2024052604012429,RIDI,32,88,100.0,182.5,18250.0,2024-05-26
2024052604012428,RIDI,32,39,500.0,182.5,91250.0,2024-05-26
2024052604012427,RIDI,32,84,42.0,182.5,7665.0,2024-05-26
2024052601037582,TAMOR,56,52,10.0,377.0,3770.0,2024-05-26
2024052601037581,SPC,51,33,15.0,514.0,7710.0,2024-05-26
2024052601037580,NESDO,49,6,30.0,1876.0,56280.0,2024-05-26
2024052603014442,KSBBL,42,48,200.0,380.0,76000.0,2024-05-26
2024052603014441,KSBBL,3,48,100.0,380.1,38010.0,2024-05-26
2024052603014440,GBBL,55,22,21.0,368.0,7728.0,2024-05-26
2024052604012426,RURU,32,6,50.0,596.5,29825.0,2024-05-26
2024052604012425,NICL,55,17,28.0,855.0,23940.0,2024-05-26
2024052604012424,NICL,55,17,175.0,855.0,149625.0,2024-05-26
2024052604012423,NICL,55,17,75.0,855.0,64125.0,2024-05-26
2024052603014439,MERO,58,13,40.0,687.0,27480.0,2024-05-26
2024052603014438,MERO,42,13,10.0,688.0,6880.0,2024-05-26
2024052603014437,ICFC,6,29,90.0,511.2,46008.0,2024-05-26
2024052601037579,SBL,42,8,100.0,266.6,26660.0,2024-05-26
2024052605004934,HRL,49,25,100.0,585.1,58510.0,2024-05-26
2024052601037578,BGWT,10,57,10.0,683.0,6830.0,2024-05-26
2024052603014436,HLI,88,21,1000.0,400.7,400700.0,2024-05-26
2024052604012422,UMHL,26,75,100.0,234.0,23400.0,2024-05-26
2024052601037577,ILI,51,49,10.0,560.5,5605.0,2024-05-26
2024052601037576,ILI,51,57,19.0,560.5,10649.5,2024-05-26
2024052601037575,ILI,51,58,10.0,560.4,5604.0,2024-05-26
2024052601037574,ILI,51,58,10.0,560.4,5604.0,2024-05-26
2024052601037573,SANIMA,8,49,120.0,262.5,31500.0,2024-05-26
2024052601037572,SHIVM,59,49,182.0,509.0,92638.0,2024-05-26
2024052601037571,SHIVM,13,49,100.0,509.2,50920.0,2024-05-26
2024052601037570,SNLI,41,49,10.0,475.4,4754.0,2024-05-26
2024052601037569,NABIL,41,36,30.0,518.0,15540.0,2024-05-26
2024052601037568,NABIL,53,36,70.0,518.0,36260.0,2024-05-26
2024052604012421,SGIC,36,22,95.0,550.0,52250.0,2024-05-26
2024052604012420,SGIC,36,35,30.0,550.0,16500.0,2024-05-26
2024052604012419,SGIC,36,43,30.0,550.0,16500.0,2024-05-26
2024052604012418,SGIC,36,45,20.0,549.0,10980.0,2024-05-26
2024052604012417,SGIC,36,17,125.0,548.0,68500.0,2024-05-26
2024052603014435,FMDBL,58,43,835.0,724.0,604540.0,2024-05-26
2024052603014434,FMDBL,58,49,100.0,724.0,72400.0,2024-05-26
2024052603014433,FMDBL,58,46,20.0,724.0,14480.0,2024-05-26
2024052603014432,FMDBL,58,44,100.0,724.0,72400.0,2024-05-26
2024052603014431,FMDBL,58,7,50.0,724.0,36200.0,2024-05-26
2024052603014430,FMDBL,58,53,143.0,724.0,103532.0,2024-05-26
2024052603014429,FMDBL,58,62,100.0,723.9,72390.0,2024-05-26
2024052603014428,FMDBL,58,62,80.0,723.9,57912.0,2024-05-26
2024052603014427,FMDBL,58,44,500.0,723.0,361500.0,2024-05-26
2024052603014426,FMDBL,58,34,72.0,723.0,52056.0,2024-05-26
2024052601037567,CLI,41,58,10.0,481.0,4810.0,2024-05-26
2024052601037566,CLI,41,44,50.0,481.0,24050.0,2024-05-26
2024052603014425,JBBL,35,34,100.0,294.0,29400.0,2024-05-26
2024052603014424,JBBL,13,34,199.0,294.1,58525.9,2024-05-26
2024052603014423,SKBBL,66,19,1000.0,825.2,825200.0,2024-05-26
2024052604012416,NICL,55,4,200.0,855.0,171000.0,2024-05-26
2024052604012415,NICL,55,4,200.0,855.0,171000.0,2024-05-26
2024052601037565,VLUCL,42,29,10.0,486.9,4869.0,2024-05-26
2024052605004933,NRIC,58,52,14.0,669.0,9366.0,2024-05-26
2024052605004932,NRIC,58,52,50.0,669.5,33475.0,2024-05-26
2024052604012414,NGPL,75,11,227.0,302.3,68622.1,2024-05-26
2024052603014422,KRBL,58,39,100.0,425.0,42500.0,2024-05-26
2024052604012413,RIDI,58,84,20.0,182.5,3650.0,2024-05-26
2024052601037564,SONA,25,72,280.0,452.3,126644.0,2024-05-26
2024052601037563,SONA,56,72,20.0,452.4,9048.0,2024-05-26
2024052603014421,SWMF,34,7,50.0,827.5,41375.0,2024-05-26
2024052601037562,RAWA,62,42,40.0,497.0,19880.0,2024-05-26
2024052604012412,SGIC,34,17,10.0,548.0,5480.0,2024-05-26
2024052601037561,ILI,26,57,445.0,560.0,249200.0,2024-05-26
2024052601037560,ILI,34,57,55.0,560.0,30800.0,2024-05-26
2024052603014420,WNLB,34,54,30.0,1440.0,43200.0,2024-05-26
2024052604012411,IGI,34,35,10.0,547.9,5479.0,2024-05-26
2024052605004931,HRL,49,4,20.0,585.1,11702.0,2024-05-26
2024052603014419,HLBSL,87,43,200.0,1198.0,239600.0,2024-05-26
2024052601037559,CITY,42,38,30.0,667.0,20010.0,2024-05-26
2024052601037558,CITY,52,38,20.0,667.1,13342.0,2024-05-26
2024052603014418,MPFL,71,38,25.0,441.0,11025.0,2024-05-26
2024052603014417,SABSL,88,42,10.0,980.0,9800.0,2024-05-26
2024052604012410,SHEL,26,28,89.0,164.0,14596.0,2024-05-26
2024052604012409,SHEL,26,28,350.0,164.0,57400.0,2024-05-26
2024052604012408,SHEL,46,28,50.0,164.0,8200.0,2024-05-26
2024052604012407,SHEL,65,28,50.0,164.0,8200.0,2024-05-26
2024052604012406,SHEL,16,28,1000.0,164.1,164100.0,2024-05-26
2024052604012405,SHEL,26,28,300.0,164.4,49320.0,2024-05-26
2024052604012404,SHEL,7,28,10.0,164.5,1645.0,2024-05-26
2024052604012403,SHEL,53,28,151.0,164.5,24839.5,2024-05-26
2024052601037557,DLBS,29,29,10.0,1251.1,12511.0,2024-05-26
2024052601037556,ILI,25,19,10.0,560.7,5607.0,2024-05-26
2024052601037555,ILI,34,16,10.0,560.0,5600.0,2024-05-26
2024052601037554,HBL,34,21,1996.0,196.1,391415.6,2024-05-26
2024052601037553,HBL,58,21,159.0,196.1,31179.9,2024-05-26
2024052601037552,HBL,58,21,100.0,197.0,19700.0,2024-05-26
2024052601037551,HBL,51,21,54.0,197.3,10654.2,2024-05-26
2024052601037550,HBL,16,21,191.0,197.3,37684.3,2024-05-26
2024052601037549,ILI,56,19,20.0,560.7,11214.0,2024-05-26
2024052601037548,ILI,56,51,10.0,560.6,5606.0,2024-05-26
2024052601037547,ILI,56,25,10.0,560.6,5606.0,2024-05-26
2024052601037546,ILI,56,19,20.0,560.4,11208.0,2024-05-26
2024052603014416,NABBC,63,61,480.0,569.0,273120.0,2024-05-26
2024052603014415,NABBC,63,38,20.0,569.0,11380.0,2024-05-26
2024052601037545,PRVU,46,39,507.0,153.5,77824.5,2024-05-26
2024052601037544,NWCL,17,35,10.0,718.0,7180.0,2024-05-26
2024052604012402,IGI,48,35,85.0,546.9,46486.5,2024-05-26
2024052604012401,KKHC,17,11,785.0,224.0,175840.0,2024-05-26
2024052604012400,KKHC,17,26,1000.0,224.0,224000.0,2024-05-26
2024052604012399,KKHC,17,40,15.0,224.0,3360.0,2024-05-26
2024052601037543,NICA,17,32,35.0,435.6,15246.0,2024-05-26
2024052601037542,NICA,17,33,85.0,435.5,37017.5,2024-05-26
2024052601037541,NICA,17,58,50.0,435.5,21775.0,2024-05-26
2024052601037540,NICA,17,38,10.0,435.5,4355.0,2024-05-26
2024052601037539,LSL,17,52,10.0,169.0,1690.0,2024-05-26
2024052604012398,UNHPL,45,50,400.0,228.0,91200.0,2024-05-26
2024052603014414,NMFBS,81,6,10.0,1325.3,13253.0,2024-05-26
2024052604012397,RIDI,81,62,500.0,182.1,91050.0,2024-05-26
2024052603014413,GUFL,38,34,50.0,669.0,33450.0,2024-05-26
2024052604012396,AHPC,42,45,89.0,164.0,14596.0,2024-05-26
2024052604012395,AHPC,42,49,250.0,164.0,41000.0,2024-05-26
2024052604012394,AHPC,42,53,661.0,164.0,108404.0,2024-05-26
2024052603014412,USLB,75,59,10.0,2158.0,21580.0,2024-05-26
2024052604012393,RURU,32,1,200.0,596.5,119300.0,2024-05-26
2024052601037538,SPHL,25,55,20.0,481.2,9624.0,2024-05-26
2024052603014411,GBBL,55,59,150.0,368.0,55200.0,2024-05-26
2024052605004930,HRL,49,56,10.0,585.1,5851.0,2024-05-26
2024052605004929,ENL,45,48,55.0,852.0,46860.0,2024-05-26
2024052601037537,ILI,34,45,35.0,560.0,19600.0,2024-05-26
2024052601037536,ILI,41,45,75.0,560.0,42000.0,2024-05-26
2024052601037535,ILI,49,45,30.0,560.0,16800.0,2024-05-26
2024052601037534,ILI,49,45,40.0,560.0,22400.0,2024-05-26
2024052601037533,ILI,1,45,100.0,560.1,56010.0,2024-05-26
2024052601037532,ILI,38,45,80.0,560.4,44832.0,2024-05-26
2024052601037531,ILI,58,45,140.0,560.5,78470.0,2024-05-26
2024052601037530,NICA,19,49,150.0,435.2,65280.0,2024-05-26
2024052601037529,NICA,58,49,50.0,435.4,21770.0,2024-05-26
2024052601037528,ILI,58,49,40.0,560.5,22420.0,2024-05-26
2024052601037527,MKCL,49,87,50.0,874.0,43700.0,2024-05-26
2024052603014410,EDBL,91,35,38.0,389.1,14785.8,2024-05-26
2024052603014409,EDBL,91,35,92.0,389.1,35797.2,2024-05-26
2024052601037526,MAKAR,74,65,49.0,366.9,17978.1,2024-05-26
2024052604012392,CHL,71,65,38.0,327.0,12426.0,2024-05-26
2024052604012391,CHL,58,65,12.0,327.0,3924.0,2024-05-26
2024052604012390,CHL,33,65,150.0,327.1,49065.0,2024-05-26
2024052601037525,AVYAN,17,22,20.0,833.0,16660.0,2024-05-26
2024052601037524,AVYAN,43,22,10.0,833.0,8330.0,2024-05-26
2024052604012389,UMRH,56,6,300.0,362.7,108810.0,2024-05-26
2024052604012388,UMRH,47,6,200.0,362.8,72560.0,2024-05-26
2024052601037523,CLI,60,14,400.0,480.6,192240.0,2024-05-26
2024052601037522,CITY,57,47,100.0,668.0,66800.0,2024-05-26
2024052601037521,BGWT,13,34,10.0,672.1,6721.0,2024-05-26
2024052601037520,BGWT,35,34,40.0,672.1,26884.0,2024-05-26
2024052603014408,ILBS,34,70,69.0,1380.0,95220.0,2024-05-26
2024052603014407,ILBS,34,70,84.0,1380.0,115920.0,2024-05-26
2024052603014406,GBLBS,42,35,20.0,750.0,15000.0,2024-05-26
2024052601037519,NABIL,53,38,220.0,518.0,113960.0,2024-05-26
2024052601037518,IHL,21,39,10.0,394.0,3940.0,2024-05-26
2024052601037517,BNHC,28,53,14.0,604.5,8463.0,2024-05-26
2024052601037516,BNHC,34,53,10.0,604.7,6047.0,2024-05-26
2024052601037515,GBIME,87,56,149.0,190.0,28310.0,2024-05-26
2024052601037514,GBIME,49,56,13.0,191.1,2484.3,2024-05-26
2024052601037513,RHGCL,36,58,75.0,351.8,26385.0,2024-05-26
2024052601037512,RHGCL,36,13,50.0,351.8,17590.0,2024-05-26
2024052605004928,HRL,49,58,31.0,585.0,18135.0,2024-05-26
2024052605004927,HRL,49,22,10.0,585.0,5850.0,2024-05-26
2024052604012387,BARUN,17,60,20.0,238.0,4760.0,2024-05-26
2024052603014405,MDB,74,62,41.0,478.0,19598.0,2024-05-26
2024052603014404,MDB,14,62,49.0,478.0,23422.0,2024-05-26
2024052603014403,ALICL,54,57,50.0,580.0,29000.0,2024-05-26
2024052603014402,ALICL,34,57,397.0,580.0,230260.0,2024-05-26
2024052601037511,CKHL,57,4,200.0,550.0,110000.0,2024-05-26
2024052601037510,RAWA,18,42,10.0,497.0,4970.0,2024-05-26
2024052601037509,RAWA,18,14,23.0,492.0,11316.0,2024-05-26
2024052601037508,MKHL,38,21,10.0,427.9,4279.0,2024-05-26
2024052601037507,HDL,29,38,19.0,1324.5,25165.5,2024-05-26
2024052601037506,HDL,29,17,37.0,1324.0,48988.0,2024-05-26
2024052601037505,HDL,29,53,44.0,1323.5,58234.0,2024-05-26
2024052601037504,MMKJL,33,52,10.0,429.8,4298.0,2024-05-26
2024052601037503,ILI,58,59,25.0,560.5,14012.5,2024-05-26
2024052603014401,SFCL,53,4,200.0,340.0,68000.0,2024-05-26
2024052601037502,MKHL,42,45,50.0,425.0,21250.0,2024-05-26
2024052603014400,LBBL,45,41,171.0,388.8,66484.8,2024-05-26
2024052603014399,LBBL,45,43,29.0,387.7,11243.3,2024-05-26
2024052601037501,PRVU,46,45,1000.0,153.5,153500.0,2024-05-26
2024052604012386,NGPL,22,37,10.0,302.9,3029.0,2024-05-26
2024052601037500,CLI,17,44,50.0,481.0,24050.0,2024-05-26
2024052604012385,CGH,34,22,10.0,877.0,8770.0,2024-05-26
2024052604012384,CGH,56,22,70.0,877.1,61397.0,2024-05-26
2024052604012383,CGH,10,22,20.0,877.1,17542.0,2024-05-26
2024052604012382,NLG,17,58,16.0,773.0,12368.0,2024-05-26
2024052604012381,AHPC,7,53,10.0,164.0,1640.0,2024-05-26
2024052604012380,CGH,10,58,10.0,877.1,8771.0,2024-05-26
2024052601037499,IHL,5,39,10.0,394.0,3940.0,2024-05-26
2024052601037498,DORDI,49,57,10.0,412.1,4121.0,2024-05-26
2024052604012379,LEC,37,38,60.0,186.0,11160.0,2024-05-26
2024052604012378,TRH,57,8,69.0,766.7,52902.3,2024-05-26
2024052604012377,TRH,58,8,30.0,766.7,23001.0,2024-05-26
2024052604012376,TRH,36,8,201.0,766.8,154126.8,2024-05-26
2024052601037497,SRLI,49,52,10.0,444.5,4445.0,2024-05-26
2024052603014398,VLBS,25,36,10.0,907.0,9070.0,2024-05-26
2024052604012375,DHPL,49,48,74.0,194.5,14393.0,2024-05-26
2024052604012374,DHPL,43,48,926.0,194.6,180199.6,2024-05-26
2024052601037496,MBL,42,45,14.0,187.8,2629.2,2024-05-26
2024052601037495,NICA,22,38,50.0,435.5,21775.0,2024-05-26
2024052601037494,BHDC,58,58,10.0,545.6,5456.0,2024-05-26
2024052601037493,HDL,58,53,56.0,1323.5,74116.0,2024-05-26
2024052604012373,HEI,41,57,20.0,614.0,12280.0,2024-05-26
2024052601037492,IHL,5,39,10.0,394.0,3940.0,2024-05-26
2024052601037491,ILI,58,54,10.0,560.5,5605.0,2024-05-26
2024052601037490,GVL,34,6,10.0,438.0,4380.0,2024-05-26
2024052601037489,GVL,34,32,10.0,436.0,4360.0,2024-05-26
2024052601037488,NESDO,46,59,11.0,1870.0,20570.0,2024-05-26
2024052603014397,SLBSL,38,45,80.0,1249.9,99992.0,2024-05-26
2024052603014396,SLBSL,38,57,20.0,1249.0,24980.0,2024-05-26
2024052603014395,SLBSL,38,17,100.0,1248.0,124800.0,2024-05-26
2024052604012372,SHPC,22,10,90.0,334.7,30123.0,2024-05-26
2024052604012371,SHPC,58,10,100.0,334.7,33470.0,2024-05-26
2024052604012370,SHPC,32,10,200.0,334.7,66940.0,2024-05-26
2024052601037487,SHIVM,59,45,318.0,509.0,161862.0,2024-05-26
2024052604012369,AHPC,54,53,15.0,164.0,2460.0,2024-05-26
2024052601037486,ILI,58,48,10.0,560.5,5605.0,2024-05-26
2024052601037485,HDL,32,22,14.0,1323.0,18522.0,2024-05-26
2024052603014394,PFL,62,7,500.0,655.0,327500.0,2024-05-26
2024052601037484,RNLI,58,57,20.0,438.9,8778.0,2024-05-26
2024052603014393,MLBSL,5,56,10.0,1874.0,18740.0,2024-05-26
2024052603014392,GILB,34,3,20.0,1180.0,23600.0,2024-05-26
2024052603014391,GILB,34,3,30.0,1183.0,35490.0,2024-05-26
2024052603014390,NADEP,18,18,200.0,782.0,156400.0,2024-05-26
2024052603014389,NADEP,34,18,500.0,782.1,391050.0,2024-05-26
2024052603014388,NADEP,57,18,200.0,782.1,156420.0,2024-05-26
2024052603014387,NADEP,44,18,100.0,782.1,78210.0,2024-05-26
2024052604012368,DHPL,42,45,300.0,194.9,58470.0,2024-05-26
2024052601037483,MBL,42,38,116.0,187.8,21784.8,2024-05-26
2024052601037482,SNLI,41,29,60.0,475.4,28524.0,2024-05-26
2024052601037481,SNLI,43,29,50.0,475.5,23775.0,2024-05-26
2024052601037480,SPC,55,33,130.0,515.0,66950.0,2024-05-26
2024052604012367,HDHPC,19,26,954.0,132.3,126214.2,2024-05-26
2024052604012366,HDHPC,37,26,46.0,132.3,6085.8,2024-05-26
2024052604012365,SHL,62,36,300.0,454.1,136230.0,2024-05-26
2024052604012364,SHL,22,36,100.0,455.0,45500.0,2024-05-26
2024052604012363,SHL,17,36,100.0,455.0,45500.0,2024-05-26
2024052604012362,UNHPL,36,13,200.0,229.9,45980.0,2024-05-26
2024052601037479,NICA,58,17,50.0,435.4,21770.0,2024-05-26
2024052603014386,KMCDB,26,62,10.0,1033.0,10330.0,2024-05-26
2024052601037478,BNHC,17,58,47.0,605.0,28435.0,2024-05-26
2024052601037477,BNHC,49,58,40.0,605.0,24200.0,2024-05-26
2024052601037476,BNHC,1,58,43.0,605.2,26023.6,2024-05-26
2024052603014385,USLB,75,59,10.0,2158.0,21580.0,2024-05-26
2024052603014384,NMLBBL,36,4,181.0,751.0,135931.0,2024-05-26
2024052604012361,HEI,34,57,10.0,614.0,6140.0,2024-05-26
2024052605004926,CHDC,19,8,99.0,835.0,82665.0,2024-05-26
2024052605004925,CHDC,11,8,50.0,835.0,41750.0,2024-05-26
2024052605004924,CHDC,19,8,200.0,835.0,167000.0,2024-05-26
2024052605004923,CHDC,19,8,200.0,835.0,167000.0,2024-05-26
2024052605004922,CHDC,19,8,20.0,835.0,16700.0,2024-05-26
2024052605004921,CHDC,28,8,80.0,835.1,66808.0,2024-05-26
2024052605004920,CHDC,45,8,51.0,835.3,42600.3,2024-05-26
2024052605004919,PSF,33,28,300.0,9.31,2793.0,2024-05-26
2024052605004918,PSF,33,47,100.0,9.31,931.0,2024-05-26
2024052605004917,PSF,33,56,1000.0,9.31,9310.0,2024-05-26
2024052605004916,PSF,33,6,500.0,9.31,4655.0,2024-05-26
2024052605004915,PSF,33,22,300.0,9.31,2793.0,2024-05-26
2024052605004914,PSF,33,41,500.0,9.31,4655.0,2024-05-26
2024052605004913,PSF,33,41,300.0,9.31,2793.0,2024-05-26
2024052605004912,PSF,33,41,300.0,9.31,2793.0,2024-05-26
2024052605004911,PSF,33,17,400.0,9.31,3724.0,2024-05-26
2024052605004910,PSF,33,58,200.0,9.31,1862.0,2024-05-26
2024052601037475,ILI,38,48,10.0,560.4,5604.0,2024-05-26
2024052601037474,MEHL,29,36,10.0,309.0,3090.0,2024-05-26
2024052601037473,SHLB,74,56,150.0,1770.0,265500.0,2024-05-26
2024052603014383,SHINE,45,1,250.0,394.0,98500.0,2024-05-26
2024052604012360,SHL,56,45,170.0,455.0,77350.0,2024-05-26
2024052604012359,SHL,45,45,300.0,455.0,136500.0,2024-05-26
2024052604012358,SHL,49,45,300.0,455.0,136500.0,2024-05-26
2024052604012357,SHL,77,45,373.0,455.1,169752.3,2024-05-26
2024052604012356,SHL,50,45,100.0,456.0,45600.0,2024-05-26
2024052604012355,SHL,48,45,257.0,456.0,117192.0,2024-05-26
2024052604012354,SHL,34,45,500.0,456.1,228050.0,2024-05-26
2024052604012353,RADHI,49,45,250.0,239.0,59750.0,2024-05-26
2024052601037472,SBI,14,35,6482.0,304.0,1970528.0,2024-05-26
2024052601037471,SBI,57,35,141.0,304.1,42878.1,2024-05-26
2024052601037470,SBI,45,35,100.0,305.0,30500.0,2024-05-26
2024052601037469,SBI,17,35,50.0,305.3,15265.0,2024-05-26
2024052601037468,SBI,58,35,127.0,305.5,38798.5,2024-05-26
2024052603014382,KMCDB,17,14,41.0,1050.0,43050.0,2024-05-26
2024052605004909,MMF1,54,6,500.0,7.45,3725.0,2024-05-26
2024052604012352,SHEL,58,41,210.0,165.0,34650.0,2024-05-26
2024052604012351,HEI,58,57,200.0,614.0,122800.0,2024-05-26
2024052603014381,PMLI,48,57,500.0,506.0,253000.0,2024-05-26
2024052603014380,PMLI,42,57,463.0,506.1,234324.3,2024-05-26
2024052603014379,HLI,34,50,85.0,401.0,34085.0,2024-05-26
2024052603014378,DDBL,25,38,146.0,741.0,108186.0,2024-05-26
2024052603014377,HLI,33,25,350.0,400.6,140210.0,2024-05-26
2024052604012350,MEN,16,35,100.0,587.0,58700.0,2024-05-26
2024052604012349,MEN,16,6,10.0,587.0,5870.0,2024-05-26
2024052604012348,MEN,16,35,490.0,587.0,287630.0,2024-05-26
2024052604012347,LEC,37,96,10.0,186.5,1865.0,2024-05-26
2024052603014376,GRDBL,26,45,500.0,432.0,216000.0,2024-05-26
2024052604012346,PRIN,32,6,10.0,784.2,7842.0,2024-05-26
2024052603014375,PROFL,34,44,400.0,337.2,134880.0,2024-05-26
2024052603014374,SHINE,54,1,200.0,394.0,78800.0,2024-05-26
2024052603014373,PFL,11,34,20.0,655.0,13100.0,2024-05-26
2024052601037467,SIKLES,22,42,10.0,522.0,5220.0,2024-05-26
2024052603014372,GMFBS,38,28,10.0,1240.0,12400.0,2024-05-26
2024052603014371,GMFBS,35,28,250.0,1241.1,310275.0,2024-05-26
2024052603014370,GMFBS,21,28,30.0,1241.2,37236.0,2024-05-26
2024052601037466,MKHC,42,38,20.0,308.9,6178.0,2024-05-26
2024052601037465,MKHC,42,38,10.0,308.9,3089.0,2024-05-26
2024052604012345,GHL,41,26,960.0,148.7,142752.0,2024-05-26
2024052604012344,GHL,35,26,40.0,148.8,5952.0,2024-05-26
2024052603014369,NLIC,26,53,50.0,607.5,30375.0,2024-05-26
2024052605004908,CIT,1,37,35.0,2145.0,75075.0,2024-05-26
2024052605004907,CIT,47,37,15.0,2146.0,32190.0,2024-05-26
2024052601037464,NABIL,53,53,40.0,518.0,20720.0,2024-05-26
2024052603014368,VLBS,58,48,70.0,901.1,63077.0,2024-05-26
2024052601037463,SHIVM,34,67,882.0,508.6,448585.2,2024-05-26
2024052601037462,SHIVM,44,67,63.0,508.6,32041.8,2024-05-26
2024052601037461,SHIVM,56,67,450.0,508.7,228915.0,2024-05-26
2024052601037460,SHIVM,44,67,92.0,508.7,46800.4,2024-05-26
2024052601037459,SHIVM,59,67,500.0,509.0,254500.0,2024-05-26
2024052601037458,SHIVM,59,67,200.0,509.0,101800.0,2024-05-26
2024052601037457,SHIVM,59,67,500.0,509.0,254500.0,2024-05-26
2024052601037456,SHIVM,38,67,100.0,509.0,50900.0,2024-05-26
2024052601037455,SHIVM,59,67,213.0,509.0,108417.0,2024-05-26
2024052603014367,GBLBS,32,35,20.0,750.0,15000.0,2024-05-26
2024052603014366,GBLBS,17,35,50.0,750.0,37500.0,2024-05-26
2024052603014365,GBLBS,35,35,500.0,750.0,375000.0,2024-05-26
2024052603014364,GBLBS,35,35,455.0,750.0,341250.0,2024-05-26
2024052603014363,GBLBS,32,35,15.0,750.1,11251.5,2024-05-26
2024052603014362,GBLBS,21,35,18.0,750.1,13501.8,2024-05-26
2024052603014361,GBLBS,13,35,88.0,750.1,66008.8,2024-05-26
2024052605004906,STC,35,70,10.0,4385.0,43850.0,2024-05-26
2024052605004905,NRN,58,62,455.0,548.0,249340.0,2024-05-26
2024052604012343,RIDI,41,84,11.0,182.5,2007.5,2024-05-26
2024052601037454,KBL,1,41,200.0,150.0,30000.0,2024-05-26
2024052603014360,ICFC,6,14,100.0,511.2,51120.0,2024-05-26
2024052601037453,EBL,14,8,80.0,546.0,43680.0,2024-05-26
2024052603014359,FMDBL,58,34,200.0,723.0,144600.0,2024-05-26
2024052601037452,NWCL,17,58,10.0,718.0,7180.0,2024-05-26
2024052601037451,CLI,60,47,160.0,480.6,76896.0,2024-05-26
2024052604012342,UMRH,14,43,110.0,363.0,39930.0,2024-05-26
2024052604012341,UMRH,39,43,80.0,363.1,29048.0,2024-05-26
2024052601037450,PPL,42,25,10.0,457.0,4570.0,2024-05-26
2024052604012340,SSHL,42,1,300.0,167.9,50370.0,2024-05-26
2024052601037449,VLUCL,42,29,55.0,486.9,26779.5,2024-05-26
2024052603014358,SJLIC,77,38,111.0,423.0,46953.0,2024-05-26
2024052603014357,SJLIC,77,55,250.0,423.0,105750.0,2024-05-26
2024052603014356,SJLIC,77,20,100.0,423.0,42300.0,2024-05-26
2024052603014355,SJLIC,77,42,365.0,423.0,154395.0,2024-05-26
2024052603014354,SJLIC,77,17,100.0,422.9,42290.0,2024-05-26
2024052603014353,SJLIC,77,16,190.0,422.9,80351.0,2024-05-26
2024052603014352,SJLIC,77,32,84.0,422.3,35473.2,2024-05-26
2024052604012339,RIDI,21,84,49.0,182.5,8942.5,2024-05-26
2024052604012338,RIDI,21,38,120.0,182.5,21900.0,2024-05-26
2024052604012337,RIDI,21,5,11.0,182.4,2006.4,2024-05-26
2024052604012336,RIDI,21,14,20.0,182.4,3648.0,2024-05-26
2024052603014351,GBLBS,33,69,100.0,755.0,75500.0,2024-05-26
2024052603014350,NUBL,17,48,309.0,665.0,205485.0,2024-05-26
2024052603014349,NUBL,41,48,100.0,665.1,66510.0,2024-05-26
2024052604012335,SHEL,53,72,349.0,164.5,57410.5,2024-05-26
2024052604012334,SHEL,26,72,110.0,164.5,18095.0,2024-05-26
2024052601037448,MEL,53,49,10.0,227.5,2275.0,2024-05-26
2024052604012333,UMRH,39,35,70.0,363.1,25417.0,2024-05-26
2024052601037447,NWCL,17,7,30.0,718.0,21540.0,2024-05-26
2024052601037446,ILI,38,41,10.0,560.4,5604.0,2024-05-26
2024052603014348,PMLI,42,5,27.0,506.1,13664.7,2024-05-26
2024052603014347,PMLI,35,5,23.0,506.2,11642.6,2024-05-26
2024052603014346,MLBL,32,14,90.0,329.2,29628.0,2024-05-26
2024052603014345,MLBL,57,14,10.0,329.2,3292.0,2024-05-26
2024052601037445,ILI,38,44,50.0,560.4,28020.0,2024-05-26
2024052601037444,BGWT,35,4,10.0,672.1,6721.0,2024-05-26
2024052601037443,PRVU,42,48,20.0,153.9,3078.0,2024-05-26
2024052601037442,ILI,25,19,10.0,560.7,5607.0,2024-05-26
2024052601037441,ILI,49,21,10.0,560.0,5600.0,2024-05-26
2024052601037440,PRVU,59,48,250.0,153.9,38475.0,2024-05-26
2024052604012332,UPPER,48,11,10.0,165.7,1657.0,2024-05-26
2024052601037439,ILI,7,50,100.0,560.0,56000.0,2024-05-26
2024052601037438,ILI,58,50,66.0,560.0,36960.0,2024-05-26
2024052601037437,ILI,13,50,110.0,560.0,61600.0,2024-05-26
2024052601037436,ILI,41,50,100.0,560.0,56000.0,2024-05-26
2024052601037435,ILI,58,50,20.0,560.0,11200.0,2024-05-26
2024052601037434,CZBIL,26,35,1917.0,175.0,335475.0,2024-05-26
2024052601037433,CZBIL,49,35,100.0,175.0,17500.0,2024-05-26
2024052601037432,CZBIL,34,35,1000.0,175.0,175000.0,2024-05-26
2024052601037431,CZBIL,28,35,500.0,175.0,87500.0,2024-05-26
2024052601037430,CZBIL,16,35,100.0,175.0,17500.0,2024-05-26
2024052601037429,CZBIL,22,35,50.0,175.0,8750.0,2024-05-26
2024052601037428,CZBIL,64,35,100.0,175.0,17500.0,2024-05-26
2024052601037427,CZBIL,26,35,200.0,175.0,35000.0,2024-05-26
2024052601037426,CZBIL,22,35,10.0,175.0,1750.0,2024-05-26
2024052601037425,CZBIL,60,35,178.0,175.0,31150.0,2024-05-26
2024052601037424,CZBIL,34,35,1000.0,175.4,175400.0,2024-05-26
2024052601037423,CZBIL,13,35,1000.0,175.4,175400.0,2024-05-26
2024052601037422,CZBIL,58,35,500.0,175.5,87750.0,2024-05-26
2024052601037421,CZBIL,13,35,50.0,176.3,8815.0,2024-05-26
2024052601037420,CZBIL,57,35,115.0,176.5,20297.5,2024-05-26
2024052601037419,CZBIL,45,35,32.0,176.5,5648.0,2024-05-26
2024052604012331,AKPL,35,26,71.0,173.0,12283.0,2024-05-26
2024052604012330,AKPL,35,25,600.0,172.9,103740.0,2024-05-26
2024052601037418,NICA,58,22,100.0,435.4,43540.0,2024-05-26
2024052601037417,SHIVM,59,14,100.0,509.0,50900.0,2024-05-26
2024052601037416,VLUCL,34,58,20.0,485.1,9702.0,2024-05-26
2024052601037415,MEL,53,58,10.0,227.5,2275.0,2024-05-26
2024052601037414,ILI,58,58,10.0,560.0,5600.0,2024-05-26
2024052603014344,LBBL,36,43,971.0,387.7,376456.7,2024-05-26
2024052601037413,KBL,1,39,713.0,150.0,106950.0,2024-05-26
2024052601037412,KBL,1,4,500.0,150.0,75000.0,2024-05-26
2024052601037411,KBL,1,25,30.0,150.0,4500.0,2024-05-26
2024052601037410,KBL,1,34,200.0,150.0,30000.0,2024-05-26
2024052601037409,KBL,1,14,349.0,150.0,52350.0,2024-05-26
2024052601037408,KBL,1,45,24.0,150.0,3600.0,2024-05-26
2024052601037407,KBL,1,33,744.0,150.0,111600.0,2024-05-26
2024052601037406,MAKAR,74,38,100.0,366.9,36690.0,2024-05-26
2024052601037405,BGWT,10,57,10.0,683.0,6830.0,2024-05-26
2024052601037404,ILI,58,59,10.0,560.0,5600.0,2024-05-26
2024052603014343,SJLIC,67,32,10.0,422.3,4223.0,2024-05-26
2024052603014342,SJLIC,28,32,26.0,422.3,10979.8,2024-05-26
2024052601037403,HDL,29,53,100.0,1323.5,132350.0,2024-05-26
2024052604012329,RIDI,29,66,1000.0,182.2,182200.0,2024-05-26
2024052601037402,LSL,55,49,32.0,168.8,5401.6,2024-05-26
2024052604012328,RIDI,35,14,10.0,182.4,1824.0,2024-05-26
2024052601037401,CITY,10,47,95.0,668.9,63545.5,2024-05-26
2024052601037400,SRLI,58,43,80.0,446.1,35688.0,2024-05-26
2024052601037399,ILI,34,19,180.0,560.7,100926.0,2024-05-26
2024052601037398,ILI,34,59,10.0,560.3,5603.0,2024-05-26
2024052601037397,ILI,34,49,10.0,560.3,5603.0,2024-05-26
2024052605004904,NRIC,33,8,20.0,668.0,13360.0,2024-05-26
2024052605004903,NRIC,45,8,39.0,668.0,26052.0,2024-05-26
2024052601037396,ILI,52,38,10.0,560.1,5601.0,2024-05-26
2024052601037395,SMHL,65,52,10.0,497.1,4971.0,2024-05-26
2024052604012327,CHL,33,39,50.0,327.1,16355.0,2024-05-26
2024052604012326,CHL,21,39,100.0,327.2,32720.0,2024-05-26
2024052604012325,CHL,16,39,100.0,328.0,32800.0,2024-05-26
2024052603014341,LICN,49,33,103.0,1369.1,141017.3,2024-05-26
2024052601037394,RAWA,45,14,10.0,492.0,4920.0,2024-05-26
2024052603014340,DDBL,17,38,10.0,741.0,7410.0,2024-05-26
2024052603014339,SMB,6,36,35.0,1570.8,54978.0,2024-05-26
2024052604012324,RIDI,53,14,70.0,182.4,12768.0,2024-05-26
2024052604012323,BARUN,3,60,10.0,238.0,2380.0,2024-05-26
2024052601037393,KBL,41,33,256.0,150.0,38400.0,2024-05-26
2024052601037392,KBL,41,34,244.0,150.0,36600.0,2024-05-26
2024052604012322,SSHL,49,57,1417.0,167.1,236780.7,2024-05-26
2024052604012321,SSHL,58,57,160.0,167.1,26736.0,2024-05-26
2024052604012320,SSHL,57,57,130.0,167.1,21723.0,2024-05-26
2024052604012319,SSHL,58,57,150.0,167.2,25080.0,2024-05-26
2024052604012318,SSHL,14,57,950.0,167.3,158935.0,2024-05-26
2024052604012317,SSHL,58,57,150.0,167.3,25095.0,2024-05-26
2024052604012316,SSHL,35,57,33.0,167.4,5524.2,2024-05-26
2024052604012315,SSHL,53,57,10.0,167.4,1674.0,2024-05-26
2024052601037391,EHPL,57,41,100.0,515.0,51500.0,2024-05-26
2024052601037390,EHPL,57,65,100.0,515.0,51500.0,2024-05-26
2024052604012314,BARUN,6,58,91.0,235.0,21385.0,2024-05-26
2024052604012313,BARUN,34,58,14.0,235.0,3290.0,2024-05-26
2024052604012312,BARUN,22,58,10.0,235.0,2350.0,2024-05-26
2024052604012311,BARUN,16,58,55.0,235.0,12925.0,2024-05-26
2024052601037389,CITY,10,58,50.0,668.9,33445.0,2024-05-26
2024052601037388,ILI,52,47,10.0,560.1,5601.0,2024-05-26
2024052603014338,GLBSL,58,11,10.0,1880.0,18800.0,2024-05-26
2024052604012310,NGPL,84,42,150.0,302.0,45300.0,2024-05-26
2024052604012309,NGPL,42,42,50.0,302.1,15105.0,2024-05-26
2024052604012308,MEN,42,42,200.0,584.0,116800.0,2024-05-26
2024052605004902,NIFRA,35,52,32.0,201.3,6441.6,2024-05-26
2024052605004901,NIFRA,41,52,22.0,201.4,4430.8,2024-05-26
2024052604012307,TRH,36,29,19.0,766.8,14569.2,2024-05-26
2024052604012306,TRH,45,29,50.0,767.0,38350.0,2024-05-26
2024052604012305,RIDI,26,38,100.0,182.5,18250.0,2024-05-26
2024052603014337,FMDBL,58,34,50.0,723.0,36150.0,2024-05-26
2024052601037387,BNHC,1,34,10.0,605.2,6052.0,2024-05-26
2024052601037386,BNHC,29,34,30.0,605.2,18156.0,2024-05-26
2024052601037385,BNHC,42,34,10.0,605.3,6053.0,2024-05-26
2024052601037384,KBL,56,34,236.0,150.0,35400.0,2024-05-26
2024052603014336,GUFL,58,72,149.0,668.0,99532.0,2024-05-26
2024052603014335,GUFL,49,72,50.0,668.5,33425.0,2024-05-26
2024052603014334,GUFL,48,72,111.0,668.5,74203.5,2024-05-26
2024052603014333,GUFL,59,72,90.0,669.0,60210.0,2024-05-26
2024052604012304,UMRH,14,71,100.0,363.0,36300.0,2024-05-26
2024052601037383,PCBL,45,28,1000.0,213.3,213300.0,2024-05-26
2024052601037382,SMHL,65,35,498.0,497.1,247555.8,2024-05-26
2024052601037381,SMHL,22,35,500.0,497.1,248550.0,2024-05-26
2024052601037380,SMHL,19,35,108.0,497.4,53719.2,2024-05-26
2024052601037379,SMHL,29,35,250.0,497.5,124375.0,2024-05-26
2024052601037378,SMHL,19,35,144.0,498.0,71712.0,2024-05-26
2024052601037377,ILI,16,49,10.0,560.0,5600.0,2024-05-26
2024052601037376,MKHL,42,62,10.0,425.0,4250.0,2024-05-26
2024052601037375,ILI,16,1,100.0,560.0,56000.0,2024-05-26
2024052603014332,SFCL,7,42,100.0,339.5,33950.0,2024-05-26
2024052601037374,ADBL,25,52,10.0,277.8,2778.0,2024-05-26
2024052601037373,ILI,16,16,10.0,560.0,5600.0,2024-05-26
2024052601037372,UNLB,38,32,10.0,1967.0,19670.0,2024-05-26
2024052601037371,CITY,10,34,100.0,668.9,66890.0,2024-05-26
2024052603014331,SDLBSL,95,58,70.0,942.0,65940.0,2024-05-26
2024052601037370,NABIL,53,36,100.0,518.0,51800.0,2024-05-26
2024052601037369,NABIL,53,38,20.0,518.0,10360.0,2024-05-26
2024052601037368,NABIL,53,52,50.0,517.5,25875.0,2024-05-26
2024052603014330,EDBL,33,26,100.0,389.5,38950.0,2024-05-26
2024052604012303,API,45,35,500.0,174.5,87250.0,2024-05-26
2024052604012302,API,34,35,50.0,174.5,8725.0,2024-05-26
2024052601037367,NICA,58,49,100.0,435.4,43540.0,2024-05-26
2024052601037366,SCB,38,49,50.0,585.2,29260.0,2024-05-26
2024052601037365,RAWA,22,14,17.0,492.0,8364.0,2024-05-26
2024052601037364,SHIVM,59,4,10.0,509.0,5090.0,2024-05-26
2024052601037363,SNLI,13,58,10.0,475.7,4757.0,2024-05-26
2024052601037362,UHEWA,47,20,40.0,390.0,15600.0,2024-05-26
2024052601037361,UHEWA,66,20,50.0,390.0,19500.0,2024-05-26
2024052601037360,UHEWA,57,20,20.0,390.0,7800.0,2024-05-26
2024052601037359,UHEWA,45,20,190.0,390.0,74100.0,2024-05-26
2024052601037358,RNLI,42,51,225.0,439.0,98775.0,2024-05-26
2024052601037357,RNLI,42,18,200.0,438.5,87700.0,2024-05-26
2024052603014329,PFL,11,55,12.0,655.0,7860.0,2024-05-26
2024052603014328,PFL,11,55,585.0,655.0,383175.0,2024-05-26
2024052603014327,PFL,33,55,300.0,655.0,196500.0,2024-05-26
2024052603014326,PFL,35,55,203.0,655.0,132965.0,2024-05-26
2024052601037356,HDL,26,17,40.0,1324.0,52960.0,2024-05-26
2024052604012301,RIDI,53,51,30.0,182.4,5472.0,2024-05-26
2024052604012300,AHPC,54,59,85.0,164.0,13940.0,2024-05-26
2024052603014325,NMLBBL,36,40,20.0,751.0,15020.0,2024-05-26
2024052603014324,SKBBL,83,58,50.0,826.0,41300.0,2024-05-26
2024052601037355,CLI,60,38,400.0,480.6,192240.0,2024-05-26
2024052603014323,SINDU,48,33,10.0,383.0,3830.0,2024-05-26
2024052603014322,GUFL,59,39,220.0,669.0,147180.0,2024-05-26
