transaction,symbol,buyer,seller,quantity,rate,amount,date
2025052504021028,SHL,96,56,100.0,563.8,56380.0,2025-05-25
2025052504021027,SHL,96,64,100.0,563.7,56370.0,2025-05-25
2025052503014838,KSBBL,49,4,435.0,454.4,197664.0,2025-05-25
2025052501023994,NICA,42,17,293.0,366.8,107472.4,2025-05-25
2025052503014837,GBBL,38,21,100.0,400.5,40050.0,2025-05-25
2025052505010750,ENL,14,49,45.0,1103.0,49635.0,2025-05-25
2025052505010749,ENL,39,49,15.0,1103.1,16546.5,2025-05-25
2025052505010748,ENL,62,49,10.0,1105.0,11050.0,2025-05-25
2025052503014836,BFC,50,70,225.0,487.0,109575.0,2025-05-25
2025052501023993,SBL,33,58,1500.0,295.1,442650.0,2025-05-25
2025052504021026,RADHI,56,17,37.0,790.2,29237.4,2025-05-25
2025052503014835,ALICL,6,48,300.0,716.5,214950.0,2025-05-25
2025052503014834,ALICL,55,48,20.0,717.0,14340.0,2025-05-25
2025052503014833,ALICL,57,48,300.0,717.0,215100.0,2025-05-25
2025052503014832,ALICL,29,48,50.0,717.1,35855.0,2025-05-25
2025052503014831,ALICL,62,48,30.0,717.2,21516.0,2025-05-25
2025052504021025,AHPC,14,34,100.0,280.0,28000.0,2025-05-25
2025052505010747,HIDCL,68,41,24.0,296.0,7104.0,2025-05-25
2025052505010746,HIDCL,68,57,176.0,295.0,51920.0,2025-05-25
2025052503014830,MNBBL,49,59,99.0,367.5,36382.5,2025-05-25
2025052503014829,MNBBL,49,55,151.0,367.0,55417.0,2025-05-25
2025052503014828,MNBBL,49,58,150.0,366.9,55035.0,2025-05-25
2025052503014827,MNBBL,49,57,50.0,366.5,18325.0,2025-05-25
2025052503014826,MNBBL,49,22,100.0,366.5,36650.0,2025-05-25
2025052503014825,PROFL,11,41,126.0,496.0,62496.0,2025-05-25
2025052504021024,API,41,38,190.0,291.2,55328.0,2025-05-25
2025052504021023,AKJCL,16,57,369.0,207.0,76383.0,2025-05-25
2025052504021022,AKJCL,74,57,500.0,207.1,103550.0,2025-05-25
2025052504021021,AKJCL,41,57,120.0,207.5,24900.0,2025-05-25
2025052504021020,AKJCL,49,57,1011.0,207.5,209782.5,2025-05-25
2025052501023992,USHL,13,41,10.0,619.5,6195.0,2025-05-25
2025052503014824,NMBMF,41,58,10.0,741.7,7417.0,2025-05-25
2025052504021019,RADHI,65,58,20.0,791.0,15820.0,2025-05-25
2025052504021018,HEI,50,54,10.0,580.0,5800.0,2025-05-25
2025052503014823,KMCDB,48,42,382.0,1090.0,416380.0,2025-05-25
2025052503014822,KMCDB,48,56,118.0,1080.0,127440.0,2025-05-25
2025052505010745,PSF,57,49,20000.0,10.55,211000.0,2025-05-25
2025052504021017,UMHL,32,10,10.0,530.0,5300.0,2025-05-25
2025052504021016,GHL,47,63,10.0,251.8,2518.0,2025-05-25
2025052501023991,GMLI,55,83,38.0,2589.0,98382.0,2025-05-25
2025052501023990,SGHC,80,64,10.0,441.0,4410.0,2025-05-25
2025052505010744,ILI,26,42,67.0,459.0,30753.0,2025-05-25
2025052504021015,CHCL,48,33,61.0,486.4,29670.4,2025-05-25
2025052504021014,CHCL,35,33,25.0,486.4,12160.0,2025-05-25
2025052504021013,CHCL,41,33,10.0,489.0,4890.0,2025-05-25
2025052504021012,CHCL,58,33,14.0,489.5,6853.0,2025-05-25
2025052504021011,CHCL,28,33,50.0,489.5,24475.0,2025-05-25
2025052501023989,BHPL,39,34,40.0,1000.0,40000.0,2025-05-25
2025052501023988,BHPL,39,1,40.0,1000.0,40000.0,2025-05-25
2025052501023987,BHPL,39,34,20.0,999.0,19980.0,2025-05-25
2025052504021010,UMHL,44,58,20.0,526.0,10520.0,2025-05-25
2025052504021009,UMHL,94,58,100.0,526.0,52600.0,2025-05-25
2025052504021008,UMHL,39,58,200.0,529.0,105800.0,2025-05-25
2025052504021007,UMHL,36,58,178.0,529.0,94162.0,2025-05-25
2025052501023986,USHEC,39,42,10.0,480.0,4800.0,2025-05-25
2025052503014821,SADBL,3,41,20.0,424.7,8494.0,2025-05-25
2025052503014820,SIFC,5,57,59.0,496.0,29264.0,2025-05-25
2025052503014819,SIFC,56,57,15.0,496.8,7452.0,2025-05-25
2025052504021006,NGPL,48,38,2000.0,373.9,747800.0,2025-05-25
2025052503014818,SINDU,57,77,100.0,845.0,84500.0,2025-05-25
2025052503014817,MLBBL,49,38,30.0,1551.0,46530.0,2025-05-25
2025052501023985,RFPL,45,50,100.0,500.0,50000.0,2025-05-25
2025052501023984,HBL,16,17,230.0,230.0,52900.0,2025-05-25
2025052501023983,HIDCLP,99,57,10.0,204.0,2040.0,2025-05-25
2025052504021005,UMRH,22,62,27.0,548.2,14801.4,2025-05-25
2025052504021004,UMRH,22,62,100.0,548.3,54830.0,2025-05-25
2025052504021003,UMRH,62,62,100.0,548.4,54840.0,2025-05-25
2025052504021002,UMRH,22,62,100.0,548.5,54850.0,2025-05-25
2025052504021001,UMRH,34,62,73.0,549.0,40077.0,2025-05-25
2025052501023982,NICA,52,17,37.0,366.8,13571.6,2025-05-25
2025052504021000,NHPC,68,57,400.0,218.5,87400.0,2025-05-25
2025052504020999,GHL,29,63,10.0,251.8,2518.0,2025-05-25
2025052504020998,GHL,29,55,50.0,250.5,12525.0,2025-05-25
2025052505010743,NIFRA,34,72,105.0,280.0,29400.0,2025-05-25
2025052503014816,ICFC,7,50,600.0,616.0,369600.0,2025-05-25
2025052503014815,ICFC,7,45,46.0,614.0,28244.0,2025-05-25
2025052501023981,DORDI,39,50,51.0,379.3,19344.3,2025-05-25
2025052501023980,DORDI,26,50,20.0,380.0,7600.0,2025-05-25
2025052501023979,DORDI,57,50,40.0,380.0,15200.0,2025-05-25
2025052501023978,DORDI,38,50,39.0,381.0,14859.0,2025-05-25
2025052501023977,DORDI,45,50,100.0,382.0,38200.0,2025-05-25
2025052501023976,DORDI,45,50,50.0,382.0,19100.0,2025-05-25
2025052501023975,DORDI,34,50,100.0,382.0,38200.0,2025-05-25
2025052501023974,DORDI,45,50,100.0,382.0,38200.0,2025-05-25
2025052504020997,SHPC,40,45,814.0,553.0,450142.0,2025-05-25
2025052503014814,MLBL,22,48,50.0,394.0,19700.0,2025-05-25
2025052501023973,MKCL,34,18,10.0,1545.0,15450.0,2025-05-25
2025052501023972,GBIME,41,58,688.0,231.1,158996.8,2025-05-25
2025052503014813,EDBL,42,57,38.0,595.0,22610.0,2025-05-25
2025052503014812,EDBL,65,57,220.0,595.1,130922.0,2025-05-25
2025052503014811,KMCDB,62,56,10.0,1081.1,10811.0,2025-05-25
2025052503014810,KMCDB,62,56,11.0,1084.1,11925.1,2025-05-25
2025052503014809,KMCDB,62,56,11.0,1087.9,11966.9,2025-05-25
2025052501023971,SAMAJ,42,49,20.0,2454.0,49080.0,2025-05-25
2025052503014808,NABBC,20,32,10.0,1510.0,15100.0,2025-05-25
2025052504020996,SHPC,40,6,100.0,553.0,55300.0,2025-05-25
2025052504020995,SHEL,94,84,256.0,264.3,67660.8,2025-05-25
2025052504020994,SHEL,32,84,30.0,264.5,7935.0,2025-05-25
2025052504020993,SHEL,58,84,100.0,264.5,26450.0,2025-05-25
2025052504020992,SHEL,41,84,614.0,265.0,162710.0,2025-05-25
2025052501023970,GVL,6,22,20.0,443.0,8860.0,2025-05-25
2025052504020991,RADHI,29,58,10.0,791.0,7910.0,2025-05-25
2025052503014807,KMCDB,28,42,40.0,1090.0,43600.0,2025-05-25
2025052503014806,KMCDB,28,4,80.0,1090.0,87200.0,2025-05-25
2025052504020990,RADHI,29,58,90.0,791.0,71190.0,2025-05-25
2025052505010742,NRIC,6,95,1526.0,1282.0,1956332.0,2025-05-25
2025052504020989,JOSHI,21,29,30.0,386.3,11589.0,2025-05-25
2025052504020988,JOSHI,21,48,10.0,386.0,3860.0,2025-05-25
2025052504020987,NLG,55,58,400.0,845.0,338000.0,2025-05-25
2025052501023969,MMKJL,34,26,60.0,592.0,35520.0,2025-05-25
2025052503014805,VLBS,66,16,10.0,862.0,8620.0,2025-05-25
2025052501023968,MHL,22,45,10.0,619.0,6190.0,2025-05-25
2025052501023967,ADBL,45,55,144.0,295.0,42480.0,2025-05-25
2025052501023966,NABIL,42,17,100.0,497.0,49700.0,2025-05-25
2025052501023965,AVYAN,81,32,10.0,1078.0,10780.0,2025-05-25
2025052501023964,AVYAN,81,74,480.0,1078.0,517440.0,2025-05-25
2025052505010741,NIFRA,42,34,10.0,281.9,2819.0,2025-05-25
2025052504020986,NGPL,33,98,1000.0,373.1,373100.0,2025-05-25
2025052504020985,JOSHI,51,25,62.0,385.0,23870.0,2025-05-25
2025052504020984,JOSHI,32,25,70.0,385.1,26957.0,2025-05-25
2025052501023963,BHL,42,95,50.0,216.9,10845.0,2025-05-25
2025052501023962,SNLI,45,22,50.0,493.0,24650.0,2025-05-25
2025052501023961,KBL,49,48,15.0,216.1,3241.5,2025-05-25
2025052504020983,GHL,56,6,100.0,250.0,25000.0,2025-05-25
2025052505010740,HATHY,1,35,30.0,1245.0,37350.0,2025-05-25
2025052503014804,GUFL,39,49,10.0,546.5,5465.0,2025-05-25
2025052503014803,GUFL,57,49,10.0,546.6,5466.0,2025-05-25
2025052503014802,NABBC,20,32,10.0,1510.0,15100.0,2025-05-25
2025052504020982,BPCL,38,11,230.0,477.0,109710.0,2025-05-25
2025052504020981,BPCL,38,11,40.0,477.0,19080.0,2025-05-25
2025052504020980,BPCL,38,50,200.0,477.0,95400.0,2025-05-25
2025052504020979,BPCL,38,41,30.0,476.9,14307.0,2025-05-25
2025052504020978,NGPL,33,6,1425.0,373.1,531667.5,2025-05-25
2025052504020977,NGPL,65,6,25.0,373.2,9330.0,2025-05-25
2025052504020976,RADHI,69,58,10.0,791.0,7910.0,2025-05-25
2025052503014801,SINDU,33,34,41.0,844.0,34604.0,2025-05-25
2025052504020975,BPCL,83,41,70.0,476.9,33383.0,2025-05-25
2025052504020974,BPCL,83,58,30.0,476.0,14280.0,2025-05-25
2025052501023960,MAKAR,39,5,10.0,644.0,6440.0,2025-05-25
2025052504020973,SHPC,43,99,200.0,554.0,110800.0,2025-05-25
2025052504020972,AKJCL,49,69,20.0,207.5,4150.0,2025-05-25
2025052504020971,UMHL,36,19,172.0,529.0,90988.0,2025-05-25
2025052504020970,UMHL,36,42,50.0,529.0,26450.0,2025-05-25
2025052503014800,GILB,14,36,91.0,1346.0,122486.0,2025-05-25
2025052505010739,MEL,55,4,600.0,304.1,182460.0,2025-05-25
2025052505010738,MEL,55,4,1000.0,304.2,304200.0,2025-05-25
2025052505010737,MEL,42,4,400.0,304.3,121720.0,2025-05-25
2025052505010736,NIFRA,51,34,10.0,282.0,2820.0,2025-05-25
2025052504020969,SPIL,57,34,10.0,829.9,8299.0,2025-05-25
2025052504020968,SPIL,57,6,10.0,829.0,8290.0,2025-05-25
2025052504020967,SPIL,57,35,20.0,828.9,16578.0,2025-05-25
2025052503014799,SINDU,33,37,20.0,844.0,16880.0,2025-05-25
2025052505010735,NRIC,6,64,1085.0,1282.0,1390970.0,2025-05-25
2025052505010734,NRIC,55,64,1501.0,1283.0,1925783.0,2025-05-25
2025052505010733,NRIC,55,94,2206.0,1283.0,2830298.0,2025-05-25
2025052505010732,HIDCL,58,58,2314.0,294.0,680316.0,2025-05-25
2025052505010731,HIDCL,40,58,1136.0,294.0,333984.0,2025-05-25
2025052503014798,SINDU,33,57,20.0,844.0,16880.0,2025-05-25
2025052503014797,MLBL,38,48,50.0,394.0,19700.0,2025-05-25
2025052503014796,MLBL,33,48,180.0,394.0,70920.0,2025-05-25
2025052503014795,JFL,57,32,70.0,478.1,33467.0,2025-05-25
2025052504020966,HPPL,14,45,100.0,493.0,49300.0,2025-05-25
2025052501023959,CZBIL,84,26,100.0,216.9,21690.0,2025-05-25
2025052501023958,CZBIL,84,47,200.0,216.9,43380.0,2025-05-25
2025052501023957,CZBIL,84,90,200.0,216.9,43380.0,2025-05-25
2025052503014794,FOWAD,38,58,218.0,1191.0,259638.0,2025-05-25
2025052503014793,FOWAD,7,58,82.0,1191.1,97670.2,2025-05-25
2025052503014792,ALICL,85,48,10.0,718.9,7189.0,2025-05-25
2025052505010730,NTC,17,33,60.0,880.0,52800.0,2025-05-25
2025052505010729,CHDC,56,6,92.0,2551.0,234692.0,2025-05-25
2025052505010728,HRL,54,45,139.0,938.0,130382.0,2025-05-25
2025052505010727,HRL,54,80,61.0,938.0,57218.0,2025-05-25
2025052501023956,CREST,55,48,10.0,1863.0,18630.0,2025-05-25
2025052504020965,RADHI,86,58,400.0,791.0,316400.0,2025-05-25
2025052505010726,MEL,63,17,350.0,306.0,107100.0,2025-05-25
2025052505010725,MEL,63,58,150.0,305.9,45885.0,2025-05-25
2025052501023955,UNLB,49,57,20.0,2210.0,44200.0,2025-05-25
2025052503014791,ACLBSL,14,32,13.0,1108.0,14404.0,2025-05-25
2025052503014790,ACLBSL,14,22,236.0,1108.0,261488.0,2025-05-25
2025052501023954,NMIC,55,4,10.0,1960.2,19602.0,2025-05-25
2025052504020964,HURJA,18,16,10.0,249.5,2495.0,2025-05-25
2025052501023953,NABIL,94,45,160.0,495.1,79216.0,2025-05-25
2025052501023952,NABIL,17,45,130.0,495.1,64363.0,2025-05-25
2025052501023951,NABIL,66,45,400.0,495.1,198040.0,2025-05-25
2025052501023950,NABIL,22,45,60.0,496.0,29760.0,2025-05-25
2025052501023949,TPC,13,49,10.0,356.4,3564.0,2025-05-25
2025052501023948,TPC,13,29,10.0,355.5,3555.0,2025-05-25
2025052501023947,TPC,13,10,50.0,355.3,17765.0,2025-05-25
2025052501023946,TPC,13,38,20.0,355.2,7104.0,2025-05-25
2025052501023945,USHEC,39,1,120.0,473.3,56796.0,2025-05-25
2025052501023944,USHEC,34,1,50.0,474.0,23700.0,2025-05-25
2025052501023943,USHEC,57,1,100.0,475.0,47500.0,2025-05-25
2025052501023942,USHEC,57,1,100.0,475.0,47500.0,2025-05-25
2025052501023941,USHEC,91,1,10.0,475.0,4750.0,2025-05-25
2025052501023940,USHEC,89,1,10.0,476.0,4760.0,2025-05-25
2025052501023939,AHL,58,34,20.0,655.0,13100.0,2025-05-25
2025052501023938,BHL,45,45,29.0,216.1,6266.9,2025-05-25
2025052501023937,BHL,42,45,20.0,216.1,4322.0,2025-05-25
2025052501023936,BHL,42,45,200.0,216.2,43240.0,2025-05-25
2025052501023935,BHL,26,45,10.0,216.2,2162.0,2025-05-25
2025052501023934,BHL,42,45,20.0,216.2,4324.0,2025-05-25
2025052501023933,BHL,33,45,541.0,216.4,117072.4,2025-05-25
2025052501023932,BHL,35,45,20.0,216.5,4330.0,2025-05-25
2025052501023931,BHL,58,45,55.0,216.5,11907.5,2025-05-25
2025052501023930,BHL,63,45,95.0,216.5,20567.5,2025-05-25
2025052501023929,BHL,58,45,10.0,216.6,2166.0,2025-05-25
2025052503014789,SINDU,33,52,10.0,844.0,8440.0,2025-05-25
2025052505010724,NRIC,55,63,1500.0,1283.0,1924500.0,2025-05-25
2025052503014788,WNLB,53,4,10.0,2351.1,23511.0,2025-05-25
2025052504020963,SPDL,16,82,10.0,358.0,3580.0,2025-05-25
2025052503014787,SWMF,92,25,52.0,775.0,40300.0,2025-05-25
2025052503014786,SWMF,92,37,15.0,775.0,11625.0,2025-05-25
2025052503014785,SWMF,92,38,100.0,774.2,77420.0,2025-05-25
2025052503014784,SWMF,92,19,10.0,774.2,7742.0,2025-05-25
2025052503014783,SWMF,92,49,20.0,774.2,15484.0,2025-05-25
2025052503014782,SWMF,92,13,20.0,774.2,15484.0,2025-05-25
2025052503014781,SWMF,92,10,30.0,774.2,23226.0,2025-05-25
2025052503014780,SWMF,92,57,210.0,774.2,162582.0,2025-05-25
2025052504020962,SSHL,22,33,10.0,233.0,2330.0,2025-05-25
2025052501023928,MHL,38,35,10.0,614.0,6140.0,2025-05-25
2025052504020961,NGPL,65,32,75.0,373.2,27990.0,2025-05-25
2025052501023927,NABIL,22,17,812.0,497.0,403564.0,2025-05-25
2025052501023926,NABIL,22,42,10.0,497.0,4970.0,2025-05-25
2025052501023925,NABIL,22,11,130.0,496.8,64584.0,2025-05-25
2025052504020960,MEN,16,85,100.0,589.7,58970.0,2025-05-25
2025052504020959,MEN,21,85,10.0,589.7,5897.0,2025-05-25
2025052504020958,MEN,16,85,100.0,589.7,58970.0,2025-05-25
2025052503014779,SINDU,33,49,50.0,844.0,42200.0,2025-05-25
2025052501023924,NMIC,55,6,10.0,1960.2,19602.0,2025-05-25
2025052501023923,RFPL,8,19,190.0,497.0,94430.0,2025-05-25
2025052504020957,RADHI,56,55,500.0,790.2,395100.0,2025-05-25
2025052503014778,ALBSL,32,16,20.0,866.0,17320.0,2025-05-25
2025052504020956,UMHL,38,62,495.0,526.1,260419.5,2025-05-25
2025052504020955,UMHL,58,62,100.0,526.1,52610.0,2025-05-25
2025052504020954,UMHL,49,62,300.0,526.1,157830.0,2025-05-25
2025052504020953,UMHL,60,62,105.0,526.2,55251.0,2025-05-25
2025052501023922,BNHC,49,55,310.0,515.0,159650.0,2025-05-25
2025052501023921,BNHC,49,50,10.0,515.0,5150.0,2025-05-25
2025052501023920,BNHC,49,4,50.0,514.9,25745.0,2025-05-25
2025052501023919,BNHC,49,8,200.0,514.8,102960.0,2025-05-25
2025052501023918,BNHC,49,16,100.0,514.6,51460.0,2025-05-25
2025052501023917,BNHC,49,55,10.0,514.5,5145.0,2025-05-25
2025052501023916,BNHC,49,32,220.0,514.0,113080.0,2025-05-25
2025052504020952,RADHI,56,8,2000.0,790.2,1580400.0,2025-05-25
2025052504020951,RADHI,56,46,1000.0,790.2,790200.0,2025-05-25
2025052504020950,BPCL,32,58,20.0,476.0,9520.0,2025-05-25
2025052501023915,RHGCL,58,49,100.0,330.0,33000.0,2025-05-25
2025052504020949,API,22,45,1180.0,291.5,343970.0,2025-05-25
2025052504020948,UPCL,16,32,500.0,416.0,208000.0,2025-05-25
2025052505010723,HRL,38,80,15.0,938.0,14070.0,2025-05-25
2025052504020947,SHEL,41,14,386.0,265.0,102290.0,2025-05-25
2025052503014777,SINDU,33,45,39.0,844.0,32916.0,2025-05-25
2025052504020946,RURU,50,48,75.0,700.0,52500.0,2025-05-25
2025052504020945,RURU,50,48,25.0,700.0,17500.0,2025-05-25
2025052505010722,HATHY,38,35,20.0,1245.0,24900.0,2025-05-25
2025052504020944,NHPC,68,59,1380.0,218.5,301530.0,2025-05-25
2025052504020943,NHPC,14,59,100.0,218.5,21850.0,2025-05-25
2025052504020942,NHPC,96,59,20.0,218.6,4372.0,2025-05-25
2025052501023914,MAKAR,6,75,150.0,636.3,95445.0,2025-05-25
2025052501023913,MAKAR,57,75,360.0,636.4,229104.0,2025-05-25
2025052504020941,SGIC,26,62,85.0,567.0,48195.0,2025-05-25
2025052501023912,TPC,58,29,10.0,355.0,3550.0,2025-05-25
2025052504020940,RADHI,56,54,2500.0,790.2,1975500.0,2025-05-25
2025052503014776,MLBSL,21,38,50.0,2320.0,116000.0,2025-05-25
2025052501023911,RFPL,47,19,10.0,498.0,4980.0,2025-05-25
2025052505010721,SHIVM,1,58,100.0,525.0,52500.0,2025-05-25
2025052504020939,CHL,29,1,10.0,299.0,2990.0,2025-05-25
2025052501023910,PCBL,57,54,150.0,251.5,37725.0,2025-05-25
2025052505010720,HRL,55,80,250.0,938.0,234500.0,2025-05-25
2025052503014775,ILBS,62,49,100.0,919.0,91900.0,2025-05-25
2025052505010719,MBJC,37,44,20.0,312.3,6246.0,2025-05-25
2025052505010718,MBJC,54,44,50.0,312.4,15620.0,2025-05-25
2025052505010717,SMJC,59,43,10.0,500.0,5000.0,2025-05-25
2025052505010716,HRL,4,32,80.0,937.9,75032.0,2025-05-25
2025052501023909,PRVU,42,75,914.0,212.3,194042.2,2025-05-25
2025052501023908,PRVU,49,75,545.0,212.4,115758.0,2025-05-25
2025052501023907,PRVU,49,75,41.0,212.5,8712.5,2025-05-25
2025052504020938,NHDL,8,10,72.0,692.0,49824.0,2025-05-25
2025052504020937,NHDL,32,10,12.0,692.1,8305.2,2025-05-25
2025052504020936,NHDL,53,10,16.0,695.0,11120.0,2025-05-25
2025052505010715,HIDCL,40,92,364.0,294.0,107016.0,2025-05-25
2025052505010714,HIDCL,6,92,10.0,294.0,2940.0,2025-05-25
2025052505010713,HIDCL,57,92,100.0,294.0,29400.0,2025-05-25
2025052505010712,HIDCL,45,92,100.0,294.0,29400.0,2025-05-25
2025052505010711,HIDCL,14,92,300.0,294.0,88200.0,2025-05-25
2025052505010710,HIDCL,49,92,50.0,294.0,14700.0,2025-05-25
2025052505010709,HIDCL,8,92,119.0,294.0,34986.0,2025-05-25
2025052505010708,HIDCL,34,92,100.0,294.2,29420.0,2025-05-25
2025052505010707,HIDCL,38,92,200.0,294.3,58860.0,2025-05-25
2025052505010706,HIDCL,58,92,200.0,294.5,58900.0,2025-05-25
2025052505010705,HIDCL,41,92,457.0,294.6,134632.2,2025-05-25
2025052505010704,SMJC,49,41,10.0,497.1,4971.0,2025-05-25
2025052503014774,MATRI,42,45,11.0,1223.0,13453.0,2025-05-25
2025052504020935,LEC,34,57,700.0,212.8,148960.0,2025-05-25
2025052501023906,NMIC,55,35,10.0,1960.2,19602.0,2025-05-25
2025052503014773,PROFL,11,62,94.0,496.0,46624.0,2025-05-25
2025052505010703,NRN,58,42,10.0,2039.0,20390.0,2025-05-25
2025052501023905,TVCL,3,55,450.0,475.0,213750.0,2025-05-25
2025052503014772,HLI,57,45,45.0,412.0,18540.0,2025-05-25
2025052503014771,HLI,25,45,13.0,412.0,5356.0,2025-05-25
2025052503014770,HLI,57,45,14.0,412.1,5769.4,2025-05-25
2025052503014769,HLI,45,45,88.0,412.1,36264.8,2025-05-25
2025052503014768,HLI,26,45,122.0,412.2,50288.4,2025-05-25
2025052505010702,GCIL,36,35,135.0,502.1,67783.5,2025-05-25
2025052505010701,GCIL,36,35,45.0,502.1,22594.5,2025-05-25
2025052504020934,CGH,59,95,40.0,876.1,35044.0,2025-05-25
2025052504020933,RIDI,7,19,322.0,264.8,85265.6,2025-05-25
2025052504020932,RIDI,7,62,60.0,264.8,15888.0,2025-05-25
2025052504020931,RIDI,7,59,118.0,263.0,31034.0,2025-05-25
2025052501023904,NIMB,47,78,400.0,217.9,87160.0,2025-05-25
2025052505010700,NRIC,6,60,44.0,1284.0,56496.0,2025-05-25
2025052503014767,LBBL,57,34,150.0,448.8,67320.0,2025-05-25
2025052501023903,NICA,29,38,1000.0,366.1,366100.0,2025-05-25
2025052501023902,SGHC,80,45,10.0,440.0,4400.0,2025-05-25
2025052501023901,GMLI,55,42,40.0,2589.0,103560.0,2025-05-25
2025052505010699,SMJC,49,55,50.0,497.1,24855.0,2025-05-25
2025052504020930,TRH,22,20,10.0,953.0,9530.0,2025-05-25
2025052505010698,NIFRA,34,16,14.0,280.0,3920.0,2025-05-25
2025052504020929,AKPL,32,26,500.0,242.0,121000.0,2025-05-25
2025052504020928,AKPL,32,40,500.0,242.0,121000.0,2025-05-25
2025052504020927,NLG,55,4,788.0,845.0,665860.0,2025-05-25
2025052505010697,NRIC,6,71,1053.0,1284.0,1352052.0,2025-05-25
2025052501023900,SARBTM,1,67,100.0,851.1,85110.0,2025-05-25
2025052505010696,HIDCL,41,45,20.0,294.6,5892.0,2025-05-25
2025052505010695,HIDCL,41,33,23.0,294.6,6775.8,2025-05-25
2025052503014766,PMLI,13,21,60.0,550.6,33036.0,2025-05-25
2025052503014765,PMLI,52,21,40.0,550.7,22028.0,2025-05-25
2025052504020926,AKPL,53,95,79.0,241.6,19086.4,2025-05-25
2025052501023899,NESDO,37,57,100.0,1697.9,169790.0,2025-05-25
2025052504020925,LEC,52,57,300.0,212.8,63840.0,2025-05-25
2025052504020924,API,22,25,200.0,291.5,58300.0,2025-05-25
2025052503014764,SADBL,70,39,300.0,424.9,127470.0,2025-05-25
2025052503014763,SADBL,70,43,100.0,424.9,42490.0,2025-05-25
2025052503014762,SADBL,70,43,200.0,424.8,84960.0,2025-05-25
2025052501023898,KBL,1,57,530.0,218.0,115540.0,2025-05-25
2025052501023897,KBL,1,1,200.0,218.0,43600.0,2025-05-25
2025052501023896,KBL,1,42,50.0,218.0,10900.0,2025-05-25
2025052501023895,KBL,1,57,212.0,218.0,46216.0,2025-05-25
2025052501023894,KBL,1,58,2000.0,218.0,436000.0,2025-05-25
2025052501023893,KBL,1,11,100.0,218.0,21800.0,2025-05-25
2025052501023892,KBL,1,43,10.0,218.0,2180.0,2025-05-25
2025052501023891,KBL,1,49,500.0,218.0,109000.0,2025-05-25
2025052501023890,KBL,1,34,200.0,218.0,43600.0,2025-05-25
2025052501023889,KBL,1,14,500.0,218.0,109000.0,2025-05-25
2025052501023888,KBL,1,29,1600.0,218.0,348800.0,2025-05-25
2025052501023887,KBL,1,46,2000.0,218.0,436000.0,2025-05-25
2025052501023886,KBL,1,19,100.0,218.0,21800.0,2025-05-25
2025052501023885,KBL,1,41,1000.0,218.0,218000.0,2025-05-25
2025052501023884,KBL,1,11,100.0,218.0,21800.0,2025-05-25
2025052501023883,KBL,1,34,1000.0,218.0,218000.0,2025-05-25
2025052501023882,KBL,1,41,402.0,218.0,87636.0,2025-05-25
2025052501023881,KBL,1,42,10.0,218.0,2180.0,2025-05-25
2025052501023880,KBL,1,42,243.0,218.0,52974.0,2025-05-25
2025052501023879,KBL,1,14,100.0,218.0,21800.0,2025-05-25
2025052501023878,KBL,1,55,17.0,218.0,3706.0,2025-05-25
2025052501023877,KBL,1,49,20.0,218.0,4360.0,2025-05-25
2025052501023876,KBL,1,39,37.0,218.0,8066.0,2025-05-25
2025052501023875,KBL,1,58,10.0,218.0,2180.0,2025-05-25
2025052501023874,KBL,1,44,402.0,217.9,87595.8,2025-05-25
2025052501023873,KBL,1,46,995.0,217.9,216810.5,2025-05-25
2025052501023872,KBL,1,59,1000.0,217.9,217900.0,2025-05-25
2025052501023871,KBL,1,48,300.0,217.9,65370.0,2025-05-25
2025052501023870,KBL,1,40,300.0,217.9,65370.0,2025-05-25
2025052501023869,KBL,1,43,200.0,217.9,43580.0,2025-05-25
2025052501023868,KBL,1,21,932.0,217.8,202989.6,2025-05-25
2025052501023867,KBL,1,34,200.0,217.8,43560.0,2025-05-25
2025052501023866,KBL,1,53,100.0,217.8,21780.0,2025-05-25
2025052501023865,KBL,1,21,50.0,217.7,10885.0,2025-05-25
2025052501023864,KBL,1,42,30.0,217.6,6528.0,2025-05-25
2025052501023863,KBL,1,49,1000.0,217.5,217500.0,2025-05-25
2025052501023862,KBL,1,38,500.0,217.5,108750.0,2025-05-25
2025052501023861,KBL,1,41,500.0,217.5,108750.0,2025-05-25
2025052501023860,KBL,1,58,320.0,217.5,69600.0,2025-05-25
2025052501023859,KBL,1,57,500.0,217.4,108700.0,2025-05-25
2025052501023858,KBL,1,53,100.0,217.3,21730.0,2025-05-25
2025052501023857,KBL,1,14,50.0,217.2,10860.0,2025-05-25
2025052501023856,KBL,1,38,300.0,217.2,65160.0,2025-05-25
2025052501023855,KBL,1,58,200.0,217.2,43440.0,2025-05-25
2025052501023854,KBL,1,22,20.0,217.1,4342.0,2025-05-25
2025052501023853,KBL,1,48,400.0,217.1,86840.0,2025-05-25
2025052501023852,KBL,1,94,1000.0,217.1,217100.0,2025-05-25
2025052501023851,KBL,1,57,25.0,217.0,5425.0,2025-05-25
2025052501023850,KBL,1,38,500.0,217.0,108500.0,2025-05-25
2025052501023849,KBL,1,92,1000.0,217.0,217000.0,2025-05-25
2025052501023848,KBL,1,16,1000.0,217.0,217000.0,2025-05-25
2025052501023847,KBL,1,1,1100.0,217.0,238700.0,2025-05-25
2025052501023846,KBL,1,13,100.0,217.0,21700.0,2025-05-25
2025052501023845,KBL,1,39,100.0,217.0,21700.0,2025-05-25
2025052501023844,KBL,1,45,1400.0,217.0,303800.0,2025-05-25
2025052501023843,KBL,1,58,50.0,217.0,10850.0,2025-05-25
2025052501023842,KBL,1,17,500.0,217.0,108500.0,2025-05-25
2025052501023841,KBL,1,26,500.0,217.0,108500.0,2025-05-25
2025052501023840,KBL,1,58,250.0,217.0,54250.0,2025-05-25
2025052501023839,KBL,1,38,676.0,217.0,146692.0,2025-05-25
2025052501023838,KBL,1,8,800.0,216.9,173520.0,2025-05-25
2025052501023837,NIMB,42,32,165.0,217.0,35805.0,2025-05-25
2025052505010694,VLUCL,77,32,200.0,612.7,122540.0,2025-05-25
2025052504020923,SHEL,45,14,200.0,265.0,53000.0,2025-05-25
2025052505010693,NRN,58,42,59.0,2039.0,120301.0,2025-05-25
2025052505010692,NRN,58,59,30.0,2035.0,61050.0,2025-05-25
2025052505010691,NRN,58,53,11.0,2028.0,22308.0,2025-05-25
2025052504020922,RIDI,60,43,2486.0,262.0,651332.0,2025-05-25
2025052504020921,RIDI,58,43,99.0,262.5,25987.5,2025-05-25
2025052504020920,AKJCL,49,34,2600.0,207.5,539500.0,2025-05-25
2025052504020919,AKJCL,38,34,400.0,207.8,83120.0,2025-05-25
2025052505010690,KDBY,58,4,5000.0,9.65,48250.0,2025-05-25
2025052505010689,SAHAS,19,57,30.0,521.0,15630.0,2025-05-25
2025052504020918,AKPL,70,45,41.0,241.0,9881.0,2025-05-25
2025052504020917,RADHI,29,59,100.0,790.0,79000.0,2025-05-25
2025052504020916,GHL,56,41,37.0,250.0,9250.0,2025-05-25
2025052501023836,CKHL,58,59,10.0,659.1,6591.0,2025-05-25
2025052501023835,GBIME,41,14,1091.0,231.1,252130.1,2025-05-25
2025052501023834,GBIME,59,14,500.0,231.2,115600.0,2025-05-25
2025052501023833,GBIME,49,14,100.0,231.2,23120.0,2025-05-25
2025052501023832,GBIME,45,14,72.0,231.3,16653.6,2025-05-25
2025052501023831,GBIME,14,14,200.0,231.3,46260.0,2025-05-25
2025052501023830,GBIME,34,14,721.0,231.4,166839.4,2025-05-25
2025052501023829,GBIME,58,14,410.0,231.5,94915.0,2025-05-25
2025052504020915,UPCL,82,32,1678.0,416.0,698048.0,2025-05-25
2025052504020914,UPCL,82,64,198.0,416.0,82368.0,2025-05-25
2025052504020913,UPCL,82,16,100.0,415.2,41520.0,2025-05-25
2025052504020912,UPCL,82,49,24.0,415.0,9960.0,2025-05-25
2025052504020911,UPCL,94,48,600.0,414.6,248760.0,2025-05-25
2025052504020910,RADHI,29,75,2675.0,790.0,2113250.0,2025-05-25
2025052504020909,RADHI,64,75,50.0,790.0,39500.0,2025-05-25
2025052504020908,RADHI,7,75,20.0,790.0,15800.0,2025-05-25
2025052504020907,RADHI,28,75,20.0,790.0,15800.0,2025-05-25
2025052504020906,RADHI,37,75,200.0,790.0,158000.0,2025-05-25
2025052504020905,RADHI,50,75,10.0,790.0,7900.0,2025-05-25
2025052504020904,RADHI,55,75,25.0,790.0,19750.0,2025-05-25
2025052504020903,SHEL,68,14,14.0,265.0,3710.0,2025-05-25
2025052503014761,LICN,43,29,91.0,921.0,83811.0,2025-05-25
2025052504020902,UMRH,34,19,75.0,549.0,41175.0,2025-05-25
2025052504020901,UMRH,49,19,25.0,549.1,13727.5,2025-05-25
2025052501023828,EBL,58,22,10.0,644.0,6440.0,2025-05-25
2025052501023827,SBL,56,37,10.0,295.5,2955.0,2025-05-25
2025052504020900,UPCL,65,49,976.0,415.1,405137.6,2025-05-25
2025052501023826,MEHL,7,34,10.0,446.0,4460.0,2025-05-25
2025052504020899,API,58,6,493.0,291.8,143857.4,2025-05-25
2025052504020898,API,58,13,375.0,291.8,109425.0,2025-05-25
2025052504020897,UNHPL,34,48,1000.0,320.1,320100.0,2025-05-25
2025052504020896,RIDI,45,59,20.0,263.0,5260.0,2025-05-25
2025052504020895,RIDI,6,59,220.0,264.6,58212.0,2025-05-25
2025052505010688,VLUCL,35,32,10.0,613.0,6130.0,2025-05-25
2025052501023825,CREST,21,58,10.0,1864.0,18640.0,2025-05-25
2025052501023824,KDL,14,34,10.0,1160.0,11600.0,2025-05-25
2025052503014760,WNLB,50,45,10.0,2355.0,23550.0,2025-05-25
2025052501023823,SRLI,41,38,100.0,407.7,40770.0,2025-05-25
2025052504020894,SHEL,68,4,86.0,265.0,22790.0,2025-05-25
2025052501023822,PRVU,13,19,52.0,213.0,11076.0,2025-05-25
2025052501023821,MBL,22,26,450.0,227.1,102195.0,2025-05-25
2025052501023820,MBL,11,26,50.0,227.3,11365.0,2025-05-25
2025052501023819,HBL,11,41,57.0,229.0,13053.0,2025-05-25
2025052501023818,PRVU,13,17,100.0,213.0,21300.0,2025-05-25
2025052503014759,MERO,56,63,300.0,785.0,235500.0,2025-05-25
2025052503014758,MERO,45,63,10.0,785.0,7850.0,2025-05-25
2025052503014757,MERO,52,63,35.0,785.0,27475.0,2025-05-25
2025052501023817,BNHC,49,32,780.0,514.0,400920.0,2025-05-25
2025052501023816,BNHC,49,75,120.0,514.0,61680.0,2025-05-25
2025052501023815,NMB,36,3,10.0,250.0,2500.0,2025-05-25
2025052505010687,SAHAS,62,57,50.0,521.0,26050.0,2025-05-25
2025052505010686,SAHAS,84,57,200.0,521.0,104200.0,2025-05-25
2025052505010685,SAHAS,57,57,10.0,521.0,5210.0,2025-05-25
2025052501023814,SANIMA,57,50,1000.0,323.0,323000.0,2025-05-25
2025052503014756,SMB,43,25,21.0,2368.0,49728.0,2025-05-25
2025052503014755,MLBBL,36,53,29.0,1553.0,45037.0,2025-05-25
2025052501023813,MEHL,34,71,19.0,443.2,8420.8,2025-05-25
2025052503014754,KMCDB,62,4,10.0,1090.0,10900.0,2025-05-25
2025052501023812,CITY,34,59,50.0,852.0,42600.0,2025-05-25
2025052503014753,GFCL,42,49,225.0,640.0,144000.0,2025-05-25
2025052503014752,GFCL,14,49,40.0,640.0,25600.0,2025-05-25
2025052503014751,GFCL,59,49,35.0,640.1,22403.5,2025-05-25
2025052504020893,LEC,52,70,200.0,212.8,42560.0,2025-05-25
2025052503014750,NLIC,71,42,10.0,760.0,7600.0,2025-05-25
2025052501023811,CREST,47,4,10.0,1865.0,18650.0,2025-05-25
2025052505010684,NIFRA,48,39,288.0,283.0,81504.0,2025-05-25
2025052505010683,NIFRA,48,22,10.0,283.0,2830.0,2025-05-25
2025052505010682,NIFRA,48,51,54.0,283.0,15282.0,2025-05-25
2025052505010681,NIFRA,48,38,134.0,283.0,37922.0,2025-05-25
2025052505010680,NIFRA,48,36,14.0,283.0,3962.0,2025-05-25
2025052505010679,NIFRA,48,32,30.0,282.8,8484.0,2025-05-25
2025052505010678,NIFRA,48,4,200.0,282.7,56540.0,2025-05-25
2025052505010677,NIFRA,48,56,21.0,282.0,5922.0,2025-05-25
2025052505010676,NIFRA,48,38,10.0,282.0,2820.0,2025-05-25
2025052505010675,NIFRA,48,46,239.0,282.0,67398.0,2025-05-25
2025052503014749,NLIC,17,82,18.0,760.2,13683.6,2025-05-25
2025052501023810,GMLI,55,58,10.0,2589.0,25890.0,2025-05-25
2025052504020892,GHL,56,52,10.0,250.0,2500.0,2025-05-25
2025052504020891,GHL,56,52,30.0,250.0,7500.0,2025-05-25
2025052504020890,GHL,56,6,100.0,250.0,25000.0,2025-05-25
2025052504020889,GHL,56,1,180.0,248.0,44640.0,2025-05-25
2025052504020888,JOSHI,36,48,100.0,386.0,38600.0,2025-05-25
2025052505010674,NRIC,6,80,1000.0,1284.0,1284000.0,2025-05-25
2025052503014748,NADEP,5,51,83.0,900.0,74700.0,2025-05-25
2025052503014747,NADEP,5,5,56.0,900.0,50400.0,2025-05-25
2025052503014746,NADEP,5,36,50.0,900.0,45000.0,2025-05-25
2025052503014745,NADEP,5,16,50.0,899.9,44995.0,2025-05-25
2025052503014744,NADEP,5,57,80.0,899.5,71960.0,2025-05-25
2025052503014743,NADEP,5,47,99.0,898.8,88981.2,2025-05-25
2025052503014742,NADEP,5,21,10.0,898.8,8988.0,2025-05-25
2025052503014741,NADEP,5,16,57.0,898.0,51186.0,2025-05-25
2025052504020887,UPPER,42,50,199.0,200.3,39859.7,2025-05-25
2025052504020886,UPPER,54,50,300.0,200.3,60090.0,2025-05-25
2025052504020885,UPPER,13,50,1000.0,200.4,200400.0,2025-05-25
2025052504020884,UPPER,39,50,200.0,200.4,40080.0,2025-05-25
2025052504020883,UPPER,54,50,300.0,200.4,60120.0,2025-05-25
2025052504020882,UPPER,6,50,200.0,200.5,40100.0,2025-05-25
2025052504020881,UPPER,41,50,1000.0,200.5,200500.0,2025-05-25
2025052504020880,UPPER,34,50,200.0,200.5,40100.0,2025-05-25
2025052504020879,UPPER,14,50,20.0,200.5,4010.0,2025-05-25
2025052504020878,UPPER,25,50,381.0,200.5,76390.5,2025-05-25
2025052504020877,UPPER,42,50,200.0,200.6,40120.0,2025-05-25
2025052504020876,GHL,49,1,10.0,248.0,2480.0,2025-05-25
2025052504020875,UMHL,47,42,200.0,529.0,105800.0,2025-05-25
2025052504020874,DHPL,26,37,86.0,336.4,28930.4,2025-05-25
2025052504020873,DHPL,36,37,354.0,337.9,119616.6,2025-05-25
2025052504020872,UMHL,60,62,395.0,526.2,207849.0,2025-05-25
2025052504020871,UMHL,43,62,500.0,526.3,263150.0,2025-05-25
2025052504020870,UMHL,62,62,55.0,527.0,28985.0,2025-05-25
2025052504020869,UMHL,33,62,50.0,527.1,26355.0,2025-05-25
2025052505010673,HATHY,38,33,30.0,1245.0,37350.0,2025-05-25
2025052501023809,RHGCL,38,44,20.0,331.0,6620.0,2025-05-25
2025052505010672,GCIL,36,77,11.0,502.1,5523.1,2025-05-25
2025052503014740,MPFL,36,34,200.0,601.0,120200.0,2025-05-25
2025052503014739,MPFL,13,34,30.0,602.0,18060.0,2025-05-25
2025052504020868,RIDI,6,49,400.0,264.6,105840.0,2025-05-25
2025052501023808,MAKAR,57,57,640.0,636.4,407296.0,2025-05-25
2025052501023807,MAKAR,45,57,50.0,636.4,31820.0,2025-05-25
2025052501023806,MAKAR,52,57,200.0,636.5,127300.0,2025-05-25
2025052501023805,MAKAR,50,57,110.0,636.6,70026.0,2025-05-25
2025052503014738,CBBL,14,74,30.0,917.9,27537.0,2025-05-25
2025052503014737,PFL,35,17,100.0,407.6,40760.0,2025-05-25
2025052505010671,NRIC,6,39,10.0,1284.0,12840.0,2025-05-25
2025052501023804,EBL,33,11,75.0,642.0,48150.0,2025-05-25
2025052504020867,NGPL,33,87,206.0,373.1,76858.6,2025-05-25
2025052503014736,SKBBL,42,52,40.0,819.0,32760.0,2025-05-25
2025052501023803,KBL,86,8,800.0,216.9,173520.0,2025-05-25
2025052504020866,NGPL,33,58,300.0,373.1,111930.0,2025-05-25
2025052501023802,NMIC,58,14,10.0,1962.0,19620.0,2025-05-25
2025052505010670,HIDCL,68,33,222.0,294.6,65401.2,2025-05-25
2025052503014735,SMPDA,7,43,10.0,982.0,9820.0,2025-05-25
2025052504020865,NLG,55,52,715.0,845.0,604175.0,2025-05-25
2025052504020864,NLG,57,52,285.0,845.1,240853.5,2025-05-25
2025052503014734,NUBL,56,57,20.0,713.9,14278.0,2025-05-25
2025052504020863,HURJA,48,16,15.0,249.5,3742.5,2025-05-25
2025052504020862,HURJA,48,11,235.0,249.5,58632.5,2025-05-25
2025052504020861,CHCL,28,7,700.0,489.5,342650.0,2025-05-25
2025052504020860,NGPL,33,42,700.0,373.1,261170.0,2025-05-25
2025052504020859,NGPL,78,42,300.0,373.2,111960.0,2025-05-25
2025052505010669,HRL,59,80,10.0,938.0,9380.0,2025-05-25
2025052503014733,JBBL,35,22,100.0,336.1,33610.0,2025-05-25
2025052504020858,JOSHI,32,48,30.0,385.1,11553.0,2025-05-25
2025052503014732,ALICL,29,48,10.0,718.9,7189.0,2025-05-25
2025052504020857,GHL,29,1,10.0,248.0,2480.0,2025-05-25
2025052501023801,TVCL,16,55,500.0,475.0,237500.0,2025-05-25
2025052501023800,TVCL,45,55,50.0,475.0,23750.0,2025-05-25
2025052504020856,SHPC,40,6,86.0,553.0,47558.0,2025-05-25
2025052504020855,SHPC,78,6,14.0,553.1,7743.4,2025-05-25
2025052501023799,MKCL,41,57,10.0,1553.0,15530.0,2025-05-25
2025052504020854,HPPL,14,38,50.0,494.0,24700.0,2025-05-25
2025052504020853,CHL,38,1,10.0,299.0,2990.0,2025-05-25
2025052501023798,SPC,19,34,200.0,507.0,101400.0,2025-05-25
2025052505010668,NIFRA,34,41,54.0,280.0,15120.0,2025-05-25
2025052501023797,MEHL,33,34,990.0,446.0,441540.0,2025-05-25
2025052501023796,MEHL,1,34,100.0,447.0,44700.0,2025-05-25
2025052501023795,NICA,51,51,100.0,366.5,36650.0,2025-05-25
2025052504020852,BARUN,45,55,350.0,512.0,179200.0,2025-05-25
2025052505010667,HIDCL,36,33,65.0,294.6,19149.0,2025-05-25
2025052501023794,UHEWA,42,85,10.0,549.9,5499.0,2025-05-25
2025052505010666,SAHAS,58,45,277.0,522.0,144594.0,2025-05-25
2025052505010665,SAHAS,58,58,223.0,522.0,116406.0,2025-05-25
2025052501023793,MHCL,57,57,90.0,468.0,42120.0,2025-05-25
2025052501023792,MHCL,65,57,100.0,468.0,46800.0,2025-05-25
2025052501023791,MHCL,7,57,310.0,468.1,145111.0,2025-05-25
2025052501023790,NMB,22,3,100.0,250.0,25000.0,2025-05-25
2025052501023789,SBL,45,59,50.0,296.0,14800.0,2025-05-25
2025052504020851,HURJA,50,54,10.0,249.9,2499.0,2025-05-25
2025052503014731,RLFL,49,45,10.0,488.0,4880.0,2025-05-25
2025052503014730,MLBL,33,13,1000.0,394.0,394000.0,2025-05-25
2025052504020850,SSHL,34,32,10.0,232.0,2320.0,2025-05-25
2025052504020849,SSHL,42,32,20.0,232.0,4640.0,2025-05-25
2025052504020848,SSHL,17,32,470.0,232.0,109040.0,2025-05-25
2025052504020847,SHPC,45,45,112.0,555.0,62160.0,2025-05-25
2025052505010664,HRL,49,80,50.0,938.0,46900.0,2025-05-25
2025052503014729,PFL,58,26,12.0,408.0,4896.0,2025-05-25
2025052505010663,NRN,43,64,76.0,2023.0,153748.0,2025-05-25
2025052501023788,BHPL,39,1,10.0,1000.0,10000.0,2025-05-25
2025052505010662,RNLI,38,7,50.0,514.6,25730.0,2025-05-25
2025052501023787,NMIC,55,95,50.0,1960.2,98010.0,2025-05-25
2025052501023786,NMIC,49,56,10.0,1960.2,19602.0,2025-05-25
2025052505010661,NRN,43,48,250.0,2023.0,505750.0,2025-05-25
2025052504020846,BPCL,13,38,40.0,475.7,19028.0,2025-05-25
2025052504020845,BPCL,58,38,360.0,475.8,171288.0,2025-05-25
2025052503014728,JFL,57,44,200.0,478.1,95620.0,2025-05-25
2025052501023785,ANLB,74,6,10.0,5340.1,53401.0,2025-05-25
2025052501023784,NYADI,41,17,130.0,426.0,55380.0,2025-05-25
2025052501023783,NYADI,41,14,450.0,424.0,190800.0,2025-05-25
2025052501023782,NYADI,41,21,373.0,423.9,158114.7,2025-05-25
2025052501023781,NYADI,41,47,47.0,423.0,19881.0,2025-05-25
2025052501023780,RFPL,7,50,10.0,500.0,5000.0,2025-05-25
2025052504020844,UNHPL,34,19,200.0,320.1,64020.0,2025-05-25
2025052501023779,SHLB,45,49,10.0,2140.0,21400.0,2025-05-25
2025052505010660,HIDCL,42,22,2.0,295.0,590.0,2025-05-25
2025052505010659,HRL,41,80,400.0,938.0,375200.0,2025-05-25
2025052505010658,HRL,45,80,19.0,938.0,17822.0,2025-05-25
2025052505010657,HRL,52,80,20.0,938.0,18760.0,2025-05-25
2025052505010656,HRL,57,80,75.0,938.0,70350.0,2025-05-25
2025052504020843,SHL,75,83,200.0,560.6,112120.0,2025-05-25
2025052504020842,SHL,59,83,800.0,561.0,448800.0,2025-05-25
2025052505010655,HRL,21,48,216.0,938.0,202608.0,2025-05-25
2025052505010654,HRL,91,48,35.0,938.1,32833.5,2025-05-25
2025052505010653,HRL,6,48,100.0,938.2,93820.0,2025-05-25
2025052503014727,CFCL,52,32,155.0,526.0,81530.0,2025-05-25
2025052503014726,CFCL,45,32,50.0,526.0,26300.0,2025-05-25
2025052503014725,CFCL,4,32,200.0,526.1,105220.0,2025-05-25
2025052503014724,CFCL,36,32,45.0,526.1,23674.5,2025-05-25
2025052503014723,CFCL,57,32,50.0,526.2,26310.0,2025-05-25
2025052504020841,SHPC,78,86,50.0,553.1,27655.0,2025-05-25
2025052504020840,SHEL,38,4,50.0,265.0,13250.0,2025-05-25
2025052504020839,UPCL,65,58,24.0,415.0,9960.0,2025-05-25
2025052503014722,MFIL,35,55,10.0,599.0,5990.0,2025-05-25
2025052503014721,SWBBL,62,6,200.0,863.0,172600.0,2025-05-25
2025052501023778,GMLI,55,34,10.0,2589.0,25890.0,2025-05-25
2025052504020838,UPCL,84,58,100.0,415.0,41500.0,2025-05-25
2025052503014720,SHINE,36,57,12.0,409.0,4908.0,2025-05-25
2025052505010652,HRL,1,48,100.0,938.5,93850.0,2025-05-25
2025052505010651,HRL,34,48,60.0,938.5,56310.0,2025-05-25
2025052505010650,HRL,58,48,20.0,938.5,18770.0,2025-05-25
2025052504020837,SHL,59,40,200.0,561.0,112200.0,2025-05-25
2025052504020836,RADHI,42,58,321.0,791.0,253911.0,2025-05-25
2025052504020835,RADHI,7,58,20.0,791.0,15820.0,2025-05-25
2025052504020834,RADHI,45,58,380.0,791.0,300580.0,2025-05-25
2025052504020833,AHPC,22,40,35.0,281.0,9835.0,2025-05-25
2025052501023777,BHL,63,32,110.0,216.5,23815.0,2025-05-25
2025052504020832,API,13,13,250.0,291.8,72950.0,2025-05-25
2025052501023776,CREST,47,49,10.0,1865.0,18650.0,2025-05-25
2025052501023775,CREST,47,26,10.0,1865.0,18650.0,2025-05-25
2025052501023774,CREST,47,59,10.0,1865.0,18650.0,2025-05-25
2025052501023773,SGHC,14,45,12.0,440.0,5280.0,2025-05-25
2025052501023772,TVCL,45,48,150.0,475.0,71250.0,2025-05-25
2025052501023771,TVCL,38,48,50.0,475.0,23750.0,2025-05-25
2025052503014719,SINDU,33,57,20.0,844.0,16880.0,2025-05-25
2025052501023770,ADBL,45,5,100.0,295.0,29500.0,2025-05-25
2025052501023769,CITY,19,35,11.0,856.0,9416.0,2025-05-25
2025052501023768,CITY,19,13,20.0,856.0,17120.0,2025-05-25
2025052501023767,CITY,19,49,10.0,856.0,8560.0,2025-05-25
2025052501023766,CITY,19,58,10.0,855.0,8550.0,2025-05-25
2025052501023765,CITY,19,58,10.0,855.0,8550.0,2025-05-25
2025052501023764,CITY,19,17,25.0,853.9,21347.5,2025-05-25
2025052501023763,CITY,19,5,10.0,853.9,8539.0,2025-05-25
2025052504020831,DHPL,36,74,146.0,337.9,49333.4,2025-05-25
2025052501023762,DOLTI,58,50,10.0,560.0,5600.0,2025-05-25
2025052501023761,LSL,8,26,208.0,225.4,46883.2,2025-05-25
2025052501023760,LSL,8,77,1000.0,225.4,225400.0,2025-05-25
2025052501023759,LSL,8,3,300.0,225.4,67620.0,2025-05-25
2025052501023758,LSL,8,48,300.0,225.3,67590.0,2025-05-25
2025052501023757,LSL,8,25,35.0,225.0,7875.0,2025-05-25
2025052501023756,LSL,8,45,200.0,225.0,45000.0,2025-05-25
2025052501023755,LSL,8,11,100.0,225.0,22500.0,2025-05-25
2025052501023754,LSL,8,35,357.0,224.5,80146.5,2025-05-25
2025052503014718,MLBL,33,48,500.0,394.0,197000.0,2025-05-25
2025052501023753,RFPL,45,45,10.0,500.0,5000.0,2025-05-25
2025052504020830,CGH,32,22,500.0,877.0,438500.0,2025-05-25
2025052505010649,SONA,32,67,10.0,464.0,4640.0,2025-05-25
2025052505010648,NRIC,6,63,500.0,1284.0,642000.0,2025-05-25
2025052505010647,NTC,32,48,525.0,880.6,462315.0,2025-05-25
2025052501023752,PRVU,13,59,98.0,213.0,20874.0,2025-05-25
2025052501023751,PRVU,50,59,1000.0,213.0,213000.0,2025-05-25
2025052501023750,PRVU,42,59,10.0,213.0,2130.0,2025-05-25
2025052501023749,PRVU,69,59,2360.0,213.0,502680.0,2025-05-25
2025052501023748,PRVU,6,59,1000.0,213.1,213100.0,2025-05-25
2025052501023747,PRVU,49,59,5000.0,213.3,1066500.0,2025-05-25
2025052501023746,PRVU,6,59,212.0,213.3,45219.6,2025-05-25
2025052501023745,PRVU,58,59,100.0,213.4,21340.0,2025-05-25
2025052504020829,RADHI,69,14,10.0,792.0,7920.0,2025-05-25
2025052501023744,PRVU,5,59,20.0,213.4,4268.0,2025-05-25
2025052501023743,PRVU,57,59,200.0,213.5,42700.0,2025-05-25
2025052504020828,UNHPL,49,45,10.0,321.0,3210.0,2025-05-25
2025052503014717,KMCDB,28,14,30.0,1089.9,32697.0,2025-05-25
2025052503014716,NFS,13,13,150.0,624.0,93600.0,2025-05-25
2025052503014715,NFS,34,13,410.0,624.0,255840.0,2025-05-25
2025052501023742,GBIME,34,51,243.0,231.4,56230.2,2025-05-25
2025052505010646,NSIF2,58,45,100.0,10.7,1070.0,2025-05-25
2025052504020827,UPCL,39,58,100.0,415.0,41500.0,2025-05-25
2025052503014714,PFL,14,26,20.0,408.0,8160.0,2025-05-25
2025052504020826,NGPL,33,38,175.0,373.1,65292.5,2025-05-25
2025052504020825,NGPL,94,38,275.0,373.2,102630.0,2025-05-25
2025052501023741,BHL,63,36,295.0,216.5,63867.5,2025-05-25
2025052503014713,KMCDB,62,14,10.0,1089.9,10899.0,2025-05-25
2025052503014712,NLIC,71,74,13.0,760.0,9880.0,2025-05-25
2025052505010645,NRN,43,92,100.0,2023.0,202300.0,2025-05-25
2025052505010644,NRN,91,92,100.0,2023.1,202310.0,2025-05-25
2025052505010643,NRN,91,92,100.0,2023.1,202310.0,2025-05-25
2025052505010642,NRN,43,92,300.0,2023.1,606930.0,2025-05-25
2025052505010641,NRN,29,92,400.0,2023.3,809320.0,2025-05-25
2025052503014711,SWBBL,84,34,20.0,863.0,17260.0,2025-05-25
2025052503014710,SADBL,58,40,196.0,424.7,83241.2,2025-05-25
2025052503014709,ACLBSL,57,22,34.0,1108.0,37672.0,2025-05-25
2025052503014708,FOWAD,36,57,10.0,1194.0,11940.0,2025-05-25
2025052501023740,NICA,21,17,170.0,366.8,62356.0,2025-05-25
2025052501023739,NICA,21,17,330.0,366.8,121044.0,2025-05-25
2025052501023738,BHDC,22,50,15.0,462.0,6930.0,2025-05-25
2025052501023737,BHDC,89,50,10.0,462.0,4620.0,2025-05-25
2025052501023736,BHDC,34,50,25.0,462.1,11552.5,2025-05-25
2025052505010640,HIDCL,32,57,20.0,295.0,5900.0,2025-05-25
2025052504020824,UMRH,34,3,52.0,549.0,28548.0,2025-05-25
2025052504020823,UMRH,19,3,18.0,549.0,9882.0,2025-05-25
2025052504020822,AKJCL,38,54,100.0,207.7,20770.0,2025-05-25
2025052504020821,CGH,57,5,100.0,879.9,87990.0,2025-05-25
2025052504020820,GHL,58,35,200.0,248.8,49760.0,2025-05-25
2025052505010639,PHCL,52,57,21.0,566.0,11886.0,2025-05-25
2025052505010638,PHCL,57,57,50.0,566.0,28300.0,2025-05-25
2025052505010637,PHCL,49,57,139.0,566.0,78674.0,2025-05-25
2025052505010636,PHCL,60,57,290.0,566.2,164198.0,2025-05-25
2025052504020819,RADHI,77,14,150.0,792.0,118800.0,2025-05-25
2025052501023735,BHL,33,14,459.0,216.4,99327.6,2025-05-25
2025052501023734,BHL,11,14,541.0,216.4,117072.4,2025-05-25
2025052505010635,NIFRA,34,49,827.0,280.0,231560.0,2025-05-25
2025052505010634,NIFRA,36,49,173.0,281.0,48613.0,2025-05-25
2025052504020818,UPPER,59,50,1466.0,201.0,294666.0,2025-05-25
2025052504020817,UPPER,59,8,10.0,201.0,2010.0,2025-05-25
2025052504020816,UPPER,59,17,24.0,201.0,4824.0,2025-05-25
2025052504020815,RADHI,83,33,1940.0,791.2,1534928.0,2025-05-25
2025052504020814,NGPL,94,19,1000.0,373.2,373200.0,2025-05-25
2025052503014707,PFL,14,43,50.0,408.0,20400.0,2025-05-25
2025052503014706,PFL,57,43,22.0,408.0,8976.0,2025-05-25
2025052504020813,DHPL,38,74,74.0,337.9,25004.6,2025-05-25
2025052504020812,DHPL,38,45,26.0,337.0,8762.0,2025-05-25
2025052504020811,NGPL,94,64,118.0,373.2,44037.6,2025-05-25
2025052501023733,BEDC,33,43,100.0,672.2,67220.0,2025-05-25
2025052503014705,SINDU,8,34,10.0,840.0,8400.0,2025-05-25
2025052503014704,SINDU,41,34,10.0,840.0,8400.0,2025-05-25
2025052503014703,SINDU,59,34,30.0,840.0,25200.0,2025-05-25
2025052503014702,SINDU,32,34,100.0,840.0,84000.0,2025-05-25
2025052503014701,SINDU,43,34,20.0,840.0,16800.0,2025-05-25
2025052503014700,SINDU,49,34,100.0,840.0,84000.0,2025-05-25
2025052503014699,SINDU,6,34,10.0,840.0,8400.0,2025-05-25
2025052503014698,SINDU,48,34,10.0,840.0,8400.0,2025-05-25
2025052503014697,SINDU,49,34,120.0,840.1,100812.0,2025-05-25
2025052503014696,SINDU,17,34,20.0,840.5,16810.0,2025-05-25
2025052503014695,SINDU,51,34,10.0,841.0,8410.0,2025-05-25
2025052503014694,SINDU,17,34,50.0,841.0,42050.0,2025-05-25
2025052503014693,SINDU,21,34,10.0,841.1,8411.0,2025-05-25
2025052503014692,SJLIC,58,96,50.0,440.0,22000.0,2025-05-25
2025052504020810,GHL,18,34,25.0,249.5,6237.5,2025-05-25
2025052501023732,SBI,58,13,10.0,402.0,4020.0,2025-05-25
2025052505010633,HDL,21,45,30.0,1214.0,36420.0,2025-05-25
2025052503014691,DDBL,28,66,1456.0,839.9,1222894.4,2025-05-25
2025052503014690,DDBL,28,17,50.0,839.9,41995.0,2025-05-25
2025052503014689,DDBL,28,63,100.0,839.0,83900.0,2025-05-25
2025052503014688,DDBL,28,7,30.0,839.0,25170.0,2025-05-25
2025052503014687,DDBL,28,45,150.0,839.0,125850.0,2025-05-25
2025052503014686,DDBL,28,21,195.0,838.9,163585.5,2025-05-25
2025052503014685,DDBL,28,43,30.0,838.9,25167.0,2025-05-25
2025052503014684,DDBL,28,28,500.0,838.0,419000.0,2025-05-25
2025052503014683,DDBL,28,25,329.0,838.0,275702.0,2025-05-25
2025052503014682,DDBL,28,47,40.0,838.0,33520.0,2025-05-25
2025052503014681,DDBL,28,51,120.0,837.9,100548.0,2025-05-25
2025052505010632,BBC,41,17,10.0,5586.2,55862.0,2025-05-25
2025052505010631,BBC,20,17,50.0,5600.0,280000.0,2025-05-25
2025052505010630,BBC,32,17,13.0,5600.0,72800.0,2025-05-25
2025052505010629,BBC,45,17,10.0,5600.1,56001.0,2025-05-25
2025052504020809,UPCL,94,93,120.0,414.6,49752.0,2025-05-25
2025052505010628,NIFRA,48,46,361.0,282.0,101802.0,2025-05-25
2025052505010627,NIFRA,48,50,14.0,282.0,3948.0,2025-05-25
2025052505010626,NIFRA,48,3,54.0,282.0,15228.0,2025-05-25
2025052505010625,NIFRA,48,43,114.0,282.0,32148.0,2025-05-25
2025052505010624,NIFRA,48,54,20.0,282.0,5640.0,2025-05-25
2025052505010623,NIFRA,48,57,54.0,282.0,15228.0,2025-05-25
2025052505010622,NIFRA,48,58,50.0,282.0,14100.0,2025-05-25
2025052505010621,NIFRA,48,35,300.0,282.0,84600.0,2025-05-25
2025052505010620,NIFRA,48,51,33.0,282.0,9306.0,2025-05-25
2025052504020808,RBCL,19,8,20.0,14632.0,292640.0,2025-05-25
2025052503014680,GFCL,59,58,15.0,640.1,9601.5,2025-05-25
2025052503014679,GFCL,33,58,40.0,640.1,25604.0,2025-05-25
2025052503014678,GFCL,42,58,175.0,641.0,112175.0,2025-05-25
2025052503014677,GFCL,47,58,300.0,641.0,192300.0,2025-05-25
2025052503014676,GFCL,56,58,470.0,641.1,301317.0,2025-05-25
2025052505010619,SHIVM,3,58,100.0,525.0,52500.0,2025-05-25
2025052504020807,SHEL,41,4,264.0,265.0,69960.0,2025-05-25
2025052501023731,GBIME,29,35,300.0,231.9,69570.0,2025-05-25
2025052504020806,SHPC,82,45,75.0,555.0,41625.0,2025-05-25
2025052501023730,NBL,48,49,490.0,257.3,126077.0,2025-05-25
2025052501023729,NBL,28,49,10.0,257.4,2574.0,2025-05-25
2025052504020805,UAIL,35,41,9.0,586.1,5274.9,2025-05-25
2025052504020804,RADHI,29,14,200.0,792.0,158400.0,2025-05-25
2025052503014675,EDBL,45,55,20.0,595.3,11906.0,2025-05-25
2025052504020803,SGIC,26,41,10.0,567.0,5670.0,2025-05-25
2025052503014674,SINDU,34,58,15.0,842.0,12630.0,2025-05-25
2025052503014673,SINDU,48,58,50.0,842.0,42100.0,2025-05-25
2025052501023728,EBL,13,22,200.0,644.0,128800.0,2025-05-25
2025052501023727,BHDC,62,11,50.0,463.0,23150.0,2025-05-25
2025052501023726,BHDC,62,50,50.0,462.9,23145.0,2025-05-25
2025052504020802,AKPL,70,26,100.0,241.0,24100.0,2025-05-25
2025052503014672,NUBL,42,57,80.0,713.9,57112.0,2025-05-25
2025052503014671,NUBL,42,63,10.0,713.9,7139.0,2025-05-25
2025052501023725,MANDU,59,26,10.0,861.0,8610.0,2025-05-25
2025052501023724,AVYAN,52,74,20.0,1078.0,21560.0,2025-05-25
2025052505010618,NRIC,6,91,100.0,1284.0,128400.0,2025-05-25
2025052505010617,PHCL,60,53,310.0,566.2,175522.0,2025-05-25
2025052504020801,NGPL,94,44,17.0,373.2,6344.4,2025-05-25
2025052504020800,NGPL,94,34,637.0,373.2,237728.4,2025-05-25
2025052504020799,NGPL,41,34,260.0,374.0,97240.0,2025-05-25
2025052505010616,ILI,26,22,59.0,459.0,27081.0,2025-05-25
2025052501023723,KBL,49,45,319.0,216.1,68935.9,2025-05-25
2025052501023722,KBL,75,45,426.0,216.2,92101.2,2025-05-25
2025052501023721,KBL,34,45,255.0,216.3,55156.5,2025-05-25
2025052503014670,MDB,58,42,50.0,604.0,30200.0,2025-05-25
2025052501023720,CBLD88,41,13,25.0,1163.1,29077.5,2025-05-25
2025052501023719,CREST,21,58,10.0,1864.0,18640.0,2025-05-25
2025052501023718,MNMF1,58,35,162.0,9.07,1469.34,2025-05-25
2025052504020798,UPCL,35,58,200.0,415.0,83000.0,2025-05-25
2025052504020797,UPCL,67,58,500.0,415.0,207500.0,2025-05-25
2025052504020796,UPCL,50,58,1076.0,415.0,446540.0,2025-05-25
2025052504020795,BARUN,45,17,32.0,511.0,16352.0,2025-05-25
2025052504020794,UPCL,50,42,1200.0,415.0,498000.0,2025-05-25
2025052505010615,NRIC,6,71,800.0,1284.0,1027200.0,2025-05-25
2025052505010614,NRIC,6,6,500.0,1284.0,642000.0,2025-05-25
2025052505010613,SHIVM,41,58,500.0,525.0,262500.0,2025-05-25
2025052504020793,SPDL,7,82,200.0,358.0,71600.0,2025-05-25
2025052504020792,SPDL,7,57,500.0,357.0,178500.0,2025-05-25
2025052501023717,BHL,21,36,100.0,216.5,21650.0,2025-05-25
2025052504020791,OHL,63,7,50.0,919.1,45955.0,2025-05-25
2025052501023716,KBL,35,38,100.0,217.0,21700.0,2025-05-25
2025052504020790,HDHPC,14,78,100.0,202.0,20200.0,2025-05-25
2025052503014669,CBBL,57,40,200.0,918.0,183600.0,2025-05-25
2025052501023715,GMLI,55,38,10.0,2589.0,25890.0,2025-05-25
2025052503014668,VLBS,49,41,198.0,860.0,170280.0,2025-05-25
2025052503014667,VLBS,49,58,500.0,860.0,430000.0,2025-05-25
2025052503014666,VLBS,49,57,70.0,857.9,60053.0,2025-05-25
2025052503014665,VLBS,49,17,40.0,857.8,34312.0,2025-05-25
2025052503014664,VLBS,49,14,50.0,856.9,42845.0,2025-05-25
2025052503014663,VLBS,49,37,38.0,856.0,32528.0,2025-05-25
2025052503014662,VLBS,49,33,27.0,856.0,23112.0,2025-05-25
2025052504020789,RIDI,34,43,1000.0,264.7,264700.0,2025-05-25
2025052505010612,ILI,26,62,12.0,459.0,5508.0,2025-05-25
2025052503014661,NADEP,45,16,35.0,898.0,31430.0,2025-05-25
2025052505010611,HDL,48,14,10.0,1213.2,12132.0,2025-05-25
2025052504020788,RADHI,83,38,60.0,791.2,47472.0,2025-05-25
2025052504020787,RADHI,3,38,200.0,791.2,158240.0,2025-05-25
2025052505010610,HDL,51,45,100.0,1214.0,121400.0,2025-05-25
2025052504020786,SGIC,17,45,10.0,568.5,5685.0,2025-05-25
2025052504020785,UPCL,50,63,1000.0,415.0,415000.0,2025-05-25
2025052501023714,CREST,21,42,10.0,1864.0,18640.0,2025-05-25
2025052501023713,JBLB,49,16,65.0,1340.0,87100.0,2025-05-25
2025052501023712,JBLB,49,28,50.0,1340.0,67000.0,2025-05-25
2025052501023711,JBLB,49,58,10.0,1340.0,13400.0,2025-05-25
2025052501023710,JBLB,49,34,13.0,1340.0,17420.0,2025-05-25
2025052501023709,JBLB,49,62,60.0,1340.0,80400.0,2025-05-25
2025052501023708,JBLB,49,28,10.0,1340.0,13400.0,2025-05-25
2025052501023707,JBLB,49,39,25.0,1340.0,33500.0,2025-05-25
2025052501023706,JBLB,49,21,57.0,1339.0,76323.0,2025-05-25
2025052501023705,GBIME,34,48,36.0,231.4,8330.4,2025-05-25
2025052503014660,FMDBL,43,58,55.0,775.0,42625.0,2025-05-25
2025052505010609,HRL,54,26,20.0,939.0,18780.0,2025-05-25
2025052501023704,SBD87,49,36,100.0,1065.0,106500.0,2025-05-25
2025052504020784,DHPL,17,45,10.0,337.0,3370.0,2025-05-25
2025052504020783,DHPL,43,45,164.0,337.0,55268.0,2025-05-25
2025052505010608,SHIVM,1,58,1000.0,525.0,525000.0,2025-05-25
2025052503014659,MLBL,33,40,50.0,394.0,19700.0,2025-05-25
2025052503014658,KMCDB,57,4,70.0,1090.0,76300.0,2025-05-25
2025052504020782,NGPL,41,48,40.0,374.0,14960.0,2025-05-25
2025052501023703,BNHC,49,49,10.0,514.0,5140.0,2025-05-25
2025052501023702,BNHC,49,41,10.0,514.0,5140.0,2025-05-25
2025052501023701,BNHC,49,57,876.0,513.9,450176.4,2025-05-25
2025052504020781,NGPL,41,48,1000.0,374.0,374000.0,2025-05-25
2025052503014657,LICN,43,29,30.0,921.5,27645.0,2025-05-25
2025052503014656,CORBL,42,58,55.0,2107.0,115885.0,2025-05-25
2025052503014655,CORBL,8,58,10.0,2107.0,21070.0,2025-05-25
2025052504020780,GHL,56,34,475.0,249.5,118512.5,2025-05-25
2025052504020779,GHL,56,38,25.0,249.0,6225.0,2025-05-25
2025052504020778,RADHI,25,14,100.0,792.0,79200.0,2025-05-25
2025052501023700,GMLI,55,29,50.0,2589.0,129450.0,2025-05-25
2025052504020777,UAIL,45,45,9.0,588.0,5292.0,2025-05-25
2025052504020776,NGPL,41,22,900.0,374.0,336600.0,2025-05-25
2025052504020775,NGPL,41,38,300.0,373.9,112170.0,2025-05-25
2025052504020774,NGPL,41,34,500.0,373.9,186950.0,2025-05-25
2025052504020773,MEN,22,58,25.0,592.0,14800.0,2025-05-25
2025052503014654,MATRI,45,21,40.0,1208.0,48320.0,2025-05-25
2025052503014653,SINDU,72,6,50.0,842.1,42105.0,2025-05-25
2025052504020772,API,22,58,20.0,291.5,5830.0,2025-05-25
2025052504020771,SHEL,41,34,500.0,265.0,132500.0,2025-05-25
2025052501023699,MEHL,33,49,10.0,446.0,4460.0,2025-05-25
2025052501023698,PPL,57,42,490.0,489.0,239610.0,2025-05-25
2025052501023697,RFPL,43,38,225.0,501.0,112725.0,2025-05-25
2025052501023696,RFPL,43,1,25.0,498.0,12450.0,2025-05-25
2025052503014652,MFIL,50,43,55.0,596.0,32780.0,2025-05-25
2025052505010607,NRM,42,28,52.0,462.5,24050.0,2025-05-25
2025052505010606,NRM,77,28,48.0,470.0,22560.0,2025-05-25
2025052505010605,NRIC,6,26,1900.0,1284.0,2439600.0,2025-05-25
2025052505010604,NRIC,28,26,100.0,1284.1,128410.0,2025-05-25
2025052504020770,NGPL,94,67,200.0,373.2,74640.0,2025-05-25
2025052505010603,NRN,45,64,100.0,2025.0,202500.0,2025-05-25
2025052504020769,AKJCL,49,57,1815.0,207.5,376612.5,2025-05-25
2025052504020768,AKJCL,45,57,185.0,207.7,38424.5,2025-05-25
2025052505010602,MEL,63,17,44.0,306.0,13464.0,2025-05-25
2025052505010601,MEL,63,58,10.0,306.0,3060.0,2025-05-25
2025052505010600,MEL,63,22,10.0,305.6,3056.0,2025-05-25
2025052505010599,MEL,63,68,10.0,305.0,3050.0,2025-05-25
2025052505010598,MEL,63,21,126.0,305.0,38430.0,2025-05-25
2025052501023695,BNHC,41,39,100.0,503.1,50310.0,2025-05-25
2025052501023694,BNHC,42,39,50.0,503.2,25160.0,2025-05-25
2025052501023693,BNHC,41,39,100.0,503.2,50320.0,2025-05-25
2025052505010597,NIFRA,48,51,18.0,282.0,5076.0,2025-05-25
2025052505010596,NIFRA,48,22,54.0,282.0,15228.0,2025-05-25
2025052505010595,NIFRA,48,100,64.0,282.0,18048.0,2025-05-25
2025052505010594,NIFRA,48,45,54.0,282.0,15228.0,2025-05-25
2025052505010593,NIFRA,48,58,10.0,282.0,2820.0,2025-05-25
2025052505010592,NIFRA,48,56,100.0,282.0,28200.0,2025-05-25
2025052505010591,NIFRA,48,16,700.0,281.8,197260.0,2025-05-25
2025052501023692,CREST,21,35,10.0,1864.0,18640.0,2025-05-25
2025052501023691,CREST,21,7,10.0,1864.0,18640.0,2025-05-25
2025052505010590,ENL,92,1,10.0,1113.0,11130.0,2025-05-25
2025052505010589,ILI,26,32,25.0,459.0,11475.0,2025-05-25
2025052504020767,SPDL,57,45,100.0,356.2,35620.0,2025-05-25
2025052504020766,RADHI,45,33,1085.0,791.0,858235.0,2025-05-25
2025052504020765,RADHI,86,33,405.0,791.1,320395.5,2025-05-25
2025052504020764,RADHI,38,33,510.0,792.0,403920.0,2025-05-25
2025052504020763,DHPL,17,74,270.0,337.9,91233.0,2025-05-25
2025052505010588,SHIVM,13,58,20.0,525.0,10500.0,2025-05-25
2025052505010587,NRIC,6,56,2000.0,1284.0,2568000.0,2025-05-25
2025052501023690,CREST,55,57,10.0,1863.0,18630.0,2025-05-25
2025052501023689,CREST,55,22,81.0,1862.0,150822.0,2025-05-25
2025052503014651,ILBS,16,19,57.0,911.3,51944.1,2025-05-25
2025052503014650,ILBS,45,19,16.0,918.5,14696.0,2025-05-25
2025052503014649,NLIC,13,74,10.0,760.0,7600.0,2025-05-25
2025052503014648,NLIC,50,74,47.0,760.0,35720.0,2025-05-25
2025052501023688,HHL,57,41,220.0,423.0,93060.0,2025-05-25
2025052501023687,HHL,58,41,100.0,423.1,42310.0,2025-05-25
2025052501023686,HHL,90,41,50.0,423.1,21155.0,2025-05-25
2025052501023685,HHL,57,41,130.0,423.2,55016.0,2025-05-25
2025052504020762,DHPL,43,63,236.0,337.0,79532.0,2025-05-25
2025052504020761,DHPL,87,63,10.0,337.0,3370.0,2025-05-25
2025052504020760,DHPL,33,63,100.0,337.0,33700.0,2025-05-25
2025052504020759,DHPL,62,63,40.0,337.1,13484.0,2025-05-25
2025052501023684,MCHL,42,25,50.0,569.0,28450.0,2025-05-25
2025052501023683,SARBTM,28,100,300.0,850.0,255000.0,2025-05-25
2025052501023682,SARBTM,42,100,100.0,851.1,85110.0,2025-05-25
2025052501023681,SARBTM,6,100,150.0,851.1,127665.0,2025-05-25
2025052505010586,NRN,38,64,20.0,2025.0,40500.0,2025-05-25
2025052501023680,MEHL,19,37,10.0,446.0,4460.0,2025-05-25
2025052504020758,UPPER,54,17,300.0,200.5,60150.0,2025-05-25
2025052504020757,UPPER,13,17,1000.0,200.7,200700.0,2025-05-25
2025052504020756,UPPER,59,17,500.0,200.8,100400.0,2025-05-25
2025052504020755,UPPER,51,17,2000.0,200.8,401600.0,2025-05-25
2025052504020754,UPPER,91,17,1000.0,200.8,200800.0,2025-05-25
2025052504020753,UPPER,51,17,197.0,200.8,39557.6,2025-05-25
2025052501023679,SIKLES,37,35,10.0,942.1,9421.0,2025-05-25
2025052503014647,NFS,34,36,340.0,624.0,212160.0,2025-05-25
2025052504020752,AHPC,45,48,72.0,278.0,20016.0,2025-05-25
2025052504020751,AHPC,26,48,500.0,278.0,139000.0,2025-05-25
2025052504020750,AHPC,41,48,872.0,278.0,242416.0,2025-05-25
2025052504020749,AHPC,8,48,300.0,278.1,83430.0,2025-05-25
2025052504020748,AHPC,26,48,100.0,278.1,27810.0,2025-05-25
2025052504020747,AHPC,45,48,500.0,278.1,139050.0,2025-05-25
2025052504020746,AHPC,25,48,600.0,278.1,166860.0,2025-05-25
2025052504020745,AHPC,8,48,500.0,278.2,139100.0,2025-05-25
2025052504020744,AHPC,6,48,300.0,279.0,83700.0,2025-05-25
2025052504020743,AHPC,55,48,350.0,279.0,97650.0,2025-05-25
2025052504020742,AHPC,59,48,300.0,279.0,83700.0,2025-05-25
2025052504020741,AHPC,17,48,50.0,279.5,13975.0,2025-05-25
2025052504020740,AHPC,38,48,350.0,280.0,98000.0,2025-05-25
2025052504020739,AHPC,38,48,170.0,280.0,47600.0,2025-05-25
2025052504020738,AHPC,4,48,36.0,280.0,10080.0,2025-05-25
2025052504020737,HURJA,50,7,100.0,249.1,24910.0,2025-05-25
2025052504020736,HURJA,32,7,100.0,249.2,24920.0,2025-05-25
2025052504020735,JOSHI,51,21,500.0,385.0,192500.0,2025-05-25
2025052504020734,AKJCL,45,11,200.0,207.7,41540.0,2025-05-25
2025052501023678,CREST,6,22,30.0,1862.0,55860.0,2025-05-25
2025052504020733,NIL,52,41,100.0,710.0,71000.0,2025-05-25
2025052505010585,NRIC,6,62,1700.0,1284.0,2182800.0,2025-05-25
2025052505010584,NRIC,42,62,300.0,1284.1,385230.0,2025-05-25
2025052504020732,CGH,34,22,150.0,876.0,131400.0,2025-05-25
2025052503014646,NLIC,35,49,34.0,760.0,25840.0,2025-05-25
2025052504020731,SHEL,41,68,50.0,265.0,13250.0,2025-05-25
2025052504020730,SHEL,41,62,156.0,265.0,41340.0,2025-05-25
2025052504020729,SHEL,41,45,30.0,265.0,7950.0,2025-05-25
2025052503014645,SINDU,72,50,835.0,842.1,703153.5,2025-05-25
2025052503014644,SINDU,58,50,15.0,842.2,12633.0,2025-05-25
2025052501023677,SCB,72,17,103.0,622.3,64096.9,2025-05-25
2025052501023676,SCB,72,34,227.0,622.3,141262.1,2025-05-25
2025052501023675,SCB,50,34,21.0,622.5,13072.5,2025-05-25
2025052505010583,NRN,43,75,200.0,2023.1,404620.0,2025-05-25
2025052505010582,NRN,58,75,150.0,2023.2,303480.0,2025-05-25
2025052503014643,KSBBL,66,32,207.0,451.2,93398.4,2025-05-25
2025052501023674,NICA,29,45,150.0,366.1,54915.0,2025-05-25
2025052501023673,NICA,49,45,100.0,366.2,36620.0,2025-05-25
2025052501023672,SBL,11,59,11.0,296.0,3256.0,2025-05-25
2025052501023671,PRVU,62,17,150.0,214.0,32100.0,2025-05-25
2025052501023670,PRVU,66,17,10.0,214.0,2140.0,2025-05-25
2025052501023669,PRVU,48,17,40.0,214.0,8560.0,2025-05-25
2025052503014642,ALBSL,75,10,50.0,865.2,43260.0,2025-05-25
2025052501023668,ADBL,21,59,39.0,295.4,11520.6,2025-05-25
2025052504020728,API,22,54,100.0,291.5,29150.0,2025-05-25
2025052505010581,MBJC,37,41,10.0,312.3,3123.0,2025-05-25
2025052504020727,LEC,52,36,1000.0,212.8,212800.0,2025-05-25
2025052504020726,SHL,62,4,500.0,561.0,280500.0,2025-05-25
2025052501023667,NBL,48,40,100.0,257.3,25730.0,2025-05-25
2025052503014641,SINDU,35,57,30.0,844.0,25320.0,2025-05-25
2025052504020725,SPDL,21,77,713.0,356.1,253899.3,2025-05-25
2025052504020724,SPDL,50,77,787.0,356.1,280250.7,2025-05-25
2025052504020723,AKJCL,41,38,1000.0,207.8,207800.0,2025-05-25
2025052504020722,RADHI,38,52,490.0,792.0,388080.0,2025-05-25
2025052504020721,UPPER,58,17,10.0,201.0,2010.0,2025-05-25
2025052503014640,KMCDB,28,4,10.0,1090.0,10900.0,2025-05-25
2025052504020720,SHL,62,83,220.0,561.0,123420.0,2025-05-25
2025052504020719,SHL,91,83,780.0,561.0,437580.0,2025-05-25
2025052501023666,KBSH,45,65,40.0,1930.3,77212.0,2025-05-25
2025052501023665,KBSH,7,65,25.0,1935.0,48375.0,2025-05-25
2025052501023664,KBSH,38,65,20.0,1935.1,38702.0,2025-05-25
2025052501023663,KBSH,58,65,10.0,1950.0,19500.0,2025-05-25
2025052504020718,BARUN,53,41,450.0,510.1,229545.0,2025-05-25
2025052501023662,SHLB,32,45,10.0,2130.0,21300.0,2025-05-25
2025052503014639,NUBL,28,34,50.0,713.8,35690.0,2025-05-25
2025052501023661,SRLI,41,39,50.0,407.7,20385.0,2025-05-25
2025052501023660,SRLI,7,39,50.0,408.0,20400.0,2025-05-25
2025052501023659,SRLI,55,39,100.0,408.0,40800.0,2025-05-25
2025052501023658,SRLI,55,39,245.0,408.0,99960.0,2025-05-25
2025052501023657,SRLI,34,39,70.0,408.0,28560.0,2025-05-25
2025052501023656,SRLI,45,39,20.0,408.0,8160.0,2025-05-25
2025052501023655,SRLI,38,39,39.0,408.0,15912.0,2025-05-25
2025052501023654,SRLI,41,39,426.0,409.0,174234.0,2025-05-25
2025052501023653,NMIC,25,45,10.0,1962.0,19620.0,2025-05-25
2025052501023652,TVCL,96,48,200.0,476.8,95360.0,2025-05-25
2025052504020717,RADHI,86,68,95.0,791.1,75154.5,2025-05-25
2025052504020716,RADHI,65,68,20.0,791.1,15822.0,2025-05-25
2025052505010580,HDL,42,45,30.0,1214.0,36420.0,2025-05-25
2025052503014638,SAPDBL,72,81,450.0,835.0,375750.0,2025-05-25
2025052503014637,SAPDBL,42,81,50.0,835.2,41760.0,2025-05-25
2025052503014636,RLFL,67,45,142.0,488.0,69296.0,2025-05-25
2025052504020715,SPDL,50,7,100.0,356.1,35610.0,2025-05-25
2025052504020714,SHPC,82,6,100.0,555.0,55500.0,2025-05-25
2025052501023651,NIMB,42,78,400.0,217.9,87160.0,2025-05-25
2025052504020713,AKPL,70,48,400.0,241.0,96400.0,2025-05-25
2025052504020712,AKPL,42,48,100.0,241.1,24110.0,2025-05-25
2025052505010579,SONA,42,58,10.0,463.6,4636.0,2025-05-25
2025052504020711,RHPL,26,63,100.0,380.0,38000.0,2025-05-25
2025052504020710,RHPL,26,1,10.0,380.0,3800.0,2025-05-25
2025052501023650,BNHC,49,57,124.0,513.9,63723.6,2025-05-25
2025052501023649,BNHC,49,42,10.0,512.0,5120.0,2025-05-25
2025052501023648,BNHC,49,42,10.0,512.0,5120.0,2025-05-25
2025052501023647,BNHC,49,22,44.0,512.0,22528.0,2025-05-25
2025052501023646,BNHC,49,17,10.0,512.0,5120.0,2025-05-25
2025052501023645,BNHC,49,45,300.0,511.9,153570.0,2025-05-25
2025052501023644,BNHC,49,97,10.0,511.0,5110.0,2025-05-25
2025052501023643,BNHC,49,58,10.0,510.0,5100.0,2025-05-25
2025052501023642,BNHC,49,57,20.0,510.0,10200.0,2025-05-25
2025052501023641,BNHC,49,13,150.0,509.9,76485.0,2025-05-25
2025052501023640,BNHC,49,94,190.0,507.0,96330.0,2025-05-25
2025052501023639,BNHC,49,22,22.0,506.0,11132.0,2025-05-25
2025052503014635,MFIL,36,55,10.0,599.0,5990.0,2025-05-25
2025052503014634,MFIL,36,47,90.0,596.5,53685.0,2025-05-25
2025052505010578,HDL,49,45,15.0,1214.0,18210.0,2025-05-25
2025052504020709,HURJA,50,54,10.0,249.9,2499.0,2025-05-25
2025052504020708,RADHI,69,52,10.0,792.0,7920.0,2025-05-25
2025052504020707,AKJCL,45,49,310.0,207.7,64387.0,2025-05-25
2025052503014633,LBBL,3,71,140.0,446.0,62440.0,2025-05-25
2025052505010577,NIFRA,36,40,130.0,281.0,36530.0,2025-05-25
2025052505010576,SAHAS,34,58,500.0,522.0,261000.0,2025-05-25
2025052504020706,AHPC,4,55,28.0,280.0,7840.0,2025-05-25
2025052504020705,AHPC,52,55,22.0,280.0,6160.0,2025-05-25
2025052505010575,HIDCL,36,41,1035.0,294.6,304911.0,2025-05-25
2025052504020704,SHEL,94,47,700.0,264.3,185010.0,2025-05-25
2025052504020703,SHEL,19,47,150.0,264.3,39645.0,2025-05-25
2025052504020702,SHEL,49,47,1000.0,264.4,264400.0,2025-05-25
2025052504020701,SHEL,36,47,250.0,264.4,66100.0,2025-05-25
2025052504020700,SHEL,40,47,300.0,264.5,79350.0,2025-05-25
2025052501023638,CREST,6,62,10.0,1862.0,18620.0,2025-05-25
2025052505010574,RNLI,57,49,160.0,514.0,82240.0,2025-05-25
2025052504020699,SHEL,57,45,100.0,265.0,26500.0,2025-05-25
2025052503014632,MLBL,33,48,50.0,394.0,19700.0,2025-05-25
2025052503014631,NMBMF,49,62,42.0,742.0,31164.0,2025-05-25
2025052503014630,NMBMF,49,34,358.0,741.8,265564.4,2025-05-25
2025052503014629,NMBMF,49,48,100.0,741.7,74170.0,2025-05-25
2025052501023637,MBL,11,45,1000.0,227.3,227300.0,2025-05-25
2025052504020698,MHNL,77,38,10.0,261.9,2619.0,2025-05-25
2025052504020697,UPCL,50,42,1000.0,415.0,415000.0,2025-05-25
2025052504020696,UPCL,38,42,200.0,415.2,83040.0,2025-05-25
2025052503014628,NMBMF,16,48,100.0,741.7,74170.0,2025-05-25
2025052501023636,GBIME,7,14,1000.0,232.0,232000.0,2025-05-25
2025052501023635,EHPL,41,45,50.0,580.1,29005.0,2025-05-25
2025052504020695,NGPL,54,34,200.0,373.9,74780.0,2025-05-25
2025052503014627,USLB,17,40,84.0,1960.0,164640.0,2025-05-25
2025052503014626,USLB,17,45,16.0,1960.0,31360.0,2025-05-25
2025052504020694,HPPL,68,8,21.0,490.1,10292.1,2025-05-25
2025052504020693,HPPL,58,8,785.0,490.1,384728.5,2025-05-25
2025052504020692,HPPL,57,8,500.0,490.1,245050.0,2025-05-25
2025052504020691,HPPL,87,8,1000.0,490.2,490200.0,2025-05-25
2025052504020690,HPPL,60,8,100.0,492.0,49200.0,2025-05-25
2025052504020689,HPPL,34,8,10.0,493.0,4930.0,2025-05-25
2025052504020688,HPPL,45,8,250.0,493.0,123250.0,2025-05-25
2025052504020687,HPPL,99,8,100.0,493.0,49300.0,2025-05-25
2025052504020686,HPPL,38,8,2000.0,493.2,986400.0,2025-05-25
2025052504020685,HPPL,13,8,50.0,493.2,24660.0,2025-05-25
2025052504020684,HPPL,7,8,100.0,493.3,49330.0,2025-05-25
2025052504020683,HPPL,53,8,50.0,493.5,24675.0,2025-05-25
2025052504020682,HPPL,86,8,20.0,493.5,9870.0,2025-05-25
2025052504020681,HPPL,14,8,14.0,494.0,6916.0,2025-05-25
2025052505010573,GCIL,36,45,66.0,502.1,33138.6,2025-05-25
2025052503014625,JFL,57,38,112.0,478.0,53536.0,2025-05-25
2025052501023634,RFPL,41,44,144.0,496.0,71424.0,2025-05-25
2025052501023633,RFPL,41,44,1000.0,496.0,496000.0,2025-05-25
2025052501023632,RFPL,41,44,1000.0,496.0,496000.0,2025-05-25
2025052501023631,RFPL,51,44,100.0,496.0,49600.0,2025-05-25
2025052501023630,RFPL,41,44,1000.0,496.0,496000.0,2025-05-25
2025052501023629,RFPL,13,44,10.0,496.0,4960.0,2025-05-25
2025052501023628,RFPL,28,44,500.0,496.0,248000.0,2025-05-25
2025052501023627,RFPL,55,44,50.0,496.3,24815.0,2025-05-25
2025052501023626,RFPL,65,44,20.0,496.7,9934.0,2025-05-25
2025052501023625,RFPL,41,44,25.0,496.7,12417.5,2025-05-25
2025052501023624,RFPL,6,44,50.0,496.8,24840.0,2025-05-25
2025052501023623,RFPL,36,44,200.0,497.0,99400.0,2025-05-25
2025052501023622,RFPL,49,44,50.0,497.0,24850.0,2025-05-25
2025052501023621,RFPL,7,44,300.0,497.1,149130.0,2025-05-25
2025052501023620,RFPL,36,44,161.0,498.0,80178.0,2025-05-25
2025052501023619,RFPL,57,44,500.0,499.0,249500.0,2025-05-25
2025052501023618,RFPL,19,44,1000.0,500.0,500000.0,2025-05-25
2025052501023617,RFPL,41,44,890.0,500.0,445000.0,2025-05-25
2025052501023616,BHL,49,32,90.0,216.7,19503.0,2025-05-25
2025052503014624,ICFC,26,44,222.0,613.5,136197.0,2025-05-25
2025052505010572,NIFRA,36,34,54.0,281.0,15174.0,2025-05-25
2025052505010571,NIFRA,36,5,50.0,281.0,14050.0,2025-05-25
2025052505010570,NIFRA,36,7,100.0,281.0,28100.0,2025-05-25
2025052505010569,NIFRA,36,55,100.0,281.0,28100.0,2025-05-25
2025052505010568,NIFRA,36,41,64.0,281.0,17984.0,2025-05-25
2025052505010567,NIFRA,36,48,2329.0,280.0,652120.0,2025-05-25
2025052501023615,PRVU,48,49,100.0,214.0,21400.0,2025-05-25
2025052505010566,NRN,58,11,50.0,2023.2,101160.0,2025-05-25
2025052501023614,MHCL,7,56,190.0,468.1,88939.0,2025-05-25
2025052501023613,MHCL,58,56,80.0,468.1,37448.0,2025-05-25
2025052501023612,MHCL,71,56,30.0,468.2,14046.0,2025-05-25
2025052504020680,SHEL,57,45,70.0,265.0,18550.0,2025-05-25
2025052504020679,UNHPL,34,35,10.0,320.1,3201.0,2025-05-25
2025052505010565,NRM,77,38,10.0,470.0,4700.0,2025-05-25
2025052505010564,NRM,77,41,450.0,470.0,211500.0,2025-05-25
2025052505010563,NRM,77,4,10.0,470.0,4700.0,2025-05-25
2025052505010562,NRM,77,56,110.0,470.0,51700.0,2025-05-25
2025052505010561,NRM,77,17,172.0,470.0,80840.0,2025-05-25
2025052505010560,NRM,77,41,10.0,465.0,4650.0,2025-05-25
2025052505010559,NRM,77,22,100.0,465.0,46500.0,2025-05-25
2025052505010558,NRM,77,59,90.0,463.1,41679.0,2025-05-25
2025052503014623,MLBL,33,99,1000.0,394.0,394000.0,2025-05-25
2025052504020678,HPPL,94,8,200.0,495.0,99000.0,2025-05-25
2025052501023611,CREST,6,32,10.0,1862.0,18620.0,2025-05-25
2025052501023610,CREST,94,32,10.0,1862.0,18620.0,2025-05-25
2025052505010557,SAHAS,35,58,10.0,521.0,5210.0,2025-05-25
2025052505010556,SHIVM,28,58,453.0,525.0,237825.0,2025-05-25
2025052501023609,CREST,94,39,10.0,1862.0,18620.0,2025-05-25
2025052503014622,SIFC,5,1,124.0,496.0,61504.0,2025-05-25
2025052503014621,SIFC,58,1,10.0,496.0,4960.0,2025-05-25
2025052503014620,SIFC,71,1,50.0,496.1,24805.0,2025-05-25
2025052503014619,SIFC,28,1,365.0,496.5,181222.5,2025-05-25
2025052503014618,SIFC,48,1,50.0,496.6,24830.0,2025-05-25
2025052503014617,SIFC,50,1,250.0,496.7,124175.0,2025-05-25
2025052503014616,SIFC,42,1,151.0,496.7,75001.7,2025-05-25
2025052504020677,MEN,26,85,148.0,591.0,87468.0,2025-05-25
2025052501023608,PRSF,16,28,9000.0,10.89,98010.0,2025-05-25
2025052504020676,SJCL,77,34,10.0,316.0,3160.0,2025-05-25
2025052504020675,RIDI,58,87,125.0,262.5,32812.5,2025-05-25
2025052505010555,HATHY,32,33,10.0,1246.0,12460.0,2025-05-25
2025052505010554,NRN,58,99,800.0,2023.2,1618560.0,2025-05-25
2025052501023607,BHL,49,58,10.0,216.6,2166.0,2025-05-25
2025052504020674,UMHL,21,10,100.0,530.0,53000.0,2025-05-25
2025052501023606,HIDCLP,25,55,1650.0,203.0,334950.0,2025-05-25
2025052501023605,SBL,11,49,514.0,296.0,152144.0,2025-05-25
2025052501023604,KBL,75,32,34.0,216.2,7350.8,2025-05-25
2025052503014615,MFIL,50,48,98.0,596.0,58408.0,2025-05-25
2025052503014614,MFIL,59,48,50.0,596.0,29800.0,2025-05-25
2025052503014613,MFIL,22,48,152.0,596.0,90592.0,2025-05-25
2025052503014612,MFIL,33,48,300.0,596.1,178830.0,2025-05-25
2025052503014611,MPFL,13,74,470.0,602.0,282940.0,2025-05-25
2025052503014610,MPFL,45,74,30.0,602.9,18087.0,2025-05-25
2025052503014609,FOWAD,7,7,18.0,1191.1,21439.8,2025-05-25
2025052503014608,JFL,35,38,413.0,478.0,197414.0,2025-05-25
2025052501023603,GMLI,55,38,400.0,2589.0,1035600.0,2025-05-25
2025052505010553,SMATA,32,33,50.0,820.0,41000.0,2025-05-25
2025052505010552,SMATA,32,57,50.0,820.0,41000.0,2025-05-25
2025052504020673,AKJCL,45,58,255.0,207.7,52963.5,2025-05-25
2025052504020672,AKJCL,5,58,245.0,207.8,50911.0,2025-05-25
2025052501023602,GMLI,55,58,10.0,2589.0,25890.0,2025-05-25
2025052505010551,NBF3,40,22,100.0,9.75,975.0,2025-05-25
2025052501023601,CREST,94,7,10.0,1862.0,18620.0,2025-05-25
2025052504020671,RADHI,48,64,10.0,792.9,7929.0,2025-05-25
2025052504020670,JOSHI,51,19,20.0,385.0,7700.0,2025-05-25
2025052504020669,JOSHI,51,1,100.0,385.0,38500.0,2025-05-25
2025052504020668,JOSHI,51,7,165.0,385.0,63525.0,2025-05-25
2025052503014607,NFS,34,5,50.0,624.0,31200.0,2025-05-25
2025052504020667,NGPL,94,49,253.0,373.2,94419.6,2025-05-25
2025052504020666,NGPL,49,49,29.0,373.3,10825.7,2025-05-25
2025052504020665,NGPL,49,49,80.0,373.5,29880.0,2025-05-25
2025052504020664,NGPL,60,49,500.0,373.5,186750.0,2025-05-25
2025052504020663,NGPL,34,49,500.0,373.6,186800.0,2025-05-25
2025052501023600,IHL,26,22,10.0,555.0,5550.0,2025-05-25
2025052501023599,IHL,26,43,10.0,554.0,5540.0,2025-05-25
2025052503014606,GFCL,56,58,35.0,641.1,22438.5,2025-05-25
2025052501023598,MBL,22,18,10.0,227.4,2274.0,2025-05-25
2025052503014605,MFIL,39,47,100.0,596.5,59650.0,2025-05-25
2025052503014604,MFIL,49,47,100.0,596.6,59660.0,2025-05-25
2025052503014603,MFIL,34,47,90.0,597.0,53730.0,2025-05-25
2025052503014602,MFIL,56,47,10.0,597.0,5970.0,2025-05-25
2025052503014601,MFIL,56,47,10.0,597.1,5971.0,2025-05-25
2025052503014600,MFIL,45,47,100.0,598.0,59800.0,2025-05-25
2025052504020662,SHL,91,42,220.0,561.0,123420.0,2025-05-25
2025052504020661,SHL,41,42,500.0,561.0,280500.0,2025-05-25
2025052504020660,SHL,36,42,280.0,561.0,157080.0,2025-05-25
2025052504020659,SHL,34,42,500.0,561.1,280550.0,2025-05-25
2025052503014599,NUBL,26,17,30.0,710.1,21303.0,2025-05-25
2025052505010550,MBJC,67,48,290.0,312.9,90741.0,2025-05-25
2025052505010549,MBJC,67,45,90.0,312.9,28161.0,2025-05-25
2025052501023597,CREST,94,20,10.0,1862.0,18620.0,2025-05-25
2025052504020658,BPCL,36,58,300.0,475.8,142740.0,2025-05-25
2025052501023596,KBL,57,38,224.0,217.0,48608.0,2025-05-25
2025052501023595,KBL,57,34,415.0,217.0,90055.0,2025-05-25
2025052501023594,KBL,57,47,361.0,217.0,78337.0,2025-05-25
2025052505010548,HRL,58,41,10.0,938.5,9385.0,2025-05-25
2025052501023593,NBL,48,50,60.0,257.3,15438.0,2025-05-25
2025052501023592,NBL,49,50,90.0,257.5,23175.0,2025-05-25
2025052505010547,NIFRA,48,48,171.0,280.0,47880.0,2025-05-25
2025052505010546,NIFRA,48,17,64.0,280.0,17920.0,2025-05-25
2025052505010545,NIFRA,48,8,175.0,280.0,49000.0,2025-05-25
2025052505010544,NIFRA,48,49,290.0,279.9,81171.0,2025-05-25
2025052505010543,NIFRA,48,1,300.0,279.9,83970.0,2025-05-25
2025052501023591,CREST,94,36,10.0,1862.0,18620.0,2025-05-25
2025052501023590,NWCL,1,4,10.0,931.0,9310.0,2025-05-25
2025052504020657,SPDL,50,58,558.0,356.1,198703.8,2025-05-25
2025052504020656,SPDL,7,58,450.0,356.2,160290.0,2025-05-25
2025052503014598,SMFBS,62,34,10.0,1834.0,18340.0,2025-05-25
2025052503014597,SMFBS,62,56,50.0,1829.0,91450.0,2025-05-25
2025052503014596,SMFBS,62,35,40.0,1827.9,73116.0,2025-05-25
2025052501023589,LSL,55,21,500.0,221.1,110550.0,2025-05-25
2025052505010542,RNLI,57,52,100.0,514.0,51400.0,2025-05-25
2025052504020655,NGPL,34,34,200.0,373.9,74780.0,2025-05-25
2025052505010541,NRIC,6,48,155.0,1284.0,199020.0,2025-05-25
2025052501023588,BHL,29,58,190.0,216.6,41154.0,2025-05-25
2025052504020654,AKJCL,5,42,755.0,207.8,156889.0,2025-05-25
2025052501023587,USHEC,39,1,10.0,479.9,4799.0,2025-05-25
2025052504020653,SHPC,82,11,200.0,555.0,111000.0,2025-05-25
2025052504020652,RADHI,45,34,114.0,791.0,90174.0,2025-05-25
2025052504020651,UPCL,50,91,3100.0,415.0,1286500.0,2025-05-25
2025052504020650,UPCL,39,91,500.0,415.2,207600.0,2025-05-25
2025052504020649,NGPL,55,34,100.0,373.9,37390.0,2025-05-25
2025052503014595,SINDU,32,45,40.0,845.0,33800.0,2025-05-25
2025052503014594,RLFL,42,45,15.0,488.0,7320.0,2025-05-25
2025052504020648,LEC,47,36,500.0,212.8,106400.0,2025-05-25
2025052501023586,EBL,33,91,324.0,642.0,208008.0,2025-05-25
2025052501023585,EBL,69,91,456.0,642.6,293025.6,2025-05-25
2025052501023584,EBL,41,91,10.0,642.7,6427.0,2025-05-25
2025052501023583,EBL,56,91,10.0,643.0,6430.0,2025-05-25
2025052501023582,EBL,63,91,200.0,643.0,128600.0,2025-05-25
2025052501023581,CREST,94,11,10.0,1862.0,18620.0,2025-05-25
2025052505010540,HDL,33,45,100.0,1214.0,121400.0,2025-05-25
2025052501023580,EBL,3,33,100.0,643.0,64300.0,2025-05-25
2025052501023579,GMLI,55,38,100.0,2589.0,258900.0,2025-05-25
2025052503014593,WNLB,17,45,50.0,2355.5,117775.0,2025-05-25
2025052503014592,WNLB,42,45,20.0,2356.0,47120.0,2025-05-25
2025052503014591,WNLB,57,45,10.0,2356.0,23560.0,2025-05-25
2025052504020647,BARUN,57,53,84.0,510.0,42840.0,2025-05-25
2025052504020646,BARUN,25,53,392.0,510.0,199920.0,2025-05-25
2025052504020645,BARUN,14,53,24.0,510.0,12240.0,2025-05-25
2025052503014590,SADBL,39,40,204.0,424.7,86638.8,2025-05-25
2025052503014589,MSLB,32,4,10.0,1330.0,13300.0,2025-05-25
2025052505010539,HIDCL,36,45,400.0,294.6,117840.0,2025-05-25
2025052501023578,RFPL,41,41,50.0,500.0,25000.0,2025-05-25
2025052501023577,RFPL,41,45,100.0,500.0,50000.0,2025-05-25
2025052501023576,RFPL,41,38,50.0,500.0,25000.0,2025-05-25
2025052501023575,RFPL,41,53,500.0,500.0,250000.0,2025-05-25
2025052501023574,RFPL,41,45,100.0,500.0,50000.0,2025-05-25
2025052501023573,RFPL,41,58,140.0,500.0,70000.0,2025-05-25
2025052501023572,RFPL,41,38,500.0,500.0,250000.0,2025-05-25
2025052501023571,RFPL,41,46,105.0,500.0,52500.0,2025-05-25
2025052501023570,RFPL,41,88,2465.0,500.0,1232500.0,2025-05-25
2025052501023569,RFPL,41,35,100.0,499.0,49900.0,2025-05-25
2025052501023568,EBL,58,22,18.0,644.0,11592.0,2025-05-25
2025052501023567,EBL,58,17,182.0,644.0,117208.0,2025-05-25
2025052504020644,RADHI,45,36,20.0,791.0,15820.0,2025-05-25
2025052504020643,RADHI,77,36,80.0,792.0,63360.0,2025-05-25
2025052503014588,SADBL,3,45,50.0,424.5,21225.0,2025-05-25
2025052501023566,BNHC,49,22,178.0,506.0,90068.0,2025-05-25
2025052501023565,BNHC,49,22,200.0,505.2,101040.0,2025-05-25
2025052501023564,BNHC,49,26,200.0,505.0,101000.0,2025-05-25
2025052501023563,BNHC,49,16,10.0,505.0,5050.0,2025-05-25
2025052501023562,BNHC,49,48,312.0,504.9,157528.8,2025-05-25
2025052504020642,LEC,34,41,1419.0,212.5,301537.5,2025-05-25
2025052504020641,LEC,55,41,800.0,212.6,170080.0,2025-05-25
2025052504020640,HEI,82,17,10.0,579.9,5799.0,2025-05-25
2025052503014587,JFL,35,65,214.0,478.0,102292.0,2025-05-25
2025052504020639,SHPC,82,96,1000.0,555.0,555000.0,2025-05-25
2025052504020638,SHPC,82,3,800.0,555.0,444000.0,2025-05-25
2025052504020637,SHPC,82,3,95.0,555.0,52725.0,2025-05-25
2025052504020636,SHPC,82,3,1000.0,554.9,554900.0,2025-05-25
2025052504020635,SHPC,82,50,200.0,554.8,110960.0,2025-05-25
2025052504020634,SHPC,82,53,100.0,554.5,55450.0,2025-05-25
2025052504020633,SHPC,82,41,430.0,554.0,238220.0,2025-05-25
2025052504020632,SHPC,78,86,50.0,553.1,27655.0,2025-05-25
2025052501023561,LSL,8,35,143.0,224.5,32103.5,2025-05-25
2025052501023560,LSL,8,6,50.0,224.5,11225.0,2025-05-25
2025052501023559,LSL,8,43,100.0,224.5,22450.0,2025-05-25
2025052501023558,LSL,8,38,25.0,224.0,5600.0,2025-05-25
2025052501023557,LSL,8,45,50.0,224.0,11200.0,2025-05-25
2025052501023556,LSL,8,41,1108.0,224.0,248192.0,2025-05-25
2025052501023555,LSL,8,22,200.0,224.0,44800.0,2025-05-25
2025052501023554,LSL,8,41,200.0,224.0,44800.0,2025-05-25
2025052501023553,LSL,8,38,100.0,224.0,22400.0,2025-05-25
2025052501023552,LSL,8,58,334.0,224.0,74816.0,2025-05-25
2025052501023551,LSL,8,78,2000.0,223.9,447800.0,2025-05-25
2025052501023550,LSL,8,38,100.0,223.8,22380.0,2025-05-25
2025052501023549,LSL,8,56,500.0,223.8,111900.0,2025-05-25
2025052501023548,LSL,8,48,90.0,223.7,20133.0,2025-05-25
2025052504020631,JOSHI,58,45,30.0,384.0,11520.0,2025-05-25
2025052505010538,NIFRA,41,34,500.0,279.0,139500.0,2025-05-25
2025052505010537,NIFRA,41,6,50.0,279.0,13950.0,2025-05-25
2025052505010536,NIFRA,41,58,100.0,279.0,27900.0,2025-05-25
2025052505010535,NIFRA,41,25,40.0,279.0,11160.0,2025-05-25
2025052505010534,NIFRA,41,68,525.0,279.0,146475.0,2025-05-25
2025052504020630,SJCL,77,4,100.0,316.0,31600.0,2025-05-25
2025052504020629,SSHL,17,45,1500.0,232.0,348000.0,2025-05-25
2025052501023547,TVCL,6,55,70.0,477.0,33390.0,2025-05-25
2025052501023546,TVCL,34,55,50.0,478.0,23900.0,2025-05-25
2025052501023545,TVCL,19,55,200.0,478.0,95600.0,2025-05-25
2025052505010533,HRL,45,26,200.0,939.0,187800.0,2025-05-25
2025052503014586,PFL,57,25,78.0,408.0,31824.0,2025-05-25
2025052503014585,PFL,18,25,22.0,408.0,8976.0,2025-05-25
2025052503014584,PFL,22,25,50.0,408.1,20405.0,2025-05-25
2025052501023544,UHEWA,36,21,40.0,550.0,22000.0,2025-05-25
2025052503014583,GFCL,56,8,85.0,641.1,54493.5,2025-05-25
2025052503014582,GFCL,49,8,10.0,641.2,6412.0,2025-05-25
2025052501023543,RFPL,41,88,550.0,500.0,275000.0,2025-05-25
2025052501023542,RFPL,41,10,300.0,500.0,150000.0,2025-05-25
2025052501023541,RFPL,41,19,50.0,499.5,24975.0,2025-05-25
2025052501023540,GMLI,55,38,10.0,2589.0,25890.0,2025-05-25
2025052501023539,RHGCL,58,44,50.0,331.0,16550.0,2025-05-25
2025052505010532,NRIC,6,48,500.0,1284.0,642000.0,2025-05-25
2025052503014581,LICN,49,3,10.0,920.3,9203.0,2025-05-25
2025052503014580,LICN,65,3,200.0,920.4,184080.0,2025-05-25
2025052503014579,LICN,52,3,200.0,920.5,184100.0,2025-05-25
2025052503014578,LICN,43,3,30.0,921.0,27630.0,2025-05-25
2025052503014577,LICN,13,3,10.0,921.1,9211.0,2025-05-25
2025052503014576,LICN,54,3,10.0,921.5,9215.0,2025-05-25
2025052503014575,LICN,38,3,20.0,921.5,18430.0,2025-05-25
2025052503014574,LICN,26,3,20.0,921.6,18432.0,2025-05-25
2025052505010531,HDL,48,43,180.0,1213.2,218376.0,2025-05-25
2025052501023538,SBL,11,37,10.0,296.0,2960.0,2025-05-25
2025052501023537,CREST,94,35,180.0,1862.0,335160.0,2025-05-25
2025052501023536,MBLEF,40,42,110.0,9.13,1004.3,2025-05-25
2025052504020628,AHPC,52,49,40.0,280.0,11200.0,2025-05-25
2025052504020627,AHPC,52,59,100.0,280.0,28000.0,2025-05-25
2025052504020626,AHPC,52,45,10.0,280.0,2800.0,2025-05-25
2025052504020625,AHPC,52,45,28.0,280.0,7840.0,2025-05-25
2025052504020624,UMRH,19,56,82.0,549.0,45018.0,2025-05-25
2025052504020623,UMRH,1,56,113.0,549.0,62037.0,2025-05-25
2025052505010530,MEL,26,21,174.0,305.0,53070.0,2025-05-25
2025052505010529,MEL,26,11,10.0,305.0,3050.0,2025-05-25
2025052505010528,MEL,26,49,10.0,305.0,3050.0,2025-05-25
2025052505010527,MEL,26,59,10.0,305.0,3050.0,2025-05-25
2025052505010526,MEL,26,36,1090.0,304.9,332341.0,2025-05-25
2025052505010525,MEL,26,39,206.0,304.8,62788.8,2025-05-25
2025052504020622,NLG,39,44,10.0,850.0,8500.0,2025-05-25
2025052501023535,NABIL,66,51,100.0,495.1,49510.0,2025-05-25
2025052505010524,HATHY,62,35,100.0,1246.0,124600.0,2025-05-25
2025052505010523,HATHY,21,35,35.0,1246.0,43610.0,2025-05-25
2025052505010522,HATHY,32,35,25.0,1246.0,31150.0,2025-05-25
2025052504020621,LEC,55,62,200.0,212.6,42520.0,2025-05-25
2025052501023534,MHL,49,35,10.0,620.0,6200.0,2025-05-25
2025052505010521,HRL,58,13,80.0,938.5,75080.0,2025-05-25
2025052505010520,NIFRA,42,1,100.0,278.5,27850.0,2025-05-25
2025052504020620,RIDI,6,19,1000.0,263.2,263200.0,2025-05-25
2025052504020619,RIDI,6,35,10.0,263.2,2632.0,2025-05-25
2025052503014573,MERO,52,75,165.0,785.0,129525.0,2025-05-25
2025052503014572,MERO,42,75,50.0,785.0,39250.0,2025-05-25
2025052503014571,MERO,58,75,500.0,785.1,392550.0,2025-05-25
2025052503014570,MERO,65,75,285.0,785.1,223753.5,2025-05-25
2025052503014569,MLBSL,6,49,10.0,2308.2,23082.0,2025-05-25
2025052503014568,MLBSL,47,49,10.0,2308.4,23084.0,2025-05-25
2025052504020618,UMHL,62,62,445.0,527.0,234515.0,2025-05-25
2025052504020617,UMHL,41,62,255.0,527.0,134385.0,2025-05-25
2025052504020616,BPCL,36,92,100.0,475.8,47580.0,2025-05-25
2025052504020615,BPCL,63,92,100.0,476.0,47600.0,2025-05-25
2025052501023533,KBL,75,57,240.0,216.2,51888.0,2025-05-25
2025052504020614,NHPC,96,34,180.0,218.6,39348.0,2025-05-25
2025052504020613,SPDL,7,58,500.0,356.2,178100.0,2025-05-25
2025052505010519,GCIL,36,52,57.0,502.1,28619.7,2025-05-25
2025052503014567,SLBSL,57,55,40.0,1560.0,62400.0,2025-05-25
2025052504020612,SHL,38,56,500.0,563.8,281900.0,2025-05-25
2025052501023532,PRVU,42,21,303.0,214.9,65114.7,2025-05-25
2025052501023531,PRVU,42,16,162.0,214.9,34813.8,2025-05-25
2025052501023530,PRVU,42,49,35.0,214.5,7507.5,2025-05-25
2025052503014566,BFC,16,48,40.0,487.0,19480.0,2025-05-25
2025052504020611,RADHI,77,57,10.0,792.0,7920.0,2025-05-25
2025052504020610,RADHI,77,89,510.0,792.0,403920.0,2025-05-25
2025052505010518,SONA,28,5,100.0,464.0,46400.0,2025-05-25
2025052504020609,GLH,4,5,60.0,259.0,15540.0,2025-05-25
2025052504020608,GLH,4,34,440.0,259.0,113960.0,2025-05-25
2025052503014565,ALICL,33,51,100.0,718.9,71890.0,2025-05-25
2025052505010517,CLI,58,52,50.0,488.0,24400.0,2025-05-25
2025052501023529,NMB,49,57,300.0,246.0,73800.0,2025-05-25
2025052501023528,NMB,34,57,500.0,246.0,123000.0,2025-05-25
2025052501023527,NYADI,42,4,200.0,420.0,84000.0,2025-05-25
2025052501023526,NYADI,41,4,200.0,420.0,84000.0,2025-05-25
2025052501023525,NYADI,42,4,10.0,420.0,4200.0,2025-05-25
2025052501023524,NYADI,58,4,10.0,420.1,4201.0,2025-05-25
2025052505010516,RNLI,16,7,300.0,514.6,154380.0,2025-05-25
2025052504020607,OHL,39,40,70.0,920.0,64400.0,2025-05-25
2025052501023523,BNHC,49,48,115.0,504.9,58063.5,2025-05-25
2025052501023522,BNHC,49,26,785.0,504.8,396268.0,2025-05-25
2025052504020606,SHEL,51,16,500.0,265.9,132950.0,2025-05-25
2025052504020605,CGH,34,85,166.0,876.0,145416.0,2025-05-25
2025052504020604,CGH,65,85,250.0,876.0,219000.0,2025-05-25
2025052504020603,CGH,47,85,100.0,876.0,87600.0,2025-05-25
2025052504020602,CGH,34,85,100.0,876.1,87610.0,2025-05-25
2025052504020601,CGH,26,85,10.0,876.3,8763.0,2025-05-25
2025052504020600,CGH,32,85,384.0,877.0,336768.0,2025-05-25
2025052503014564,JFL,35,38,150.0,478.0,71700.0,2025-05-25
2025052503014563,SIFC,42,45,99.0,496.7,49173.3,2025-05-25
2025052503014562,SIFC,58,45,400.0,497.0,198800.0,2025-05-25
2025052503014561,HLBSL,39,35,10.0,1015.0,10150.0,2025-05-25
2025052504020599,MEN,26,38,300.0,591.0,177300.0,2025-05-25
2025052504020598,SHL,36,71,500.0,561.0,280500.0,2025-05-25
2025052504020597,SHL,43,71,500.0,561.1,280550.0,2025-05-25
2025052504020596,NIL,71,35,30.0,710.0,21300.0,2025-05-25
2025052504020595,NIL,71,37,237.0,710.0,168270.0,2025-05-25
2025052501023521,KDL,74,42,160.0,1146.9,183504.0,2025-05-25
2025052501023520,KDL,22,42,10.0,1148.0,11480.0,2025-05-25
2025052501023519,KDL,50,42,30.0,1150.0,34500.0,2025-05-25
2025052504020594,GHL,8,59,123.0,247.5,30442.5,2025-05-25
2025052504020593,GHL,50,59,325.0,248.0,80600.0,2025-05-25
2025052504020592,GHL,20,59,900.0,248.0,223200.0,2025-05-25
2025052504020591,GHL,57,59,100.0,248.0,24800.0,2025-05-25
2025052504020590,GHL,63,59,200.0,248.0,49600.0,2025-05-25
2025052504020589,GHL,42,59,260.0,248.0,64480.0,2025-05-25
2025052504020588,GHL,38,59,200.0,248.0,49600.0,2025-05-25
2025052504020587,GHL,13,59,35.0,248.0,8680.0,2025-05-25
2025052504020586,GHL,13,59,50.0,248.0,12400.0,2025-05-25
2025052504020585,GHL,43,59,320.0,248.0,79360.0,2025-05-25
2025052504020584,GHL,63,59,100.0,248.7,24870.0,2025-05-25
2025052504020583,GHL,57,59,537.0,248.8,133605.6,2025-05-25
2025052504020582,GHL,58,59,50.0,248.9,12445.0,2025-05-25
2025052504020581,AHPC,42,45,35.0,280.0,9800.0,2025-05-25
2025052504020580,RADHI,69,89,20.0,792.0,15840.0,2025-05-25
2025052504020579,LEC,55,10,1000.0,212.6,212600.0,2025-05-25
2025052504020578,UPPER,21,17,10.0,201.0,2010.0,2025-05-25
2025052501023518,KBL,45,47,500.0,217.0,108500.0,2025-05-25
2025052504020577,RIDI,45,63,90.0,262.0,23580.0,2025-05-25
2025052504020576,RIDI,58,63,10.0,262.0,2620.0,2025-05-25
2025052504020575,RIDI,25,63,400.0,262.1,104840.0,2025-05-25
2025052503014560,LBBL,3,71,350.0,447.0,156450.0,2025-05-25
2025052503014559,SINDU,72,45,21.0,845.0,17745.0,2025-05-25
2025052501023517,BHL,29,6,300.0,216.6,64980.0,2025-05-25
2025052501023516,KDL,22,34,60.0,1160.0,69600.0,2025-05-25
2025052504020574,NHPC,57,21,1000.0,218.5,218500.0,2025-05-25
2025052503014558,KMCDB,28,4,50.0,1090.0,54500.0,2025-05-25
2025052501023515,BHPL,39,29,10.0,1009.0,10090.0,2025-05-25
2025052504020573,UPCL,68,64,402.0,416.0,167232.0,2025-05-25
2025052504020572,UPCL,68,81,150.0,416.0,62400.0,2025-05-25
2025052504020571,UPCL,68,58,50.0,416.0,20800.0,2025-05-25
2025052504020570,UPCL,68,5,60.0,416.0,24960.0,2025-05-25
2025052504020569,UPCL,68,17,500.0,416.0,208000.0,2025-05-25
2025052504020568,UPCL,68,35,1060.0,415.9,440854.0,2025-05-25
2025052505010515,SHIVM,35,58,100.0,525.0,52500.0,2025-05-25
2025052505010514,SHIVM,75,58,200.0,525.0,105000.0,2025-05-25
2025052505010513,SHIVM,55,58,2000.0,525.0,1050000.0,2025-05-25
2025052505010512,SHIVM,75,58,100.0,525.0,52500.0,2025-05-25
2025052505010511,SHIVM,17,58,300.0,525.0,157500.0,2025-05-25
2025052505010510,SHIVM,45,58,1000.0,525.2,525200.0,2025-05-25
2025052505010509,SHIVM,49,58,50.0,525.3,26265.0,2025-05-25
2025052504020567,JOSHI,58,65,1000.0,384.0,384000.0,2025-05-25
2025052504020566,RURU,50,48,175.0,700.0,122500.0,2025-05-25
2025052504020565,RURU,50,57,25.0,700.0,17500.0,2025-05-25
2025052503014557,KSBBL,66,56,100.0,451.2,45120.0,2025-05-25
2025052505010508,NTC,58,48,35.0,880.6,30821.0,2025-05-25
2025052505010507,NTC,58,16,55.0,880.5,48427.5,2025-05-25
2025052501023514,PPL,57,89,500.0,489.0,244500.0,2025-05-25
2025052501023513,CREST,94,81,10.0,1862.0,18620.0,2025-05-25
2025052501023512,MCHL,49,49,10.0,574.2,5742.0,2025-05-25
2025052501023511,MCHL,49,36,10.0,574.0,5740.0,2025-05-25
2025052503014556,SINDU,35,14,20.0,844.0,16880.0,2025-05-25
2025052503014555,SINDU,57,14,20.0,845.0,16900.0,2025-05-25
2025052503014554,SINDU,43,14,10.0,845.0,8450.0,2025-05-25
2025052503014553,HLI,38,42,1.0,403.8,403.8,2025-05-25
2025052501023510,CREST,94,39,10.0,1862.0,18620.0,2025-05-25
2025052505010506,NRN,39,64,50.0,2025.0,101250.0,2025-05-25
2025052505010505,NRN,49,64,100.0,2025.1,202510.0,2025-05-25
2025052505010504,NRN,56,64,100.0,2025.1,202510.0,2025-05-25
2025052505010503,NRN,26,64,36.0,2025.3,72910.8,2025-05-25
2025052505010502,NRN,33,64,10.0,2026.2,20262.0,2025-05-25
2025052505010501,NIFRA,42,91,10.0,278.5,2785.0,2025-05-25
2025052505010500,NRN,48,48,15.0,2029.0,30435.0,2025-05-25
2025052504020564,SHEL,57,48,230.0,265.0,60950.0,2025-05-25
2025052503014552,SAPDBL,72,49,130.0,835.0,108550.0,2025-05-25
2025052503014551,SAPDBL,41,49,50.0,835.1,41755.0,2025-05-25
2025052503014550,SAPDBL,92,49,50.0,836.0,41800.0,2025-05-25
2025052503014549,SAPDBL,43,49,20.0,836.5,16730.0,2025-05-25
2025052503014548,NMLBBL,41,41,219.0,675.0,147825.0,2025-05-25
2025052503014547,NMLBBL,41,16,91.0,675.0,61425.0,2025-05-25
2025052503014546,NMLBBL,41,41,68.0,675.0,45900.0,2025-05-25
2025052503014545,NMLBBL,41,35,120.0,675.0,81000.0,2025-05-25
2025052503014544,NMLBBL,41,57,44.0,675.0,29700.0,2025-05-25
2025052503014543,NMLBBL,41,11,10.0,675.0,6750.0,2025-05-25
2025052503014542,NMLBBL,41,11,10.0,675.0,6750.0,2025-05-25
2025052503014541,NMLBBL,41,13,50.0,675.0,33750.0,2025-05-25
2025052503014540,NMLBBL,41,58,40.0,674.9,26996.0,2025-05-25
2025052503014539,NMLBBL,41,13,50.0,674.0,33700.0,2025-05-25
2025052503014538,NMLBBL,41,64,200.0,674.0,134800.0,2025-05-25
2025052503014537,NMLBBL,41,49,85.0,674.0,57290.0,2025-05-25
2025052503014536,NMLBBL,41,33,13.0,673.0,8749.0,2025-05-25
2025052503014535,SWBBL,42,49,75.0,862.0,64650.0,2025-05-25
2025052501023509,GBIME,58,14,50.0,232.0,11600.0,2025-05-25
2025052505010499,HDL,42,41,65.0,1214.0,78910.0,2025-05-25
2025052504020563,HURJA,18,54,10.0,249.9,2499.0,2025-05-25
2025052505010498,GIBF1,48,10,5250.0,10.5,55125.0,2025-05-25
2025052505010497,GIBF1,17,10,44750.0,10.5,469875.0,2025-05-25
2025052504020562,SHL,17,54,100.0,561.1,56110.0,2025-05-25
2025052504020561,AKPL,70,54,250.0,241.0,60250.0,2025-05-25
2025052504020560,GHL,97,38,50.0,249.0,12450.0,2025-05-25
2025052503014534,SADBL,39,29,30.0,424.0,12720.0,2025-05-25
2025052504020559,GHL,58,38,50.0,249.0,12450.0,2025-05-25
2025052504020558,GHL,41,38,175.0,249.0,43575.0,2025-05-25
2025052504020557,GHL,41,38,100.0,249.1,24910.0,2025-05-25
2025052504020556,NGPL,43,32,100.0,374.0,37400.0,2025-05-25
2025052501023508,CREST,94,16,10.0,1862.0,18620.0,2025-05-25
2025052504020555,UMRH,1,77,137.0,549.0,75213.0,2025-05-25
2025052504020554,UMRH,26,77,350.0,549.0,192150.0,2025-05-25
2025052504020553,UMRH,41,77,30.0,549.0,16470.0,2025-05-25
2025052504020552,UMRH,22,77,100.0,549.1,54910.0,2025-05-25
2025052504020551,UMRH,22,77,200.0,549.2,109840.0,2025-05-25
2025052504020550,UMRH,45,77,50.0,550.0,27500.0,2025-05-25
2025052504020549,UMRH,34,77,200.0,550.0,110000.0,2025-05-25
2025052505010496,CHDC,32,99,208.0,2550.2,530441.6,2025-05-25
2025052505010495,CHDC,19,99,25.0,2550.2,63755.0,2025-05-25
2025052505010494,CHDC,48,99,100.0,2550.4,255040.0,2025-05-25
2025052505010493,CHDC,54,99,20.0,2551.0,51020.0,2025-05-25
2025052505010492,CHDC,72,99,100.0,2551.1,255110.0,2025-05-25
2025052505010491,CHDC,7,99,38.0,2551.1,96941.8,2025-05-25
2025052505010490,CHDC,16,99,19.0,2552.0,48488.0,2025-05-25
2025052501023507,BHPL,85,62,50.0,919.5,45975.0,2025-05-25
2025052504020548,RADHI,45,39,401.0,791.0,317191.0,2025-05-25
2025052501023506,CREST,94,34,10.0,1862.0,18620.0,2025-05-25
2025052501023505,CREST,94,58,10.0,1862.0,18620.0,2025-05-25
2025052505010489,HRL,49,53,50.0,939.0,46950.0,2025-05-25
2025052501023504,RFPL,36,55,189.0,498.0,94122.0,2025-05-25
2025052501023503,RFPL,52,55,271.0,498.0,134958.0,2025-05-25
2025052501023502,RFPL,42,55,10.0,498.1,4981.0,2025-05-25
2025052501023501,RFPL,33,55,20.0,499.0,9980.0,2025-05-25
2025052501023500,RFPL,42,55,10.0,499.0,4990.0,2025-05-25
2025052501023499,RHGCL,42,44,65.0,331.0,21515.0,2025-05-25
2025052501023498,RHGCL,42,50,435.0,331.0,143985.0,2025-05-25
2025052503014533,NUBL,36,26,10.0,713.0,7130.0,2025-05-25
2025052503014532,GRDBL,72,101,53.0,1120.0,59360.0,2025-05-25
2025052501023497,SANIMA,75,50,390.0,322.5,125775.0,2025-05-25
2025052501023496,SMHL,35,38,36.0,917.1,33015.6,2025-05-25
2025052501023495,SMHL,54,38,15.0,917.2,13758.0,2025-05-25
2025052505010488,VLUCL,77,37,230.0,612.7,140921.0,2025-05-25
2025052503014531,WNLB,57,8,50.0,2356.0,117800.0,2025-05-25
2025052503014530,WNLB,54,8,10.0,2357.0,23570.0,2025-05-25
2025052505010487,NRN,26,83,14.0,2025.3,28354.2,2025-05-25
2025052505010486,NRN,43,83,10.0,2026.0,20260.0,2025-05-25
2025052505010485,NRN,45,83,100.0,2026.0,202600.0,2025-05-25
2025052505010484,NRN,39,83,47.0,2026.0,95222.0,2025-05-25
2025052505010483,NRN,56,83,129.0,2026.1,261366.9,2025-05-25
2025052501023494,LSL,22,48,10.0,223.7,2237.0,2025-05-25
2025052501023493,LSL,22,26,100.0,223.5,22350.0,2025-05-25
2025052505010482,NRM,34,59,110.0,463.1,50941.0,2025-05-25
2025052505010481,HRL,55,53,25.0,939.0,23475.0,2025-05-25
2025052501023492,IHL,17,45,500.0,550.1,275050.0,2025-05-25
2025052503014529,MLBL,33,22,300.0,394.0,118200.0,2025-05-25
2025052503014528,SINDU,43,22,11.0,845.0,9295.0,2025-05-25
2025052501023491,CREST,94,52,10.0,1862.0,18620.0,2025-05-25
2025052505010480,RNLI,57,55,11.0,514.0,5654.0,2025-05-25
2025052501023490,KBL,75,17,300.0,216.2,64860.0,2025-05-25
2025052504020547,SPDL,7,45,50.0,356.2,17810.0,2025-05-25
2025052504020546,SPIL,21,13,20.0,823.0,16460.0,2025-05-25
2025052504020545,UPCL,50,63,2624.0,415.0,1088960.0,2025-05-25
2025052504020544,UPCL,48,63,100.0,415.0,41500.0,2025-05-25
2025052504020543,UPCL,32,63,500.0,415.0,207500.0,2025-05-25
2025052504020542,UPCL,42,63,676.0,415.0,280540.0,2025-05-25
2025052504020541,UPCL,99,63,1000.0,415.1,415100.0,2025-05-25
2025052504020540,UPCL,69,63,100.0,415.1,41510.0,2025-05-25
2025052504020539,CGH,32,50,116.0,877.0,101732.0,2025-05-25
2025052504020538,CGH,43,50,184.0,877.1,161386.4,2025-05-25
2025052501023489,PRVU,11,49,10.0,214.5,2145.0,2025-05-25
2025052501023488,NIMB,6,45,100.0,217.0,21700.0,2025-05-25
2025052501023487,NIMB,45,45,50.0,217.0,10850.0,2025-05-25
2025052501023486,NIMB,42,45,50.0,217.0,10850.0,2025-05-25
2025052501023485,MANDU,34,45,10.0,864.0,8640.0,2025-05-25
2025052504020537,API,72,35,500.0,291.1,145550.0,2025-05-25
2025052504020536,UMHL,41,62,3000.0,527.0,1581000.0,2025-05-25
2025052504020535,UPCL,66,50,100.0,416.0,41600.0,2025-05-25
2025052503014527,LICN,38,45,10.0,922.0,9220.0,2025-05-25
2025052501023484,NICA,96,42,10.0,366.0,3660.0,2025-05-25
2025052504020534,JOSHI,58,45,332.0,384.0,127488.0,2025-05-25
2025052501023483,SANIMA,64,6,180.0,322.2,57996.0,2025-05-25
2025052501023482,SANIMA,64,38,20.0,322.1,6442.0,2025-05-25
2025052504020533,JOSHI,58,1,64.0,384.0,24576.0,2025-05-25
2025052504020532,JOSHI,38,1,176.0,384.0,67584.0,2025-05-25
2025052501023481,MKJC,36,1,500.0,495.0,247500.0,2025-05-25
2025052501023480,MKJC,33,1,50.0,495.0,24750.0,2025-05-25
2025052501023479,MKJC,32,1,250.0,495.0,123750.0,2025-05-25
2025052501023478,MKJC,49,1,50.0,495.1,24755.0,2025-05-25
2025052501023477,MKJC,58,1,100.0,495.9,49590.0,2025-05-25
2025052501023476,MKJC,45,1,100.0,495.9,49590.0,2025-05-25
2025052505010479,SAHAS,45,58,400.0,522.0,208800.0,2025-05-25
2025052505010478,NRIC,6,57,50.0,1284.0,64200.0,2025-05-25
2025052505010477,SAHAS,41,58,500.0,522.0,261000.0,2025-05-25
2025052505010476,SAHAS,62,58,50.0,522.0,26100.0,2025-05-25
2025052505010475,SAHAS,52,58,1235.0,522.0,644670.0,2025-05-25
2025052505010474,SAHAS,62,58,50.0,522.1,26105.0,2025-05-25
2025052505010473,SAHAS,45,58,42.0,522.1,21928.2,2025-05-25
2025052501023475,SCB,35,42,10.0,623.0,6230.0,2025-05-25
2025052505010472,NIFRA,42,68,100.0,279.0,27900.0,2025-05-25
2025052503014526,NLIC,35,53,60.0,760.0,45600.0,2025-05-25
2025052503014525,NLIC,59,53,40.0,760.0,30400.0,2025-05-25
2025052501023474,CREST,94,11,10.0,1862.0,18620.0,2025-05-25
2025052505010471,HRL,41,53,50.0,939.0,46950.0,2025-05-25
2025052501023473,GBIME,36,14,10.0,232.0,2320.0,2025-05-25
2025052501023472,CKHL,57,59,10.0,659.0,6590.0,2025-05-25
2025052501023471,CKHL,57,34,10.0,655.0,6550.0,2025-05-25
2025052501023470,CKHL,57,72,400.0,653.0,261200.0,2025-05-25
2025052501023469,CKHL,57,72,150.0,653.0,97950.0,2025-05-25
2025052501023468,KBL,98,47,50.0,217.0,10850.0,2025-05-25
2025052501023467,SRLI,41,14,574.0,409.0,234766.0,2025-05-25
2025052504020531,BPCL,83,22,100.0,477.0,47700.0,2025-05-25
2025052504020530,AKPL,70,38,45.0,241.0,10845.0,2025-05-25
2025052504020529,AKPL,59,38,155.0,241.0,37355.0,2025-05-25
2025052501023466,CREST,94,49,10.0,1862.0,18620.0,2025-05-25
2025052504020528,NGPL,25,32,500.0,374.0,187000.0,2025-05-25
2025052504020527,NGPL,58,32,16.0,374.0,5984.0,2025-05-25
2025052504020526,NGPL,13,32,40.0,374.0,14960.0,2025-05-25
2025052504020525,NGPL,22,32,269.0,374.0,100606.0,2025-05-25
2025052501023465,SHLB,32,58,100.0,2130.0,213000.0,2025-05-25
2025052501023464,SHLB,52,58,20.0,2131.0,42620.0,2025-05-25
2025052501023463,SARBTM,48,54,6.0,850.0,5100.0,2025-05-25
2025052501023462,MKHC,57,56,10.0,413.0,4130.0,2025-05-25
2025052505010470,ILI,26,32,30.0,459.0,13770.0,2025-05-25
2025052501023461,EBLD91,100,21,25.0,1030.0,25750.0,2025-05-25
2025052501023460,EBLD91,100,32,98.0,1028.0,100744.0,2025-05-25
2025052501023459,EBLD91,100,38,25.0,1027.0,25675.0,2025-05-25
2025052504020524,NGPL,22,45,500.0,374.0,187000.0,2025-05-25
2025052505010469,HDL,48,28,10.0,1213.2,12132.0,2025-05-25
2025052505010468,HDL,42,28,10.0,1213.3,12133.0,2025-05-25
2025052503014524,FMDBL,21,58,211.0,775.0,163525.0,2025-05-25
2025052503014523,FMDBL,21,35,109.0,774.9,84464.1,2025-05-25
2025052503014522,FMDBL,21,38,10.0,774.8,7748.0,2025-05-25
2025052504020523,SHEL,36,55,50.0,264.4,13220.0,2025-05-25
2025052501023458,CREST,94,35,10.0,1862.0,18620.0,2025-05-25
2025052504020522,NGPL,22,48,231.0,374.0,86394.0,2025-05-25
2025052504020521,NGPL,33,48,4769.0,374.0,1783606.0,2025-05-25
2025052504020520,OHL,51,40,10.0,920.0,9200.0,2025-05-25
2025052503014521,HLI,25,55,37.0,412.0,15244.0,2025-05-25
2025052501023457,KBL,56,47,89.0,217.0,19313.0,2025-05-25
2025052501023456,KBL,56,41,281.0,217.0,60977.0,2025-05-25
2025052501023455,KBL,56,95,90.0,217.0,19530.0,2025-05-25
2025052504020519,RADHI,83,50,90.0,793.0,71370.0,2025-05-25
2025052504020518,RADHI,83,29,500.0,793.0,396500.0,2025-05-25
2025052504020517,RADHI,83,35,2410.0,793.0,1911130.0,2025-05-25
2025052505010467,SHIVM,94,58,100.0,526.6,52660.0,2025-05-25
2025052504020516,NGPL,33,34,1000.0,374.0,374000.0,2025-05-25
2025052504020515,SHEL,36,19,500.0,264.4,132200.0,2025-05-25
2025052504020514,RADHI,69,35,10.0,793.0,7930.0,2025-05-25
2025052501023454,CREST,94,48,300.0,1862.0,558600.0,2025-05-25
2025052504020513,NHDL,59,49,10.0,697.0,6970.0,2025-05-25
2025052503014520,MSLB,74,58,10.0,1305.6,13056.0,2025-05-25
2025052503014519,MSLB,74,96,50.0,1305.6,65280.0,2025-05-25
2025052503014518,MSLB,74,6,50.0,1305.6,65280.0,2025-05-25
2025052503014517,MSLB,74,6,10.0,1305.6,13056.0,2025-05-25
2025052503014516,MSLB,74,43,50.0,1305.0,65250.0,2025-05-25
2025052503014515,MSLB,74,75,20.0,1305.0,26100.0,2025-05-25
2025052503014514,MSLB,74,41,67.0,1305.0,87435.0,2025-05-25
2025052503014513,MSLB,74,33,10.0,1300.0,13000.0,2025-05-25
2025052503014512,MSLB,74,83,150.0,1300.0,195000.0,2025-05-25
2025052503014511,MSLB,74,16,10.0,1300.0,13000.0,2025-05-25
2025052503014510,MSLB,74,43,90.0,1299.0,116910.0,2025-05-25
2025052503014509,MSLB,74,58,55.0,1296.4,71302.0,2025-05-25
2025052503014508,MSLB,74,8,200.0,1296.3,259260.0,2025-05-25
2025052503014507,MSLB,74,58,30.0,1295.4,38862.0,2025-05-25
2025052503014506,MSLB,74,49,50.0,1295.4,64770.0,2025-05-25
2025052503014505,MSLB,74,57,10.0,1295.0,12950.0,2025-05-25
2025052503014504,MSLB,74,7,10.0,1295.0,12950.0,2025-05-25
2025052503014503,MSLB,74,58,20.0,1295.0,25900.0,2025-05-25
2025052503014502,MSLB,74,58,30.0,1291.3,38739.0,2025-05-25
2025052503014501,MSLB,74,6,50.0,1291.3,64565.0,2025-05-25
2025052503014500,MSLB,74,59,10.0,1291.0,12910.0,2025-05-25
2025052503014499,MSLB,74,58,10.0,1290.0,12900.0,2025-05-25
2025052503014498,MSLB,74,57,10.0,1288.0,12880.0,2025-05-25
2025052503014497,MSLB,74,47,10.0,1287.2,12872.0,2025-05-25
2025052503014496,MSLB,74,38,10.0,1287.2,12872.0,2025-05-25
2025052503014495,MSLB,74,47,10.0,1287.2,12872.0,2025-05-25
2025052503014494,MSLB,74,6,39.0,1285.0,50115.0,2025-05-25
2025052503014493,MSLB,74,32,10.0,1284.1,12841.0,2025-05-25
2025052503014492,MSLB,74,11,10.0,1284.0,12840.0,2025-05-25
2025052503014491,MSLB,74,49,10.0,1280.0,12800.0,2025-05-25
2025052503014490,MSLB,74,14,10.0,1280.0,12800.0,2025-05-25
2025052503014489,MSLB,74,94,10.0,1265.0,12650.0,2025-05-25
2025052504020512,HPPL,14,3,146.0,494.0,72124.0,2025-05-25
2025052504020511,HPPL,48,3,29.0,494.0,14326.0,2025-05-25
2025052504020510,HPPL,6,3,25.0,494.0,12350.0,2025-05-25
2025052505010466,NRN,101,48,10.0,2029.0,20290.0,2025-05-25
2025052504020509,RADHI,33,50,200.0,791.1,158220.0,2025-05-25
2025052504020508,RADHI,60,50,300.0,792.0,237600.0,2025-05-25
2025052503014488,SINDU,59,22,10.0,845.0,8450.0,2025-05-25
2025052504020507,RADHI,61,35,100.0,793.0,79300.0,2025-05-25
2025052503014487,MNBBL,49,49,50.0,365.1,18255.0,2025-05-25
2025052504020506,CGH,57,22,20.0,877.0,17540.0,2025-05-25
2025052504020505,CGH,38,22,250.0,877.0,219250.0,2025-05-25
2025052501023453,SBL,50,59,40.0,298.0,11920.0,2025-05-25
