transaction,symbol,buyer,seller,quantity,rate,amount,date
2024102301022768,NYADI,58,35,10.0,308.0,3080.0,2024-10-23
2024102303018152,MFIL,58,45,21.0,768.0,16128.0,2024-10-23
2024102304009776,AHPC,50,52,200.0,266.0,53200.0,2024-10-23
2024102301022767,MAKAR,65,42,10.0,495.5,4955.0,2024-10-23
2024102304009775,TRH,42,65,10.0,1118.0,11180.0,2024-10-23
2024102305014395,PHCL,13,49,10.0,470.9,4709.0,2024-10-23
2024102303018151,NICLBSL,1,21,10.0,712.0,7120.0,2024-10-23
2024102303018150,NICLBSL,1,53,10.0,710.0,7100.0,2024-10-23
2024102303018149,NICLBSL,1,58,10.0,707.0,7070.0,2024-10-23
2024102301022766,RHGCL,1,70,10.0,388.0,3880.0,2024-10-23
2024102303018148,NFS,7,26,10.0,1350.0,13500.0,2024-10-23
2024102301022765,NWCL,19,36,10.0,979.0,9790.0,2024-10-23
2024102301022764,ANLB,38,39,10.0,4455.0,44550.0,2024-10-23
2024102305014394,HDL,58,19,10.0,1423.0,14230.0,2024-10-23
2024102304009774,SHL,13,16,250.0,510.0,127500.0,2024-10-23
2024102304009773,SHL,35,16,100.0,510.0,51000.0,2024-10-23
2024102304009772,SHL,34,16,100.0,510.0,51000.0,2024-10-23
2024102304009771,NHPC,49,22,112.0,220.1,24651.2,2024-10-23
2024102304009770,NHPC,53,22,50.0,220.1,11005.0,2024-10-23
2024102301022763,NYADI,22,35,50.0,308.0,15400.0,2024-10-23
2024102303018147,NADEP,64,34,95.0,1055.0,100225.0,2024-10-23
2024102303018146,NADEP,64,37,50.0,1054.0,52700.0,2024-10-23
2024102303018145,NADEP,64,22,15.0,1051.0,15765.0,2024-10-23
2024102303018144,NADEP,64,17,100.0,1049.5,104950.0,2024-10-23
2024102303018143,NADEP,64,68,100.0,1048.9,104890.0,2024-10-23
2024102303018142,NADEP,64,22,40.0,1048.8,41952.0,2024-10-23
2024102303018141,NADEP,64,56,100.0,1047.9,104790.0,2024-10-23
2024102303018140,MFIL,58,34,1000.0,768.0,768000.0,2024-10-23
2024102303018139,NMLBBL,56,42,10.0,770.0,7700.0,2024-10-23
2024102304009769,CGH,34,17,10.0,910.0,9100.0,2024-10-23
2024102304009768,IGI,34,59,10.0,601.5,6015.0,2024-10-23
2024102304009767,RADHI,17,92,10.0,397.9,3979.0,2024-10-23
2024102304009766,JOSHI,17,81,25.0,308.9,7722.5,2024-10-23
2024102304009765,JOSHI,17,14,20.0,307.0,6140.0,2024-10-23
2024102304009764,JOSHI,17,51,25.0,307.0,7675.0,2024-10-23
2024102303018138,GFCL,74,59,20.0,1062.9,21258.0,2024-10-23
2024102301022762,CYCL,60,29,11.0,1537.9,16916.9,2024-10-23
2024102301022761,CYCL,60,29,11.0,1539.9,16938.9,2024-10-23
2024102301022760,CYCL,52,29,62.0,1540.0,95480.0,2024-10-23
2024102301022759,RAWA,41,56,100.0,888.0,88800.0,2024-10-23
2024102304009763,KKHC,41,7,10.0,261.0,2610.0,2024-10-23
2024102304009762,KKHC,41,54,10.0,260.0,2600.0,2024-10-23
2024102305014393,RNLI,88,42,10.0,497.0,4970.0,2024-10-23
2024102305014392,MEL,35,42,300.0,292.0,87600.0,2024-10-23
2024102303018137,PFL,60,50,10.0,652.0,6520.0,2024-10-23
2024102303018136,PFL,60,22,50.0,652.0,32600.0,2024-10-23
2024102303018135,PFL,60,42,70.0,652.0,45640.0,2024-10-23
2024102301022758,TSHL,60,84,10.0,908.9,9089.0,2024-10-23
2024102301022757,SNLI,59,48,51.0,585.1,29840.1,2024-10-23
2024102303018134,GUFL,49,6,155.0,735.0,113925.0,2024-10-23
2024102303018133,GUFL,57,6,45.0,735.0,33075.0,2024-10-23
2024102303018132,KRBL,60,38,20.0,613.0,12260.0,2024-10-23
2024102301022756,EHPL,45,57,300.0,833.5,250050.0,2024-10-23
2024102301022755,EHPL,80,57,50.0,834.0,41700.0,2024-10-23
2024102304009761,SPDL,57,34,10.0,310.0,3100.0,2024-10-23
2024102305014391,HRL,25,49,52.0,861.1,44777.2,2024-10-23
2024102301022754,ULBSL,49,32,10.0,3209.0,32090.0,2024-10-23
2024102304009760,SSHL,49,28,152.0,215.0,32680.0,2024-10-23
2024102303018131,NFS,55,26,10.0,1350.0,13500.0,2024-10-23
2024102305014390,ENL,55,45,10.0,1118.0,11180.0,2024-10-23
2024102304009759,PMHPL,55,34,20.0,266.9,5338.0,2024-10-23
2024102301022753,TSHL,28,84,10.0,908.9,9089.0,2024-10-23
2024102305014389,HRL,28,26,130.0,862.0,112060.0,2024-10-23
2024102305014388,HRL,28,38,170.0,861.9,146523.0,2024-10-23
2024102303018130,GFCL,74,28,50.0,1062.9,53145.0,2024-10-23
2024102303018129,MDB,77,58,10.0,630.0,6300.0,2024-10-23
2024102304009758,AHPC,50,18,10.0,267.0,2670.0,2024-10-23
2024102303018128,CFCL,28,50,100.0,641.0,64100.0,2024-10-23
2024102303018127,CFCL,25,50,715.0,641.0,458315.0,2024-10-23
2024102303018126,CFCL,87,50,30.0,642.0,19260.0,2024-10-23
2024102303018125,CFCL,35,50,20.0,642.0,12840.0,2024-10-23
2024102303018124,CFCL,58,50,100.0,642.1,64210.0,2024-10-23
2024102303018123,CFCL,35,50,30.0,647.0,19410.0,2024-10-23
2024102303018122,CORBL,50,22,40.0,960.0,38400.0,2024-10-23
2024102303018121,CORBL,50,22,100.0,960.0,96000.0,2024-10-23
2024102303018120,CORBL,50,7,60.0,958.8,57528.0,2024-10-23
2024102303018119,NFS,96,26,10.0,1350.0,13500.0,2024-10-23
2024102301022752,SBL,50,52,250.0,346.0,86500.0,2024-10-23
2024102301022751,RAWA,71,56,10.0,888.0,8880.0,2024-10-23
2024102305014387,SAHAS,71,28,300.0,504.9,151470.0,2024-10-23
2024102301022750,SIKLES,44,55,10.0,707.0,7070.0,2024-10-23
2024102303018118,SADBL,28,44,296.0,417.0,123432.0,2024-10-23
2024102301022749,GBIME,47,5,17.0,256.1,4353.7,2024-10-23
2024102301022748,GBIME,26,5,33.0,256.1,8451.3,2024-10-23
2024102301022747,HBL,45,44,70.0,261.9,18333.0,2024-10-23
2024102301022746,HBL,45,38,30.0,261.5,7845.0,2024-10-23
2024102301022745,SMHL,45,38,10.0,625.0,6250.0,2024-10-23
2024102301022744,SMHL,45,17,10.0,625.0,6250.0,2024-10-23
2024102305014386,SHIVM,81,85,20.0,599.0,11980.0,2024-10-23
2024102305014385,SHIVM,81,34,274.0,599.0,164126.0,2024-10-23
2024102303018117,GFCL,21,4,10.0,1063.0,10630.0,2024-10-23
2024102301022743,SARBTM,45,21,50.0,761.0,38050.0,2024-10-23
2024102304009757,TRH,21,65,10.0,1118.0,11180.0,2024-10-23
2024102304009756,UMHL,21,71,10.0,310.4,3104.0,2024-10-23
2024102301022742,SGHC,52,41,70.0,393.6,27552.0,2024-10-23
2024102304009755,SHEL,74,20,10.0,242.8,2428.0,2024-10-23
2024102304009754,NIL,39,4,50.0,911.1,45555.0,2024-10-23
2024102305014384,NMB50,36,4,3000.0,10.2,30600.0,2024-10-23
2024102303018116,NFS,57,36,120.0,1341.0,160920.0,2024-10-23
2024102303018115,NFS,55,36,10.0,1341.0,13410.0,2024-10-23
2024102303018114,NFS,45,36,10.0,1341.0,13410.0,2024-10-23
2024102303018113,NFS,34,36,10.0,1341.0,13410.0,2024-10-23
2024102303018112,SIFC,13,4,141.0,620.0,87420.0,2024-10-23
2024102303018111,SIFC,44,4,500.0,620.0,310000.0,2024-10-23
2024102303018110,SIFC,16,4,500.0,620.0,310000.0,2024-10-23
2024102303018109,SIFC,44,4,100.0,620.0,62000.0,2024-10-23
2024102303018108,SIFC,48,4,50.0,620.0,31000.0,2024-10-23
2024102303018107,SIFC,45,4,85.0,620.1,52708.5,2024-10-23
2024102303018106,SIFC,29,4,500.0,620.5,310250.0,2024-10-23
2024102303018105,SIFC,13,4,200.0,621.0,124200.0,2024-10-23
2024102303018104,SIFC,14,4,10.0,621.0,6210.0,2024-10-23
2024102303018103,SIFC,25,4,363.0,621.4,225568.2,2024-10-23
2024102303018102,SIFC,54,4,118.0,624.0,73632.0,2024-10-23
2024102301022741,NABIL,1,34,10.0,594.0,5940.0,2024-10-23
2024102301022740,NABIL,1,38,176.0,594.0,104544.0,2024-10-23
2024102305014383,MEL,1,42,10.0,292.0,2920.0,2024-10-23
2024102304009753,API,94,45,50.0,289.5,14475.0,2024-10-23
2024102303018101,MDB,62,58,10.0,630.0,6300.0,2024-10-23
2024102305014382,PHCL,65,62,500.0,465.0,232500.0,2024-10-23
2024102305014381,NRM,43,38,20.0,427.0,8540.0,2024-10-23
2024102305014380,NRM,43,16,10.0,427.0,4270.0,2024-10-23
2024102303018100,JFL,7,57,10.0,660.0,6600.0,2024-10-23
2024102303018099,NADEP,19,34,10.0,1040.0,10400.0,2024-10-23
2024102301022739,USHL,58,29,20.0,791.9,15838.0,2024-10-23
2024102301022738,BHL,69,65,10.0,443.8,4438.0,2024-10-23
2024102303018098,NLIC,16,19,10.0,819.0,8190.0,2024-10-23
2024102303018097,NFS,22,26,10.0,1350.0,13500.0,2024-10-23
2024102301022737,TPC,22,17,10.0,468.0,4680.0,2024-10-23
2024102304009752,HDHPC,58,49,55.0,208.8,11484.0,2024-10-23
2024102301022736,HBL,56,38,50.0,261.5,13075.0,2024-10-23
2024102301022735,MLBS,56,55,10.0,1600.0,16000.0,2024-10-23
2024102301022734,MLBS,56,51,40.0,1577.9,63116.0,2024-10-23
2024102301022733,MLBS,56,81,10.0,1550.0,15500.0,2024-10-23
2024102301022732,MHCL,34,45,399.0,413.0,164787.0,2024-10-23
2024102301022731,MHCL,34,49,10.0,412.0,4120.0,2024-10-23
2024102301022730,MHCL,34,42,1091.0,410.0,447310.0,2024-10-23
2024102301022729,BHPL,34,49,10.0,669.9,6699.0,2024-10-23
2024102301022728,NYADI,17,35,32.0,308.0,9856.0,2024-10-23
2024102301022727,NYADI,17,58,68.0,308.0,20944.0,2024-10-23
2024102301022726,NBL,33,43,100.0,292.8,29280.0,2024-10-23
2024102301022725,SARBTM,41,57,10.0,765.0,7650.0,2024-10-23
2024102301022724,UHEWA,57,51,30.0,476.0,14280.0,2024-10-23
2024102301022723,UNLB,38,65,20.0,2527.0,50540.0,2024-10-23
2024102301022722,UNLB,38,45,30.0,2527.0,75810.0,2024-10-23
2024102304009751,RHPL,35,20,10.0,366.0,3660.0,2024-10-23
2024102303018096,LICN,38,13,90.0,1995.9,179631.0,2024-10-23
2024102303018095,MPFL,42,48,23.0,748.0,17204.0,2024-10-23
2024102303018094,MPFL,56,48,77.0,749.0,57673.0,2024-10-23
2024102305014379,HIDCL,60,74,50.0,272.0,13600.0,2024-10-23
2024102305014378,HIDCL,60,18,100.0,271.5,27150.0,2024-10-23
2024102303018093,SAPDBL,26,45,10.0,569.6,5696.0,2024-10-23
2024102305014377,SHIVM,58,34,10.0,599.0,5990.0,2024-10-23
2024102303018092,JFL,6,57,198.0,655.0,129690.0,2024-10-23
2024102303018091,SLBSL,72,3,10.0,1371.1,13711.0,2024-10-23
2024102305014376,HRL,25,57,335.0,861.1,288468.5,2024-10-23
2024102304009750,HDHPC,49,49,40.0,208.8,8352.0,2024-10-23
2024102304009749,HDHPC,38,49,10.0,208.8,2088.0,2024-10-23
2024102304009748,HDHPC,28,49,67.0,208.8,13989.6,2024-10-23
2024102301022721,EHPL,28,71,40.0,835.0,33400.0,2024-10-23
2024102301022720,EHPL,53,71,60.0,836.1,50166.0,2024-10-23
2024102301022719,EHPL,70,71,100.0,836.2,83620.0,2024-10-23
2024102301022718,EHPL,38,71,45.0,840.0,37800.0,2024-10-23
2024102303018090,SHINE,71,34,176.0,475.0,83600.0,2024-10-23
2024102303018089,SHINE,71,8,150.0,475.0,71250.0,2024-10-23
2024102303018088,SHINE,71,17,24.0,474.0,11376.0,2024-10-23
2024102303018087,SHINE,71,14,150.0,473.0,70950.0,2024-10-23
2024102301022717,GBIME,58,14,100.0,256.9,25690.0,2024-10-23
2024102303018086,KSBBL,66,32,50.0,448.0,22400.0,2024-10-23
2024102304009747,SPIL,44,6,263.0,863.0,226969.0,2024-10-23
2024102304009746,SPIL,44,42,50.0,860.0,43000.0,2024-10-23
2024102305014375,PHCL,65,49,79.0,470.9,37201.1,2024-10-23
2024102305014374,PHCL,65,58,300.0,470.4,141120.0,2024-10-23
2024102305014373,PHCL,65,22,10.0,470.2,4702.0,2024-10-23
2024102305014372,PHCL,65,60,100.0,470.0,47000.0,2024-10-23
2024102305014371,PHCL,65,62,50.0,470.0,23500.0,2024-10-23
2024102305014370,PHCL,65,57,40.0,470.0,18800.0,2024-10-23
2024102305014369,PHCL,65,4,69.0,470.0,32430.0,2024-10-23
2024102305014368,PHCL,65,58,250.0,470.0,117500.0,2024-10-23
2024102305014367,PHCL,65,38,10.0,470.0,4700.0,2024-10-23
2024102305014366,PHCL,65,4,14.0,470.0,6580.0,2024-10-23
2024102305014365,PHCL,65,20,1000.0,470.0,470000.0,2024-10-23
2024102305014364,PHCL,65,44,100.0,470.0,47000.0,2024-10-23
2024102305014363,PHCL,65,55,10.0,470.0,4700.0,2024-10-23
2024102305014362,PHCL,65,42,10.0,470.0,4700.0,2024-10-23
2024102305014361,PHCL,65,53,10.0,470.0,4700.0,2024-10-23
2024102305014360,PHCL,65,17,991.0,470.0,465770.0,2024-10-23
2024102305014359,PHCL,65,22,100.0,470.0,47000.0,2024-10-23
2024102305014358,PHCL,65,57,145.0,470.0,68150.0,2024-10-23
2024102305014357,PHCL,65,38,10.0,470.0,4700.0,2024-10-23
2024102305014356,PHCL,65,34,10.0,470.0,4700.0,2024-10-23
2024102305014355,PHCL,65,49,10.0,470.0,4700.0,2024-10-23
2024102305014354,PHCL,65,58,230.0,470.0,108100.0,2024-10-23
2024102305014353,PHCL,65,4,970.0,470.0,455900.0,2024-10-23
2024102305014352,PHCL,65,45,30.0,470.0,14100.0,2024-10-23
2024102305014351,PHCL,65,43,500.0,470.0,235000.0,2024-10-23
2024102305014350,PHCL,65,43,500.0,470.0,235000.0,2024-10-23
2024102305014349,PHCL,65,42,100.0,470.0,47000.0,2024-10-23
2024102305014348,PHCL,65,45,72.0,470.0,33840.0,2024-10-23
2024102305014347,PHCL,65,22,74.0,470.0,34780.0,2024-10-23
2024102305014346,PHCL,65,43,100.0,470.0,47000.0,2024-10-23
2024102305014345,PHCL,65,42,70.0,470.0,32900.0,2024-10-23
2024102305014344,PHCL,65,42,10.0,470.0,4700.0,2024-10-23
2024102305014343,PHCL,65,42,180.0,470.0,84600.0,2024-10-23
2024102305014342,PHCL,65,39,1000.0,470.0,470000.0,2024-10-23
2024102305014341,PHCL,65,7,500.0,470.0,235000.0,2024-10-23
2024102305014340,PHCL,65,57,10.0,470.0,4700.0,2024-10-23
2024102305014339,PHCL,65,1,100.0,470.0,47000.0,2024-10-23
2024102305014338,PHCL,65,38,250.0,470.0,117500.0,2024-10-23
2024102305014337,PHCL,65,32,1000.0,469.9,469900.0,2024-10-23
2024102305014336,PHCL,65,32,450.0,469.9,211455.0,2024-10-23
2024102305014335,PHCL,65,65,500.0,469.3,234650.0,2024-10-23
2024102305014334,PHCL,65,1,238.0,469.0,111622.0,2024-10-23
2024102305014333,PHCL,65,55,10.0,469.0,4690.0,2024-10-23
2024102305014332,PHCL,65,57,100.0,469.0,46900.0,2024-10-23
2024102305014331,PHCL,65,21,10.0,469.0,4690.0,2024-10-23
2024102305014330,PHCL,65,90,1131.0,469.0,530439.0,2024-10-23
2024102305014329,PHCL,65,58,10.0,468.8,4688.0,2024-10-23
2024102305014328,PHCL,65,48,10.0,468.7,4687.0,2024-10-23
2024102305014327,PHCL,65,7,20.0,468.7,9374.0,2024-10-23
2024102305014326,PHCL,65,26,300.0,468.7,140610.0,2024-10-23
2024102305014325,PHCL,65,49,10.0,468.6,4686.0,2024-10-23
2024102305014324,PHCL,65,65,500.0,468.5,234250.0,2024-10-23
2024102305014323,PHCL,65,65,100.0,468.0,46800.0,2024-10-23
2024102305014322,PHCL,65,22,100.0,468.0,46800.0,2024-10-23
2024102305014321,PHCL,65,66,100.0,468.0,46800.0,2024-10-23
2024102305014320,PHCL,65,4,1000.0,468.0,468000.0,2024-10-23
2024102305014319,PHCL,65,87,100.0,468.0,46800.0,2024-10-23
2024102305014318,PHCL,65,49,110.0,468.0,51480.0,2024-10-23
2024102305014317,PHCL,65,32,200.0,468.0,93600.0,2024-10-23
2024102305014316,PHCL,65,65,90.0,468.0,42120.0,2024-10-23
2024102305014315,PHCL,65,34,30.0,468.0,14040.0,2024-10-23
2024102305014314,PHCL,65,47,439.0,467.9,205408.1,2024-10-23
2024102305014313,PHCL,65,33,2258.0,467.0,1054486.0,2024-10-23
2024102305014312,PHCL,65,35,40.0,467.0,18680.0,2024-10-23
2024102305014311,PHCL,65,40,250.0,467.0,116750.0,2024-10-23
2024102305014310,PHCL,65,58,335.0,467.0,156445.0,2024-10-23
2024102305014309,PHCL,65,55,235.0,466.0,109510.0,2024-10-23
2024102305014308,PHCL,65,39,250.0,466.0,116500.0,2024-10-23
2024102305014307,PHCL,65,49,60.0,466.0,27960.0,2024-10-23
2024102304009745,NLG,55,63,200.0,1317.0,263400.0,2024-10-23
2024102303018085,MFIL,58,22,510.0,770.0,392700.0,2024-10-23
2024102303018084,MFIL,58,52,100.0,770.0,77000.0,2024-10-23
2024102303018083,MFIL,58,6,50.0,770.0,38500.0,2024-10-23
2024102303018082,MFIL,58,44,60.0,770.0,46200.0,2024-10-23
2024102303018081,MFIL,58,56,10.0,769.9,7699.0,2024-10-23
2024102303018080,MFIL,58,57,237.0,769.9,182466.3,2024-10-23
2024102303018079,MFIL,58,14,33.0,769.9,25406.7,2024-10-23
2024102304009744,NLG,55,86,100.0,1317.0,131700.0,2024-10-23
2024102303018078,MFIL,58,10,60.0,768.0,46080.0,2024-10-23
2024102303018077,MFIL,83,10,90.0,769.0,69210.0,2024-10-23
2024102303018076,GFCL,74,22,10.0,1062.9,10629.0,2024-10-23
2024102303018075,GFCL,74,13,10.0,1062.9,10629.0,2024-10-23
2024102301022716,ULBSL,70,56,65.0,3199.0,207935.0,2024-10-23
2024102301022715,ULBSL,70,17,30.0,3179.0,95370.0,2024-10-23
2024102303018074,GFCL,74,45,400.0,1060.0,424000.0,2024-10-23
2024102303018073,GFCL,74,33,45.0,1060.0,47700.0,2024-10-23
2024102303018072,GFCL,74,34,100.0,1060.0,106000.0,2024-10-23
2024102303018071,GFCL,74,40,300.0,1060.0,318000.0,2024-10-23
2024102303018070,GFCL,74,1,160.0,1060.0,169600.0,2024-10-23
2024102303018069,GFCL,74,13,10.0,1059.9,10599.0,2024-10-23
2024102303018068,GFCL,74,62,20.0,1059.5,21190.0,2024-10-23
2024102303018067,GFCL,74,57,10.0,1058.9,10589.0,2024-10-23
2024102303018066,GFCL,74,43,370.0,1058.9,391793.0,2024-10-23
2024102303018065,GFCL,74,59,50.0,1058.5,52925.0,2024-10-23
2024102303018064,GFCL,74,61,100.0,1058.0,105800.0,2024-10-23
2024102304009743,OHL,42,34,10.0,939.9,9399.0,2024-10-23
2024102301022714,NABIL,42,38,100.0,594.0,59400.0,2024-10-23
2024102303018063,MLBBL,58,42,10.0,1630.0,16300.0,2024-10-23
2024102301022713,RAWA,40,56,10.0,888.0,8880.0,2024-10-23
2024102301022712,RAWA,40,56,150.0,888.0,133200.0,2024-10-23
2024102301022711,USHL,42,58,10.0,791.8,7918.0,2024-10-23
2024102301022710,BGWT,8,47,10.0,921.5,9215.0,2024-10-23
2024102301022709,BGWT,45,47,10.0,926.0,9260.0,2024-10-23
2024102301022708,BGWT,66,47,10.0,927.0,9270.0,2024-10-23
2024102303018062,MFIL,42,14,17.0,769.9,13088.3,2024-10-23
2024102301022707,SMH,62,53,20.0,1064.8,21296.0,2024-10-23
2024102303018061,SLBSL,72,62,10.0,1371.1,13711.0,2024-10-23
2024102303018060,MDB,62,58,10.0,630.0,6300.0,2024-10-23
2024102304009742,NLG,55,39,1000.0,1317.0,1317000.0,2024-10-23
2024102301022706,SBI,39,17,40.0,482.9,19316.0,2024-10-23
2024102304009741,GHL,95,3,50.0,218.9,10945.0,2024-10-23
2024102301022705,NABIL,90,38,10.0,594.0,5940.0,2024-10-23
2024102305014306,HATHY,69,43,116.0,1346.0,156136.0,2024-10-23
2024102305014305,HATHY,69,17,500.0,1346.0,673000.0,2024-10-23
2024102305014304,HATHY,69,58,22.0,1345.0,29590.0,2024-10-23
2024102305014303,HATHY,69,16,100.0,1345.0,134500.0,2024-10-23
2024102305014302,HATHY,69,25,26.0,1342.0,34892.0,2024-10-23
2024102305014301,HATHY,69,43,300.0,1340.0,402000.0,2024-10-23
2024102305014300,HATHY,69,42,22.0,1335.0,29370.0,2024-10-23
2024102305014299,HATHY,69,49,200.0,1335.0,267000.0,2024-10-23
2024102305014298,HATHY,69,16,42.0,1334.0,56028.0,2024-10-23
2024102305014297,HATHY,69,49,100.0,1334.0,133400.0,2024-10-23
2024102305014296,HATHY,69,3,22.0,1334.0,29348.0,2024-10-23
2024102305014295,HATHY,69,4,50.0,1332.0,66600.0,2024-10-23
2024102304009740,UPCL,22,14,10.0,263.0,2630.0,2024-10-23
2024102301022704,UNLB,34,45,10.0,2527.0,25270.0,2024-10-23
2024102303018059,PROFL,34,65,10.0,659.0,6590.0,2024-10-23
2024102301022703,SBL,29,52,10.0,346.0,3460.0,2024-10-23
2024102303018058,SINDU,88,49,10.0,667.0,6670.0,2024-10-23
2024102304009739,RURU,88,35,35.0,754.5,26407.5,2024-10-23
2024102304009738,RURU,88,14,50.0,754.0,37700.0,2024-10-23
2024102304009737,RURU,88,57,25.0,752.9,18822.5,2024-10-23
2024102304009736,RURU,88,16,95.0,751.7,71411.5,2024-10-23
2024102304009735,RURU,88,57,60.0,751.6,45096.0,2024-10-23
2024102304009734,RURU,88,95,200.0,749.0,149800.0,2024-10-23
2024102304009733,RURU,88,6,25.0,749.0,18725.0,2024-10-23
2024102304009732,RURU,88,49,310.0,748.0,231880.0,2024-10-23
2024102304009731,AHPC,43,35,100.0,266.1,26610.0,2024-10-23
2024102304009730,NGPL,54,38,450.0,471.3,212085.0,2024-10-23
2024102304009729,NGPL,26,38,50.0,471.3,23565.0,2024-10-23
2024102304009728,RHPL,60,20,10.0,366.0,3660.0,2024-10-23
2024102303018057,NMBMF,38,6,20.0,700.0,14000.0,2024-10-23
2024102303018056,MFIL,83,38,10.0,769.0,7690.0,2024-10-23
2024102303018055,MFIL,83,26,150.0,768.9,115335.0,2024-10-23
2024102303018054,MFIL,83,14,50.0,768.9,38445.0,2024-10-23
2024102301022702,NICA,57,49,160.0,452.0,72320.0,2024-10-23
2024102301022701,NICA,57,58,10.0,452.0,4520.0,2024-10-23
2024102301022700,NICA,57,1,30.0,452.0,13560.0,2024-10-23
2024102305014294,VLUCL,14,57,10.0,588.0,5880.0,2024-10-23
2024102301022699,SMHL,14,58,10.0,625.0,6250.0,2024-10-23
2024102301022698,SMHL,14,45,10.0,625.0,6250.0,2024-10-23
2024102301022697,SMHL,14,49,10.0,625.0,6250.0,2024-10-23
2024102301022696,SMHL,14,45,10.0,624.3,6243.0,2024-10-23
2024102301022695,TAMOR,19,49,10.0,480.3,4803.0,2024-10-23
2024102303018053,JBBL,49,39,10.0,354.0,3540.0,2024-10-23
2024102301022694,MEHL,55,13,620.0,388.0,240560.0,2024-10-23
2024102301022693,MEHL,55,45,20.0,387.7,7754.0,2024-10-23
2024102301022692,MEHL,55,58,400.0,386.0,154400.0,2024-10-23
2024102301022691,MEHL,55,28,180.0,385.0,69300.0,2024-10-23
2024102301022690,MEHL,55,45,80.0,385.0,30800.0,2024-10-23
2024102301022689,BEDC,32,40,10.0,470.0,4700.0,2024-10-23
2024102301022688,NMB,36,29,50.0,263.9,13195.0,2024-10-23
2024102305014293,NRIC,71,39,10.0,803.0,8030.0,2024-10-23
2024102301022687,RAWA,44,33,540.0,889.0,480060.0,2024-10-23
2024102301022686,RAWA,44,71,250.0,840.0,210000.0,2024-10-23
2024102301022685,RAWA,44,58,40.0,833.3,33332.0,2024-10-23
2024102301022684,RAWA,44,48,440.0,829.0,364760.0,2024-10-23
2024102301022683,RAWA,44,45,100.0,827.0,82700.0,2024-10-23
2024102301022682,RAWA,44,14,100.0,826.0,82600.0,2024-10-23
2024102301022681,RAWA,44,42,30.0,825.0,24750.0,2024-10-23
2024102304009727,KPCL,44,50,10.0,493.0,4930.0,2024-10-23
2024102303018052,GFCL,43,26,10.0,1051.1,10511.0,2024-10-23
2024102301022680,SRLI,16,26,247.0,443.1,109445.7,2024-10-23
2024102301022679,SRLI,49,26,10.0,443.1,4431.0,2024-10-23
2024102301022678,SRLI,32,26,500.0,444.0,222000.0,2024-10-23
2024102301022677,SRLI,49,26,130.0,444.0,57720.0,2024-10-23
2024102301022676,SRLI,6,26,33.0,444.0,14652.0,2024-10-23
2024102301022675,SRLI,13,26,80.0,448.0,35840.0,2024-10-23
2024102303018051,SIFC,45,62,10.0,628.0,6280.0,2024-10-23
2024102305014292,SHIVM,21,34,10.0,599.0,5990.0,2024-10-23
2024102305014291,LUK,39,52,600.0,9.21,5526.0,2024-10-23
2024102305014290,LUK,57,52,400.0,9.29,3716.0,2024-10-23
2024102305014289,HDL,1,17,10.0,1423.1,14231.0,2024-10-23
2024102305014288,CLI,94,41,30.0,634.0,19020.0,2024-10-23
2024102305014287,CLI,94,41,10.0,634.0,6340.0,2024-10-23
2024102305014286,CLI,94,58,10.0,634.0,6340.0,2024-10-23
2024102303018050,SFCL,41,42,200.0,704.1,140820.0,2024-10-23
2024102304009726,UNHPL,42,29,10.0,266.0,2660.0,2024-10-23
2024102301022674,SBI,43,17,10.0,482.9,4829.0,2024-10-23
2024102304009725,LEC,1,22,1500.0,276.8,415200.0,2024-10-23
2024102301022673,SBL,28,64,50.0,345.0,17250.0,2024-10-23
2024102301022672,SBL,54,64,500.0,345.0,172500.0,2024-10-23
2024102301022671,SBL,75,64,10.0,345.0,3450.0,2024-10-23
2024102301022670,SBL,74,64,150.0,345.0,51750.0,2024-10-23
2024102301022669,SBL,46,64,200.0,345.1,69020.0,2024-10-23
2024102301022668,SBL,26,64,200.0,345.1,69020.0,2024-10-23
2024102301022667,SBL,4,64,500.0,345.2,172600.0,2024-10-23
2024102301022666,SBL,44,64,390.0,345.2,134628.0,2024-10-23
2024102304009724,AKPL,53,42,1000.0,248.5,248500.0,2024-10-23
2024102301022665,SIKLES,34,55,10.0,707.0,7070.0,2024-10-23
2024102301022664,KBL,28,17,50.0,234.0,11700.0,2024-10-23
2024102301022663,MKJC,29,56,10.0,467.9,4679.0,2024-10-23
2024102301022662,KBSH,22,7,10.0,2386.0,23860.0,2024-10-23
2024102304009723,NLG,55,59,150.0,1317.0,197550.0,2024-10-23
2024102305014285,SMJC,51,52,10.0,574.0,5740.0,2024-10-23
2024102305014284,SMJC,51,58,10.0,569.0,5690.0,2024-10-23
2024102305014283,SMJC,51,41,400.0,565.0,226000.0,2024-10-23
2024102305014282,SMJC,51,21,140.0,565.0,79100.0,2024-10-23
2024102304009722,KPCL,60,50,10.0,493.0,4930.0,2024-10-23
2024102303018049,MFIL,58,14,10.0,768.0,7680.0,2024-10-23
2024102303018048,MFIL,58,57,200.0,768.0,153600.0,2024-10-23
2024102303018047,SHINE,14,14,100.0,473.0,47300.0,2024-10-23
2024102304009721,AKPL,55,42,10.0,248.5,2485.0,2024-10-23
2024102301022661,KBL,28,40,800.0,234.0,187200.0,2024-10-23
2024102301022660,KBL,28,19,569.0,234.0,133146.0,2024-10-23
2024102301022659,KBL,28,48,2500.0,233.7,584250.0,2024-10-23
2024102301022658,KBL,28,49,420.0,233.5,98070.0,2024-10-23
2024102301022657,KBL,28,20,309.0,233.5,72151.5,2024-10-23
2024102301022656,KBL,28,69,17.0,233.4,3967.8,2024-10-23
2024102303018046,MFIL,58,49,11.0,768.0,8448.0,2024-10-23
2024102303018045,BFC,49,35,260.0,625.0,162500.0,2024-10-23
2024102303018044,BFC,49,49,40.0,625.0,25000.0,2024-10-23
2024102301022655,NMB,46,49,180.0,263.0,47340.0,2024-10-23
2024102301022654,NMB,58,49,80.0,263.0,21040.0,2024-10-23
2024102301022653,TSHL,8,48,12.0,909.0,10908.0,2024-10-23
2024102301022652,BNHC,61,51,10.0,466.9,4669.0,2024-10-23
2024102301022651,PPL,44,65,100.0,461.0,46100.0,2024-10-23
2024102303018043,MFIL,58,44,100.0,768.0,76800.0,2024-10-23
2024102301022650,KBL,26,26,825.0,232.0,191400.0,2024-10-23
2024102301022649,KBL,29,26,100.0,232.1,23210.0,2024-10-23
2024102301022648,KBL,32,26,75.0,233.0,17475.0,2024-10-23
2024102303018042,ALICL,62,53,59.0,714.5,42155.5,2024-10-23
2024102303018041,ALICL,62,21,300.0,714.0,214200.0,2024-10-23
2024102303018040,ALICL,62,28,91.0,713.9,64964.9,2024-10-23
2024102303018039,ALICL,62,34,400.0,713.8,285520.0,2024-10-23
2024102303018038,MDB,62,58,100.0,630.0,63000.0,2024-10-23
2024102303018037,MDB,62,52,300.0,629.0,188700.0,2024-10-23
2024102303018036,MDB,62,55,200.0,629.0,125800.0,2024-10-23
2024102301022647,SMH,39,53,10.0,1064.8,10648.0,2024-10-23
2024102303018035,NFS,37,26,50.0,1350.0,67500.0,2024-10-23
2024102301022646,UNLB,69,45,10.0,2527.0,25270.0,2024-10-23
2024102301022645,NYADI,57,58,100.0,305.4,30540.0,2024-10-23
2024102303018034,NFS,34,42,10.0,1341.0,13410.0,2024-10-23
2024102301022644,NABIL,41,38,14.0,594.0,8316.0,2024-10-23
2024102301022643,NABIL,41,44,156.0,594.0,92664.0,2024-10-23
2024102301022642,SPC,57,41,20.0,520.0,10400.0,2024-10-23
2024102303018033,CFCL,35,35,170.0,647.0,109990.0,2024-10-23
2024102303018032,BFC,35,49,200.0,625.0,125000.0,2024-10-23
2024102305014281,NRIC,19,38,55.0,801.0,44055.0,2024-10-23
2024102303018031,SFCL,38,57,100.0,704.2,70420.0,2024-10-23
2024102303018030,BFC,58,49,10.0,625.0,6250.0,2024-10-23
2024102304009720,LEC,14,57,138.0,276.0,38088.0,2024-10-23
2024102304009719,LEC,35,57,20.0,276.5,5530.0,2024-10-23
2024102305014280,NRN,101,55,660.0,905.0,597300.0,2024-10-23
2024102305014279,NIFRA,22,55,375.0,280.0,105000.0,2024-10-23
2024102305014278,NIFRA,70,55,200.0,280.0,56000.0,2024-10-23
2024102305014277,NIFRA,22,55,300.0,280.0,84000.0,2024-10-23
2024102305014276,NIFRA,34,55,500.0,280.0,140000.0,2024-10-23
2024102305014275,NIFRA,26,55,1500.0,280.0,420000.0,2024-10-23
2024102305014274,NIFRA,42,55,70.0,280.0,19600.0,2024-10-23
2024102305014273,NIFRA,35,55,800.0,280.0,224000.0,2024-10-23
2024102305014272,NIFRA,17,55,100.0,280.0,28000.0,2024-10-23
2024102305014271,NIFRA,26,55,100.0,280.0,28000.0,2024-10-23
2024102305014270,NIFRA,58,55,125.0,280.0,35000.0,2024-10-23
2024102305014269,NIFRA,3,55,1000.0,280.0,280000.0,2024-10-23
2024102305014268,NIFRA,35,55,100.0,280.0,28000.0,2024-10-23
2024102305014267,NIFRA,56,55,2000.0,280.0,560000.0,2024-10-23
2024102305014266,NIFRA,38,55,100.0,280.0,28000.0,2024-10-23
2024102305014265,NIFRA,58,55,24.0,280.0,6720.0,2024-10-23
2024102305014264,NIFRA,16,55,2000.0,280.0,560000.0,2024-10-23
2024102305014263,NIFRA,58,55,100.0,280.0,28000.0,2024-10-23
2024102305014262,NIFRA,22,55,100.0,280.0,28000.0,2024-10-23
2024102305014261,NIFRA,41,55,100.0,280.0,28000.0,2024-10-23
2024102305014260,NIFRA,62,55,110.0,280.0,30800.0,2024-10-23
2024102305014259,NIFRA,85,55,10.0,280.0,2800.0,2024-10-23
2024102305014258,NIFRA,46,55,50.0,280.0,14000.0,2024-10-23
2024102305014257,NIFRA,58,55,200.0,280.0,56000.0,2024-10-23
2024102305014256,NIFRA,34,55,1000.0,280.0,280000.0,2024-10-23
2024102305014255,NIFRA,59,55,500.0,280.0,140000.0,2024-10-23
2024102305014254,NIFRA,21,55,48.0,280.0,13440.0,2024-10-23
2024102305014253,NIFRA,45,55,100.0,280.0,28000.0,2024-10-23
2024102305014252,NIFRA,56,55,1000.0,280.0,280000.0,2024-10-23
2024102305014251,NIFRA,57,55,100.0,280.0,28000.0,2024-10-23
2024102305014250,NIFRA,57,55,200.0,280.0,56000.0,2024-10-23
2024102305014249,NIFRA,50,55,50.0,280.0,14000.0,2024-10-23
2024102305014248,NIFRA,82,55,200.0,280.0,56000.0,2024-10-23
2024102305014247,NIFRA,22,55,25.0,280.0,7000.0,2024-10-23
2024102305014246,NIFRA,74,55,500.0,280.0,140000.0,2024-10-23
2024102305014245,NIFRA,85,55,500.0,280.0,140000.0,2024-10-23
2024102305014244,NIFRA,25,55,50.0,280.0,14000.0,2024-10-23
2024102305014243,NIFRA,49,55,500.0,280.1,140050.0,2024-10-23
2024102305014242,NIFRA,57,55,40.0,280.3,11212.0,2024-10-23
2024102305014241,NIFRA,34,55,50.0,280.3,14015.0,2024-10-23
2024102305014240,NIFRA,34,55,50.0,280.3,14015.0,2024-10-23
2024102305014239,NIFRA,35,55,50.0,280.5,14025.0,2024-10-23
2024102305014238,NIFRA,49,55,10.0,280.5,2805.0,2024-10-23
2024102305014237,NIFRA,59,55,300.0,280.5,84150.0,2024-10-23
2024102305014236,NIFRA,6,55,398.0,280.5,111639.0,2024-10-23
2024102305014235,CHDC,28,4,10.0,1684.0,16840.0,2024-10-23
2024102304009718,BARUN,36,7,10.0,379.0,3790.0,2024-10-23
2024102301022641,BGWT,8,19,10.0,934.9,9349.0,2024-10-23
2024102304009717,UPCL,3,14,325.0,262.2,85215.0,2024-10-23
2024102304009716,UPCL,1,14,175.0,262.3,45902.5,2024-10-23
2024102304009715,PPCL,14,3,10.0,262.0,2620.0,2024-10-23
2024102304009714,PPCL,14,49,212.0,260.0,55120.0,2024-10-23
2024102301022640,NICA,52,1,10.0,452.0,4520.0,2024-10-23
2024102301022639,NICA,52,42,40.0,451.0,18040.0,2024-10-23
2024102303018029,PROFL,39,19,273.0,655.0,178815.0,2024-10-23
2024102303018028,PROFL,42,19,50.0,655.0,32750.0,2024-10-23
2024102303018027,PROFL,41,19,500.0,656.0,328000.0,2024-10-23
2024102303018026,PROFL,19,19,77.0,656.0,50512.0,2024-10-23
2024102303018025,PROFL,48,19,100.0,656.0,65600.0,2024-10-23
2024102304009713,AHPC,34,18,100.0,267.0,26700.0,2024-10-23
2024102301022638,KBL,32,29,125.0,233.0,29125.0,2024-10-23
2024102301022637,KBL,55,29,150.0,233.0,34950.0,2024-10-23
2024102304009712,NGPL,56,7,15.0,472.0,7080.0,2024-10-23
2024102304009711,NGPL,45,7,180.0,473.0,85140.0,2024-10-23
2024102301022636,MEHL,42,28,120.0,380.1,45612.0,2024-10-23
2024102305014234,PHCL,45,32,1000.0,465.1,465100.0,2024-10-23
2024102304009710,CHCL,50,4,11.0,568.9,6257.9,2024-10-23
2024102305014233,PHCL,66,49,150.0,466.0,69900.0,2024-10-23
2024102304009709,HPPL,14,42,200.0,316.3,63260.0,2024-10-23
2024102304009708,SPDL,44,34,10.0,310.0,3100.0,2024-10-23
2024102301022635,USHL,35,45,150.0,783.2,117480.0,2024-10-23
2024102301022634,USHL,52,45,200.0,784.0,156800.0,2024-10-23
2024102301022633,USHL,52,45,50.0,785.0,39250.0,2024-10-23
2024102304009707,GHL,21,16,50.0,218.5,10925.0,2024-10-23
2024102301022632,CITY,64,46,48.0,805.0,38640.0,2024-10-23
2024102301022631,SBL,44,33,70.0,345.2,24164.0,2024-10-23
2024102303018024,MFIL,58,34,10.0,768.0,7680.0,2024-10-23
2024102301022630,MLBS,28,29,10.0,1532.3,15323.0,2024-10-23
2024102301022629,SANIMA,14,7,275.0,326.0,89650.0,2024-10-23
2024102301022628,SANIMA,25,7,40.0,326.2,13048.0,2024-10-23
2024102301022627,SANIMA,14,7,200.0,326.2,65240.0,2024-10-23
2024102301022626,SANIMA,35,7,50.0,326.3,16315.0,2024-10-23
2024102301022625,SANIMA,43,7,500.0,327.0,163500.0,2024-10-23
2024102301022624,SANIMA,57,7,25.0,327.0,8175.0,2024-10-23
2024102301022623,SANIMA,57,7,10.0,327.0,3270.0,2024-10-23
2024102301022622,SARBTM,51,57,10.0,765.0,7650.0,2024-10-23
2024102304009706,SGIC,58,38,20.0,641.2,12824.0,2024-10-23
2024102303018023,MNBBL,55,28,50.0,395.8,19790.0,2024-10-23
2024102304009705,HDHPC,28,32,30.0,208.8,6264.0,2024-10-23
2024102304009704,HDHPC,6,32,100.0,208.8,20880.0,2024-10-23
2024102304009703,HDHPC,19,32,10.0,208.8,2088.0,2024-10-23
2024102304009702,HDHPC,14,32,290.0,208.8,60552.0,2024-10-23
2024102303018022,CORBL,50,7,17.0,958.8,16299.6,2024-10-23
2024102303018021,CORBL,50,50,10.0,955.0,9550.0,2024-10-23
2024102303018020,CORBL,50,49,30.0,955.0,28650.0,2024-10-23
2024102303018019,CORBL,50,57,100.0,954.0,95400.0,2024-10-23
2024102303018018,CORBL,50,17,100.0,953.9,95390.0,2024-10-23
2024102303018017,CORBL,50,57,53.0,953.0,50509.0,2024-10-23
2024102303018016,CORBL,50,62,100.0,949.0,94900.0,2024-10-23
2024102303018015,CORBL,50,5,40.0,945.0,37800.0,2024-10-23
2024102303018014,CORBL,50,58,50.0,944.9,47245.0,2024-10-23
2024102304009701,SHPC,5,81,466.0,525.0,244650.0,2024-10-23
2024102303018013,MFIL,58,45,100.0,768.0,76800.0,2024-10-23
2024102304009700,CHCL,28,45,430.0,564.0,242520.0,2024-10-23
2024102304009699,CHCL,49,45,70.0,564.1,39487.0,2024-10-23
2024102304009698,CHCL,35,45,500.0,564.2,282100.0,2024-10-23
2024102304009697,NHPC,53,52,400.0,220.1,88040.0,2024-10-23
2024102303018012,SWMF,41,43,20.0,812.0,16240.0,2024-10-23
2024102303018011,SWMF,59,43,37.0,813.1,30084.7,2024-10-23
2024102303018010,SWMF,29,43,150.0,813.1,121965.0,2024-10-23
2024102303018009,SWMF,40,43,176.0,814.0,143264.0,2024-10-23
2024102303018008,SWMF,63,43,15.0,814.1,12211.5,2024-10-23
2024102305014232,NIFRA,6,92,4500.0,280.5,1262250.0,2024-10-23
2024102305014231,NIFRA,62,92,500.0,280.7,140350.0,2024-10-23
2024102301022621,JBLB,54,17,26.0,1534.0,39884.0,2024-10-23
2024102301022620,NICA,52,17,100.0,451.0,45100.0,2024-10-23
2024102301022619,PRVU,13,34,995.0,248.0,246760.0,2024-10-23
2024102304009696,CHL,59,42,10.0,353.0,3530.0,2024-10-23
2024102303018007,GUFL,57,56,25.0,735.0,18375.0,2024-10-23
2024102303018006,GUFL,34,56,50.0,735.4,36770.0,2024-10-23
2024102303018005,GUFL,13,56,400.0,735.5,294200.0,2024-10-23
2024102303018004,GUFL,42,56,25.0,736.6,18415.0,2024-10-23
2024102301022618,HIDCLP,13,56,1905.0,183.0,348615.0,2024-10-23
2024102301022617,HIDCLP,13,56,1905.0,183.0,348615.0,2024-10-23
2024102301022616,HIDCLP,44,56,67.0,183.0,12261.0,2024-10-23
2024102305014230,SMJC,38,22,38.0,564.1,21435.8,2024-10-23
2024102301022615,ULBSL,38,56,10.0,3199.0,31990.0,2024-10-23
2024102303018003,SJLIC,25,58,120.0,477.0,57240.0,2024-10-23
2024102303018002,SJLIC,25,42,10.0,477.0,4770.0,2024-10-23
2024102303018001,MFIL,58,32,1630.0,768.0,1251840.0,2024-10-23
2024102304009695,MEN,100,49,30.0,631.1,18933.0,2024-10-23
2024102305014229,SAHAS,66,19,1778.0,505.0,897890.0,2024-10-23
2024102305014228,SAHAS,66,44,200.0,505.0,101000.0,2024-10-23
2024102305014227,SAHAS,66,17,50.0,505.0,25250.0,2024-10-23
2024102305014226,SAHAS,66,55,200.0,505.0,101000.0,2024-10-23
2024102305014225,SAHAS,66,25,50.0,505.0,25250.0,2024-10-23
2024102305014224,SAHAS,66,16,212.0,505.0,107060.0,2024-10-23
2024102305014223,SAHAS,66,49,1000.0,504.9,504900.0,2024-10-23
2024102305014222,SAHAS,66,38,10.0,504.8,5048.0,2024-10-23
2024102305014221,SAHAS,66,5,500.0,504.8,252400.0,2024-10-23
2024102305014220,HATHY,57,44,25.0,1322.0,33050.0,2024-10-23
2024102305014219,HATHY,22,44,50.0,1322.1,66105.0,2024-10-23
2024102305014218,HATHY,45,44,75.0,1323.0,99225.0,2024-10-23
2024102303018000,MFIL,58,44,70.0,768.0,53760.0,2024-10-23
2024102303017999,PROFL,3,65,20.0,659.0,13180.0,2024-10-23
2024102304009694,SHEL,40,20,60.0,242.9,14574.0,2024-10-23
2024102301022614,SBI,45,74,200.0,483.0,96600.0,2024-10-23
2024102301022613,SBI,45,96,100.0,482.0,48200.0,2024-10-23
2024102305014217,HIDCL,89,91,52.0,270.7,14076.4,2024-10-23
2024102301022612,CYCL,52,1,10.0,1540.0,15400.0,2024-10-23
2024102303017998,DDBL,34,16,100.0,916.2,91620.0,2024-10-23
2024102301022611,HBL,100,29,500.0,260.0,130000.0,2024-10-23
2024102305014216,SAHAS,34,57,10.0,504.0,5040.0,2024-10-23
2024102305014215,SAHAS,34,1,50.0,504.0,25200.0,2024-10-23
2024102305014214,HDL,14,51,10.0,1423.1,14231.0,2024-10-23
2024102304009693,IGI,42,28,293.0,600.0,175800.0,2024-10-23
2024102304009692,IGI,82,28,49.0,600.0,29400.0,2024-10-23
2024102303017997,HLBSL,77,18,20.0,1010.0,20200.0,2024-10-23
2024102303017996,HLBSL,77,26,30.0,1003.0,30090.0,2024-10-23
2024102303017995,MPFL,32,85,100.0,751.0,75100.0,2024-10-23
2024102301022610,HIDCLP,44,67,933.0,183.0,170739.0,2024-10-23
2024102301022609,HIDCLP,57,67,100.0,183.0,18300.0,2024-10-23
2024102301022608,HIDCLP,57,67,1000.0,183.0,183000.0,2024-10-23
2024102301022607,HIDCLP,41,67,650.0,183.0,118950.0,2024-10-23
2024102301022606,HIDCLP,42,67,30.0,183.0,5490.0,2024-10-23
2024102301022605,HIDCLP,28,67,131.0,183.0,23973.0,2024-10-23
2024102301022604,HIDCLP,28,67,568.0,183.0,103944.0,2024-10-23
2024102301022603,HIDCLP,28,67,2557.0,183.0,467931.0,2024-10-23
2024102301022602,HIDCLP,57,67,200.0,183.1,36620.0,2024-10-23
2024102301022601,HIDCLP,65,67,2055.0,183.1,376270.5,2024-10-23
2024102301022600,HIDCLP,59,67,776.0,183.3,142240.8,2024-10-23
2024102303017994,MLBSL,5,34,10.0,2000.0,20000.0,2024-10-23
2024102301022599,MBL,74,38,10.0,255.0,2550.0,2024-10-23
2024102301022598,NABIL,21,44,30.0,594.0,17820.0,2024-10-23
2024102303017993,GFCL,91,43,100.0,1058.9,105890.0,2024-10-23
2024102301022597,HBL,100,58,40.0,260.0,10400.0,2024-10-23
2024102301022596,HBL,35,58,110.0,260.0,28600.0,2024-10-23
2024102305014213,MBJC,14,42,30.0,321.0,9630.0,2024-10-23
2024102303017992,BFC,42,49,50.0,625.0,31250.0,2024-10-23
2024102304009691,NHPC,53,42,100.0,220.1,22010.0,2024-10-23
2024102305014212,MBJC,92,4,300.0,322.0,96600.0,2024-10-23
2024102303017991,SADBL,22,44,385.0,419.0,161315.0,2024-10-23
2024102305014211,SONA,17,42,20.0,473.2,9464.0,2024-10-23
2024102303017990,SWBBL,58,34,10.0,1065.0,10650.0,2024-10-23
2024102301022595,NBL,38,6,147.0,292.2,42953.4,2024-10-23
2024102305014210,VLUCL,35,14,10.0,588.0,5880.0,2024-10-23
2024102303017989,MFIL,58,41,200.0,768.0,153600.0,2024-10-23
2024102301022594,PCBL,55,32,900.0,292.0,262800.0,2024-10-23
2024102301022593,PCBL,55,21,209.0,292.0,61028.0,2024-10-23
2024102301022592,PCBL,55,36,100.0,291.0,29100.0,2024-10-23
2024102301022591,KBL,25,69,283.0,233.4,66052.2,2024-10-23
2024102301022590,KBL,25,25,50.0,233.4,11670.0,2024-10-23
2024102301022589,KBL,25,42,87.0,233.0,20271.0,2024-10-23
2024102304009690,SSHL,56,28,25.0,215.0,5375.0,2024-10-23
2024102304009689,SSHL,57,28,18.0,215.0,3870.0,2024-10-23
2024102303017988,NMLBBL,29,57,40.0,769.0,30760.0,2024-10-23
2024102303017987,SKBBL,49,6,10.0,934.0,9340.0,2024-10-23
2024102303017986,SKBBL,49,21,15.0,934.0,14010.0,2024-10-23
2024102303017985,SKBBL,49,53,30.0,934.0,28020.0,2024-10-23
2024102303017984,SFCL,26,57,10.0,704.2,7042.0,2024-10-23
2024102304009688,SHL,13,70,100.0,512.0,51200.0,2024-10-23
2024102304009687,AKPL,57,37,100.0,248.0,24800.0,2024-10-23
2024102301022588,SAMAJ,38,37,10.0,3321.1,33211.0,2024-10-23
2024102301022587,EHPL,38,22,25.0,840.0,21000.0,2024-10-23
2024102303017983,NUBL,46,57,10.0,730.0,7300.0,2024-10-23
2024102303017982,SINDU,88,49,20.0,667.0,13340.0,2024-10-23
2024102301022586,KBL,26,98,980.0,232.0,227360.0,2024-10-23
2024102301022585,KBL,58,98,20.0,232.1,4642.0,2024-10-23
2024102301022584,NMB,58,28,120.0,263.0,31560.0,2024-10-23
2024102305014209,HRL,90,32,156.0,861.0,134316.0,2024-10-23
2024102303017981,GRDBL,32,35,180.0,743.0,133740.0,2024-10-23
2024102303017980,GRDBL,32,65,500.0,742.0,371000.0,2024-10-23
2024102303017979,GRDBL,32,49,20.0,741.0,14820.0,2024-10-23
2024102301022583,MHCL,57,42,10.0,410.0,4100.0,2024-10-23
2024102305014208,NRM,22,49,50.0,426.1,21305.0,2024-10-23
2024102301022582,USHL,52,49,50.0,785.0,39250.0,2024-10-23
2024102301022581,MKCL,49,36,10.0,1497.0,14970.0,2024-10-23
2024102303017978,LICN,61,13,10.0,1995.9,19959.0,2024-10-23
2024102303017977,NLICL,86,54,10.0,606.0,6060.0,2024-10-23
2024102303017976,MDB,21,74,220.0,625.0,137500.0,2024-10-23
2024102303017975,MDB,20,74,65.0,626.0,40690.0,2024-10-23
2024102301022580,BNHC,50,21,10.0,465.6,4656.0,2024-10-23
2024102303017974,MATRI,70,58,135.0,1405.0,189675.0,2024-10-23
2024102303017973,MATRI,70,65,70.0,1400.0,98000.0,2024-10-23
2024102304009686,NGPL,45,22,300.0,473.0,141900.0,2024-10-23
2024102304009685,NGPL,45,82,520.0,473.0,245960.0,2024-10-23
2024102301022579,MAKAR,4,25,30.0,500.0,15000.0,2024-10-23
2024102303017972,JFL,6,47,102.0,655.0,66810.0,2024-10-23
2024102303017971,EDBL,43,40,10.0,645.0,6450.0,2024-10-23
2024102303017970,MFIL,58,39,30.0,768.0,23040.0,2024-10-23
2024102304009684,UPPER,45,37,20.0,214.2,4284.0,2024-10-23
2024102303017969,SAPDBL,11,45,185.0,569.6,105376.0,2024-10-23
2024102303017968,SAPDBL,11,45,295.0,569.5,168002.5,2024-10-23
2024102303017967,SAPDBL,11,42,20.0,569.0,11380.0,2024-10-23
2024102303017966,MFIL,58,29,324.0,768.0,248832.0,2024-10-23
2024102301022578,MANDU,58,1,30.0,885.0,26550.0,2024-10-23
2024102301022577,SGHC,3,41,340.0,393.6,133824.0,2024-10-23
2024102301022576,SGHC,3,16,50.0,393.0,19650.0,2024-10-23
2024102301022575,SGHC,3,49,10.0,391.8,3918.0,2024-10-23
2024102301022574,SGHC,3,21,10.0,390.0,3900.0,2024-10-23
2024102301022573,SGHC,3,19,10.0,390.0,3900.0,2024-10-23
2024102301022572,SGHC,3,6,10.0,389.0,3890.0,2024-10-23
2024102301022571,SGHC,3,58,20.0,389.0,7780.0,2024-10-23
2024102304009683,HDHPC,38,17,15.0,209.0,3135.0,2024-10-23
2024102301022570,EHPL,38,68,30.0,840.0,25200.0,2024-10-23
2024102301022569,MEHL,61,45,410.0,385.0,157850.0,2024-10-23
2024102301022568,MEHL,61,34,90.0,384.0,34560.0,2024-10-23
2024102303017965,GFCL,49,43,100.0,1058.9,105890.0,2024-10-23
2024102301022567,NABIL,49,44,114.0,594.0,67716.0,2024-10-23
2024102301022566,GBIME,26,72,760.0,256.1,194636.0,2024-10-23
2024102303017964,ICFC,17,14,5.0,823.9,4119.5,2024-10-23
2024102303017963,ICFC,17,52,80.0,823.9,65912.0,2024-10-23
2024102301022565,SIGS3,10,42,10825.0,9.45,102296.25,2024-10-23
2024102304009682,API,81,45,444.0,289.5,128538.0,2024-10-23
2024102304009681,API,55,1,1000.0,289.6,289600.0,2024-10-23
2024102303017962,GFCL,77,43,30.0,1058.9,31767.0,2024-10-23
2024102305014207,HATHY,21,39,25.0,1330.0,33250.0,2024-10-23
2024102305014206,HATHY,45,39,16.0,1330.0,21280.0,2024-10-23
2024102304009680,UMHL,36,5,590.0,308.0,181720.0,2024-10-23
2024102301022564,NICA,11,1,10.0,452.0,4520.0,2024-10-23
2024102301022563,NICA,11,34,190.0,452.0,85880.0,2024-10-23
2024102303017961,SLBBL,36,51,20.0,958.9,19178.0,2024-10-23
2024102305014205,SHIVM,38,34,40.0,599.0,23960.0,2024-10-23
2024102303017960,GLBSL,45,38,10.0,1600.4,16004.0,2024-10-23
2024102303017959,GLBSL,58,38,15.0,1605.5,24082.5,2024-10-23
2024102304009679,HDHPC,32,17,1000.0,209.0,209000.0,2024-10-23
2024102301022562,MSHL,57,57,10.0,938.0,9380.0,2024-10-23
2024102301022561,ULHC,32,72,10.0,390.0,3900.0,2024-10-23
2024102305014204,SAHAS,85,57,10.0,503.1,5031.0,2024-10-23
2024102301022560,KBL,49,42,213.0,233.0,49629.0,2024-10-23
2024102304009678,SHL,4,70,50.0,510.0,25500.0,2024-10-23
2024102304009677,SHL,11,70,100.0,510.0,51000.0,2024-10-23
2024102304009676,SALICO,4,36,100.0,747.0,74700.0,2024-10-23
2024102305014203,MBJC,45,4,10.0,322.0,3220.0,2024-10-23
2024102301022559,BHDC,14,16,100.0,583.0,58300.0,2024-10-23
2024102301022558,NIMB,19,16,200.0,241.9,48380.0,2024-10-23
2024102303017958,NFS,74,16,100.0,1340.0,134000.0,2024-10-23
2024102301022557,HHL,22,36,100.0,439.0,43900.0,2024-10-23
2024102301022556,MLBS,51,29,10.0,1548.0,15480.0,2024-10-23
2024102304009675,HPPL,7,42,10.0,316.3,3163.0,2024-10-23
2024102305014202,PHCL,65,35,520.0,465.0,241800.0,2024-10-23
2024102305014201,RNLI,45,41,10.0,495.5,4955.0,2024-10-23
2024102304009674,RADHI,96,92,50.0,397.9,19895.0,2024-10-23
2024102304009673,RADHI,96,6,250.0,396.0,99000.0,2024-10-23
2024102304009672,NLG,55,57,200.0,1317.0,263400.0,2024-10-23
2024102305014200,SAHAS,66,1,100.0,504.0,50400.0,2024-10-23
2024102305014199,MBJC,14,57,60.0,321.0,19260.0,2024-10-23
2024102305014198,MBJC,45,57,60.0,321.0,19260.0,2024-10-23
2024102305014197,MBJC,11,57,10.0,321.0,3210.0,2024-10-23
2024102305014196,MBJC,34,57,70.0,321.0,22470.0,2024-10-23
2024102301022555,ULBSL,49,37,10.0,3198.9,31989.0,2024-10-23
2024102301022554,NABIL,49,7,200.0,594.0,118800.0,2024-10-23
2024102301022553,NABIL,49,32,84.0,594.0,49896.0,2024-10-23
2024102305014195,PHCL,45,49,290.0,466.0,135140.0,2024-10-23
2024102305014194,HRL,45,38,30.0,861.9,25857.0,2024-10-23
2024102304009671,NGPL,45,82,100.0,473.0,47300.0,2024-10-23
2024102304009670,API,18,70,489.0,290.0,141810.0,2024-10-23
2024102304009669,API,18,47,130.0,290.0,37700.0,2024-10-23
2024102304009668,API,18,42,1381.0,289.9,400351.9,2024-10-23
2024102304009667,SHEL,40,3,200.0,242.9,48580.0,2024-10-23
2024102304009666,SHEL,40,58,740.0,242.9,179746.0,2024-10-23
2024102304009665,CGH,14,58,7.0,909.0,6363.0,2024-10-23
2024102304009664,CGH,14,58,23.0,909.0,20907.0,2024-10-23
2024102305014193,PHCL,45,42,10.0,466.0,4660.0,2024-10-23
2024102305014192,NSIF2,42,55,1200.0,10.52,12624.0,2024-10-23
2024102303017957,SFCL,41,42,700.0,704.1,492870.0,2024-10-23
2024102305014191,MEL,36,42,10.0,292.0,2920.0,2024-10-23
2024102305014190,MEL,36,42,40.0,291.0,11640.0,2024-10-23
2024102301022552,MKJC,29,56,10.0,467.9,4679.0,2024-10-23
2024102305014189,NIFRA,60,48,10.0,281.0,2810.0,2024-10-23
2024102301022551,HBL,35,43,100.0,260.0,26000.0,2024-10-23
2024102301022550,HBL,35,45,50.0,260.0,13000.0,2024-10-23
2024102301022549,HBL,35,42,30.0,260.0,7800.0,2024-10-23
2024102304009663,AKPL,57,55,20.0,248.0,4960.0,2024-10-23
2024102304009662,NLG,55,38,17.0,1317.0,22389.0,2024-10-23
2024102301022548,ULBSL,38,45,10.0,3178.9,31789.0,2024-10-23
2024102301022547,SBI,58,28,80.0,480.0,38400.0,2024-10-23
2024102301022546,SBI,32,28,200.0,480.0,96000.0,2024-10-23
2024102301022545,SBI,26,28,20.0,480.1,9602.0,2024-10-23
2024102301022544,NABIL,57,32,20.0,594.0,11880.0,2024-10-23
2024102303017956,MFIL,58,57,500.0,768.0,384000.0,2024-10-23
2024102305014188,SAHAS,85,7,100.0,503.0,50300.0,2024-10-23
2024102305014187,SAHAS,85,35,393.0,503.0,197679.0,2024-10-23
2024102301022543,SANIMA,57,42,181.0,327.0,59187.0,2024-10-23
2024102301022542,SRLI,13,56,10.0,448.0,4480.0,2024-10-23
2024102301022541,SRLI,13,28,10.0,448.0,4480.0,2024-10-23
2024102303017955,SFCL,4,57,142.0,704.2,99996.4,2024-10-23
2024102304009661,TRH,45,65,10.0,1118.0,11180.0,2024-10-23
2024102301022540,MHL,45,25,10.0,725.0,7250.0,2024-10-23
2024102301022539,TSHL,41,40,150.0,901.2,135180.0,2024-10-23
2024102303017954,HLI,34,36,40.0,472.0,18880.0,2024-10-23
2024102303017953,HLI,7,36,20.0,472.0,9440.0,2024-10-23
2024102303017952,HLI,22,36,100.0,472.0,47200.0,2024-10-23
2024102303017951,HLI,19,36,10.0,472.0,4720.0,2024-10-23
2024102303017950,HLI,45,36,500.0,472.0,236000.0,2024-10-23
2024102303017949,HLI,21,36,10.0,472.0,4720.0,2024-10-23
2024102303017948,HLI,57,36,83.0,472.0,39176.0,2024-10-23
2024102303017947,JFL,7,57,70.0,660.0,46200.0,2024-10-23
2024102303017946,JFL,7,29,130.0,657.0,85410.0,2024-10-23
2024102303017945,ICFC,17,34,15.0,823.9,12358.5,2024-10-23
2024102303017944,ICFC,56,34,285.0,823.9,234811.5,2024-10-23
2024102305014186,CHDC,28,4,10.0,1684.0,16840.0,2024-10-23
2024102305014185,CHDC,28,4,41.0,1684.0,69044.0,2024-10-23
2024102305014184,CHDC,28,77,11.0,1680.0,18480.0,2024-10-23
2024102305014183,CHDC,28,83,308.0,1680.0,517440.0,2024-10-23
2024102301022538,SNLI,59,96,10.0,585.1,5851.0,2024-10-23
2024102303017943,CFCL,58,35,10.0,647.0,6470.0,2024-10-23
2024102303017942,SIFC,54,32,300.0,624.0,187200.0,2024-10-23
2024102303017941,SIFC,54,41,500.0,624.0,312000.0,2024-10-23
2024102303017940,SIFC,54,59,82.0,624.0,51168.0,2024-10-23
2024102304009660,SPDL,44,34,20.0,309.9,6198.0,2024-10-23
2024102304009659,SPDL,44,34,10.0,309.2,3092.0,2024-10-23
2024102304009658,SPDL,44,33,60.0,309.2,18552.0,2024-10-23
2024102304009657,SPDL,44,57,605.0,309.0,186945.0,2024-10-23
2024102303017939,RSDC,10,56,10.0,735.0,7350.0,2024-10-23
2024102305014182,HATHY,45,13,39.0,1330.0,51870.0,2024-10-23
2024102305014181,HDL,14,62,250.0,1423.1,355775.0,2024-10-23
2024102303017938,HLBSL,32,37,37.0,990.5,36648.5,2024-10-23
2024102303017937,HLBSL,38,37,20.0,991.0,19820.0,2024-10-23
2024102303017936,HLBSL,60,37,12.0,995.9,11950.8,2024-10-23
2024102303017935,HLBSL,60,37,15.0,999.9,14998.5,2024-10-23
2024102303017934,HLBSL,77,37,100.0,1000.6,100060.0,2024-10-23
2024102303017933,HLBSL,60,37,11.0,1000.9,11009.9,2024-10-23
2024102303017932,HLBSL,60,37,12.0,1001.1,12013.2,2024-10-23
2024102303017931,HLBSL,77,37,20.0,1002.9,20058.0,2024-10-23
2024102305014180,NRN,101,33,210.0,905.0,190050.0,2024-10-23
2024102305014179,NRN,101,22,10.0,904.0,9040.0,2024-10-23
2024102305014178,NRN,101,54,10.0,904.0,9040.0,2024-10-23
2024102301022537,ADBL,7,62,100.0,367.0,36700.0,2024-10-23
2024102301022536,HIDCLP,59,22,90.0,183.2,16488.0,2024-10-23
2024102301022535,HIDCLP,59,43,134.0,183.2,24548.8,2024-10-23
2024102301022534,HIDCLP,34,43,10.0,183.2,1832.0,2024-10-23
2024102303017930,CBBL,48,19,200.0,980.0,196000.0,2024-10-23
2024102303017929,CBBL,48,49,60.0,980.0,58800.0,2024-10-23
2024102303017928,CBBL,48,16,75.0,980.0,73500.0,2024-10-23
2024102303017927,CBBL,48,22,47.0,978.0,45966.0,2024-10-23
2024102303017926,CBBL,48,13,10.0,978.0,9780.0,2024-10-23
2024102303017925,CBBL,48,14,155.0,977.0,151435.0,2024-10-23
2024102305014177,NIFRA,6,48,102.0,280.5,28611.0,2024-10-23
2024102305014176,NIFRA,82,48,100.0,280.6,28060.0,2024-10-23
2024102305014175,NIFRA,33,48,1212.0,280.6,340087.2,2024-10-23
2024102305014174,NIFRA,44,48,1500.0,280.7,421050.0,2024-10-23
2024102305014173,NIFRA,19,48,2000.0,280.7,561400.0,2024-10-23
2024102305014172,NIFRA,41,48,86.0,280.7,24140.2,2024-10-23
2024102303017924,SFCL,41,51,100.0,704.1,70410.0,2024-10-23
2024102305014171,SAHAS,47,35,107.0,503.0,53821.0,2024-10-23
2024102303017923,RLFL,45,56,44.0,625.0,27500.0,2024-10-23
2024102301022533,DLBS,32,47,10.0,1374.0,13740.0,2024-10-23
2024102301022532,DLBS,32,58,10.0,1372.0,13720.0,2024-10-23
2024102303017922,ALBSL,14,52,38.0,1040.0,39520.0,2024-10-23
2024102305014170,HDL,14,49,35.0,1423.1,49808.5,2024-10-23
2024102303017921,NFS,74,72,534.0,1340.0,715560.0,2024-10-23
2024102303017920,NFS,53,72,100.0,1340.0,134000.0,2024-10-23
2024102303017919,NFS,36,72,16.0,1340.0,21440.0,2024-10-23
2024102303017918,NFS,45,72,25.0,1340.0,33500.0,2024-10-23
2024102303017917,NFS,32,72,100.0,1340.0,134000.0,2024-10-23
2024102303017916,NFS,36,72,100.0,1340.0,134000.0,2024-10-23
2024102303017915,NFS,8,72,50.0,1340.0,67000.0,2024-10-23
2024102303017914,NFS,39,72,195.0,1340.0,261300.0,2024-10-23
2024102303017913,NFS,13,72,50.0,1340.1,67005.0,2024-10-23
2024102303017912,NFS,49,72,100.0,1341.0,134100.0,2024-10-23
2024102303017911,SFCL,21,57,95.0,704.2,66899.0,2024-10-23
2024102304009656,GLH,53,58,35.0,244.0,8540.0,2024-10-23
2024102304009655,GLH,34,58,105.0,244.0,25620.0,2024-10-23
2024102304009654,JOSHI,52,14,10.0,305.0,3050.0,2024-10-23
2024102305014169,PHCL,45,51,200.0,466.0,93200.0,2024-10-23
2024102305014168,ILI,60,58,150.0,483.5,72525.0,2024-10-23
2024102305014167,HRL,90,42,20.0,861.0,17220.0,2024-10-23
2024102303017910,RSDC,34,56,10.0,735.0,7350.0,2024-10-23
2024102303017909,HLBSL,77,18,67.0,1010.0,67670.0,2024-10-23
2024102303017908,HLBSL,77,25,30.0,1010.0,30300.0,2024-10-23
2024102303017907,HLBSL,77,41,20.0,1009.0,20180.0,2024-10-23
2024102303017906,HLBSL,77,45,40.0,1009.0,40360.0,2024-10-23
2024102303017905,HLBSL,77,7,35.0,1007.9,35276.5,2024-10-23
2024102303017904,HLBSL,77,26,100.0,1007.8,100780.0,2024-10-23
2024102303017903,HLBSL,77,25,28.0,1007.0,28196.0,2024-10-23
2024102303017902,HLBSL,77,58,90.0,1007.0,90630.0,2024-10-23
2024102303017901,HLBSL,77,45,90.0,1006.0,90540.0,2024-10-23
2024102303017900,BFC,57,46,10.0,624.0,6240.0,2024-10-23
2024102301022531,BHL,28,49,10.0,440.0,4400.0,2024-10-23
2024102304009653,SSHL,57,5,300.0,215.0,64500.0,2024-10-23
2024102303017899,MLBL,21,17,10.0,398.0,3980.0,2024-10-23
2024102301022530,HIDCLP,65,4,2500.0,183.1,457750.0,2024-10-23
2024102304009652,GHL,32,18,300.0,217.0,65100.0,2024-10-23
2024102304009651,GHL,51,18,150.0,217.1,32565.0,2024-10-23
2024102304009650,BARUN,50,39,100.0,377.4,37740.0,2024-10-23
2024102301022529,LSL,19,45,833.0,253.5,211165.5,2024-10-23
2024102304009649,UMHL,33,58,12.0,307.0,3684.0,2024-10-23
2024102304009648,UMHL,53,58,100.0,307.0,30700.0,2024-10-23
2024102301022528,KBL,48,39,106.0,233.0,24698.0,2024-10-23
2024102301022527,KBL,48,57,204.0,233.0,47532.0,2024-10-23
2024102301022526,GVL,3,32,10.0,538.5,5385.0,2024-10-23
2024102303017898,MFIL,58,35,100.0,768.0,76800.0,2024-10-23
2024102301022525,ADBL,35,62,100.0,367.0,36700.0,2024-10-23
2024102305014166,PHCL,65,41,1000.0,465.0,465000.0,2024-10-23
2024102305014165,PHCL,65,41,10.0,465.0,4650.0,2024-10-23
2024102304009647,AKPL,25,42,500.0,248.5,124250.0,2024-10-23
2024102303017897,LLBS,57,48,14.0,1050.0,14700.0,2024-10-23
2024102303017896,LLBS,57,62,100.0,1050.0,105000.0,2024-10-23
2024102303017895,LLBS,57,25,100.0,1043.7,104370.0,2024-10-23
2024102303017894,LLBS,57,19,126.0,1043.7,131506.2,2024-10-23
2024102303017893,LLBS,57,44,20.0,1040.0,20800.0,2024-10-23
2024102303017892,LLBS,57,52,40.0,1039.0,41560.0,2024-10-23
2024102301022524,HIDCLP,65,14,500.0,183.1,91550.0,2024-10-23
2024102303017891,RLFL,86,74,10.0,625.1,6251.0,2024-10-23
2024102303017890,NMFBS,81,45,23.0,1435.0,33005.0,2024-10-23
2024102303017889,NMFBS,81,25,21.0,1430.0,30030.0,2024-10-23
2024102303017888,NMFBS,81,38,40.0,1426.0,57040.0,2024-10-23
2024102303017887,NMFBS,81,29,50.0,1426.0,71300.0,2024-10-23
2024102303017886,NMFBS,81,64,17.0,1411.0,23987.0,2024-10-23
2024102305014164,NIFRA,41,49,64.0,280.7,17964.8,2024-10-23
2024102301022523,NICA,21,34,10.0,452.0,4520.0,2024-10-23
2024102301022522,NICA,21,54,100.0,452.0,45200.0,2024-10-23
2024102301022521,NICA,21,52,193.0,452.0,87236.0,2024-10-23
2024102301022520,NICA,21,45,40.0,452.0,18080.0,2024-10-23
2024102301022519,NICA,21,38,57.0,452.0,25764.0,2024-10-23
2024102303017885,BFC,4,46,20.0,624.0,12480.0,2024-10-23
2024102305014163,SHIVM,45,34,100.0,599.0,59900.0,2024-10-23
2024102303017884,PFL,45,42,500.0,652.0,326000.0,2024-10-23
2024102304009646,API,81,1,100.0,289.5,28950.0,2024-10-23
2024102305014162,HIDCL,43,35,100.0,271.0,27100.0,2024-10-23
2024102305014161,NIFRA,41,42,20.0,280.7,5614.0,2024-10-23
2024102305014160,NTC,35,42,270.0,980.1,264627.0,2024-10-23
2024102305014159,NTC,35,42,20.0,980.1,19602.0,2024-10-23
2024102305014158,NTC,62,42,10.0,980.2,9802.0,2024-10-23
2024102305014157,SBCF,26,29,700.0,9.0,6300.0,2024-10-23
2024102303017883,MFIL,58,58,75.0,768.0,57600.0,2024-10-23
2024102303017882,ICFC,56,6,500.0,823.9,411950.0,2024-10-23
2024102301022518,GBIME,26,6,51.0,256.1,13061.1,2024-10-23
2024102301022517,SMHL,17,55,32.0,613.1,19619.2,2024-10-23
2024102305014156,SAHAS,47,25,10.0,503.0,5030.0,2024-10-23
2024102304009645,SHEL,67,58,50.0,242.9,12145.0,2024-10-23
2024102301022516,ADBL,57,8,48.0,366.0,17568.0,2024-10-23
2024102301022515,ADBL,38,8,50.0,366.0,18300.0,2024-10-23
2024102301022514,ADBL,19,8,102.0,366.0,37332.0,2024-10-23
2024102301022513,PCBL,56,81,31.0,290.9,9017.9,2024-10-23
2024102301022512,PCBL,19,81,100.0,291.0,29100.0,2024-10-23
2024102301022511,PCBL,13,81,200.0,291.0,58200.0,2024-10-23
2024102301022510,PCBL,25,81,34.0,291.0,9894.0,2024-10-23
2024102301022509,EHPL,52,68,20.0,840.0,16800.0,2024-10-23
2024102305014155,CHDC,21,47,200.0,1678.0,335600.0,2024-10-23
2024102305014154,CHDC,66,47,10.0,1678.0,16780.0,2024-10-23
2024102305014153,CHDC,66,47,20.0,1678.0,33560.0,2024-10-23
2024102305014152,CHDC,29,47,30.0,1678.0,50340.0,2024-10-23
2024102305014151,HATHY,42,13,61.0,1330.0,81130.0,2024-10-23
2024102305014150,HATHY,42,22,20.0,1330.0,26600.0,2024-10-23
2024102305014149,HATHY,42,39,18.0,1330.0,23940.0,2024-10-23
2024102303017881,BFC,42,46,20.0,624.0,12480.0,2024-10-23
2024102304009644,UPPER,17,48,50.0,215.7,10785.0,2024-10-23
2024102303017880,MFIL,58,34,98.0,768.0,75264.0,2024-10-23
2024102301022508,UHEWA,57,36,40.0,476.0,19040.0,2024-10-23
2024102303017879,SJLIC,38,77,10.0,476.0,4760.0,2024-10-23
2024102301022507,SPC,28,41,10.0,520.0,5200.0,2024-10-23
2024102301022506,NABIL,43,99,44.0,593.6,26118.4,2024-10-23
2024102301022505,NABIL,13,99,133.0,593.6,78948.8,2024-10-23
2024102301022504,NICA,25,38,59.0,451.0,26609.0,2024-10-23
2024102304009643,AKPL,57,50,920.0,248.0,228160.0,2024-10-23
2024102304009642,AKPL,34,50,50.0,248.0,12400.0,2024-10-23
2024102304009641,AKPL,22,50,30.0,248.0,7440.0,2024-10-23
2024102304009640,NHPC,53,14,150.0,220.1,33015.0,2024-10-23
2024102303017878,SHINE,26,44,49.0,472.0,23128.0,2024-10-23
2024102303017877,SHINE,71,44,52.0,472.1,24549.2,2024-10-23
2024102303017876,SHINE,29,44,99.0,472.2,46747.8,2024-10-23
2024102303017875,SHINE,57,44,200.0,472.2,94440.0,2024-10-23
2024102301022503,GBIME,26,91,108.0,256.1,27658.8,2024-10-23
2024102301022502,SBI,45,85,500.0,484.0,242000.0,2024-10-23
2024102304009639,RBCL,38,47,10.0,17071.0,170710.0,2024-10-23
2024102304009638,BARUN,19,7,100.0,379.0,37900.0,2024-10-23
2024102301022501,NWCL,16,45,136.0,975.0,132600.0,2024-10-23
2024102303017874,GBBL,88,22,92.0,447.0,41124.0,2024-10-23
2024102303017873,GBBL,45,22,10.0,447.0,4470.0,2024-10-23
2024102303017872,GBBL,57,22,100.0,447.0,44700.0,2024-10-23
2024102303017871,GBBL,34,22,48.0,447.0,21456.0,2024-10-23
2024102303017870,GBBL,16,22,200.0,447.1,89420.0,2024-10-23
2024102303017869,GBBL,32,22,50.0,447.2,22360.0,2024-10-23
2024102301022500,KBL,59,69,200.0,232.9,46580.0,2024-10-23
2024102304009637,HPPL,48,42,10.0,316.3,3163.0,2024-10-23
2024102304009636,HDHPC,25,17,40.0,209.0,8360.0,2024-10-23
2024102303017868,SFCL,38,57,37.0,704.2,26055.4,2024-10-23
2024102303017867,HLBSL,77,32,10.0,1002.9,10029.0,2024-10-23
2024102304009635,NGPL,54,82,500.0,473.0,236500.0,2024-10-23
2024102301022499,ULBSL,49,14,10.0,3179.0,31790.0,2024-10-23
2024102301022498,NABIL,26,32,10.0,594.0,5940.0,2024-10-23
2024102304009634,API,74,42,713.0,289.9,206698.7,2024-10-23
2024102304009633,API,74,44,287.0,289.9,83201.3,2024-10-23
2024102303017866,SFCL,41,36,680.0,704.1,478788.0,2024-10-23
2024102304009632,CHL,37,46,355.0,346.6,123043.0,2024-10-23
2024102304009631,API,81,22,50.0,289.5,14475.0,2024-10-23
2024102303017865,SWBBL,56,91,10.0,1069.0,10690.0,2024-10-23
2024102301022497,ULHC,32,60,260.0,384.5,99970.0,2024-10-23
2024102301022496,MAKAR,4,25,10.0,500.0,5000.0,2024-10-23
2024102304009630,HDHPC,58,17,100.0,209.0,20900.0,2024-10-23
2024102303017864,SFCL,41,42,154.0,704.1,108431.4,2024-10-23
2024102301022495,MKJC,34,56,10.0,467.9,4679.0,2024-10-23
2024102301022494,MKJC,34,11,90.0,467.0,42030.0,2024-10-23
2024102303017863,SFCL,26,57,19.0,704.2,13379.8,2024-10-23
2024102301022493,TAMOR,49,56,40.0,482.9,19316.0,2024-10-23
2024102304009629,SSHL,26,21,10.0,215.4,2154.0,2024-10-23
2024102301022492,PRVU,13,25,500.0,248.0,124000.0,2024-10-23
2024102301022491,PRVU,13,21,300.0,248.0,74400.0,2024-10-23
2024102301022490,PRVU,13,74,205.0,248.0,50840.0,2024-10-23
2024102303017862,VLBS,13,51,93.0,902.5,83932.5,2024-10-23
2024102304009628,AKPL,22,40,470.0,248.0,116560.0,2024-10-23
2024102304009627,AKPL,48,40,300.0,248.0,74400.0,2024-10-23
2024102304009626,AKPL,7,40,200.0,248.0,49600.0,2024-10-23
2024102304009625,AKPL,49,40,30.0,248.4,7452.0,2024-10-23
2024102303017861,SWBBL,58,19,10.0,1065.0,10650.0,2024-10-23
2024102301022489,MANDU,58,1,16.0,885.0,14160.0,2024-10-23
2024102303017860,MPFL,60,85,10.0,751.0,7510.0,2024-10-23
2024102304009624,UPPER,48,48,44.0,215.7,9490.8,2024-10-23
2024102304009623,UPPER,48,45,56.0,215.0,12040.0,2024-10-23
2024102305014148,CHDC,98,83,50.0,1680.0,84000.0,2024-10-23
2024102305014147,HDL,34,55,35.0,1421.0,49735.0,2024-10-23
2024102305014146,HDL,45,55,10.0,1421.0,14210.0,2024-10-23
2024102305014145,HDL,29,55,105.0,1422.0,149310.0,2024-10-23
2024102305014144,HDL,42,55,10.0,1422.0,14220.0,2024-10-23
2024102305014143,HDL,40,55,90.0,1424.0,128160.0,2024-10-23
2024102305014142,NIFRA,41,41,820.0,280.7,230174.0,2024-10-23
2024102303017859,CBBL,51,14,10.0,977.0,9770.0,2024-10-23
2024102303017858,CBBL,62,14,10.0,977.0,9770.0,2024-10-23
2024102303017857,CBBL,52,14,10.0,977.0,9770.0,2024-10-23
2024102303017856,CBBL,42,14,15.0,977.0,14655.0,2024-10-23
2024102303017855,PFL,82,57,100.0,650.1,65010.0,2024-10-23
2024102304009622,SPDL,44,57,395.0,309.0,122055.0,2024-10-23
2024102304009621,SPDL,44,1,26.0,308.0,8008.0,2024-10-23
2024102304009620,SPDL,44,33,348.0,308.0,107184.0,2024-10-23
2024102304009619,SPDL,44,34,231.0,307.7,71078.7,2024-10-23
2024102301022488,DORDI,45,52,65.0,429.0,27885.0,2024-10-23
2024102301022487,DORDI,32,52,500.0,429.0,214500.0,2024-10-23
2024102303017854,GMFIL,45,29,10.0,623.0,6230.0,2024-10-23
2024102304009618,UPPER,72,45,40.0,215.0,8600.0,2024-10-23
2024102303017853,SFCL,45,58,100.0,704.4,70440.0,2024-10-23
2024102301022486,USHEC,66,37,805.0,523.0,421015.0,2024-10-23
2024102301022485,USHEC,63,37,30.0,523.1,15693.0,2024-10-23
2024102305014141,SONA,42,58,10.0,475.6,4756.0,2024-10-23
2024102303017852,MFIL,58,3,350.0,768.0,268800.0,2024-10-23
2024102301022484,SHLB,34,32,10.0,1886.9,18869.0,2024-10-23
2024102301022483,SHLB,43,34,100.0,1865.0,186500.0,2024-10-23
2024102304009617,TRH,42,38,70.0,1101.2,77084.0,2024-10-23
2024102303017851,MFIL,58,34,100.0,768.0,76800.0,2024-10-23
2024102303017850,MFIL,58,58,78.0,768.0,59904.0,2024-10-23
2024102303017849,MFIL,58,49,10.0,767.9,7679.0,2024-10-23
2024102303017848,MFIL,58,38,10.0,767.9,7679.0,2024-10-23
2024102303017847,MFIL,58,35,50.0,767.0,38350.0,2024-10-23
2024102303017846,MFIL,58,33,100.0,767.0,76700.0,2024-10-23
2024102303017845,MFIL,58,51,193.0,767.0,148031.0,2024-10-23
2024102303017844,MFIL,58,6,50.0,767.0,38350.0,2024-10-23
2024102303017843,MFIL,58,34,200.0,767.0,153400.0,2024-10-23
2024102303017842,MFIL,58,45,40.0,766.0,30640.0,2024-10-23
2024102303017841,MFIL,58,25,56.0,766.0,42896.0,2024-10-23
2024102303017840,MFIL,58,44,50.0,765.0,38250.0,2024-10-23
2024102303017839,MFIL,58,57,150.0,765.0,114750.0,2024-10-23
2024102304009616,AKPL,54,42,374.0,248.5,92939.0,2024-10-23
2024102301022482,RHGCL,5,45,10.0,388.0,3880.0,2024-10-23
2024102301022481,PRVU,14,74,100.0,248.0,24800.0,2024-10-23
2024102303017838,SIFC,57,59,168.0,624.0,104832.0,2024-10-23
2024102303017837,HLI,57,44,22.0,472.0,10384.0,2024-10-23
2024102303017836,HLI,40,44,149.0,472.0,70328.0,2024-10-23
2024102303017835,HLI,59,44,229.0,472.1,108110.9,2024-10-23
2024102303017834,SFCL,26,58,41.0,704.2,28872.2,2024-10-23
2024102303017833,MPFL,49,85,15.0,751.0,11265.0,2024-10-23
2024102301022480,SMHL,45,57,10.0,624.0,6240.0,2024-10-23
2024102301022479,SMHL,45,41,10.0,620.0,6200.0,2024-10-23
2024102303017832,MPFL,52,45,100.0,748.1,74810.0,2024-10-23
2024102305014140,CLI,58,39,50.0,632.0,31600.0,2024-10-23
2024102301022478,NICA,19,38,110.0,452.0,49720.0,2024-10-23
2024102304009615,PPCL,88,49,188.0,260.0,48880.0,2024-10-23
2024102304009614,PPCL,88,57,12.0,260.0,3120.0,2024-10-23
2024102304009613,AKPL,36,42,300.0,248.5,74550.0,2024-10-23
2024102303017831,JFL,7,29,70.0,657.0,45990.0,2024-10-23
2024102303017830,JFL,7,56,50.0,655.0,32750.0,2024-10-23
2024102303017829,JFL,7,94,95.0,655.0,62225.0,2024-10-23
2024102303017828,JFL,7,41,100.0,655.0,65500.0,2024-10-23
2024102303017827,JFL,7,40,75.0,655.0,49125.0,2024-10-23
2024102304009612,SHPC,5,33,34.0,525.0,17850.0,2024-10-23
2024102304009611,SHPC,16,33,1000.0,525.0,525000.0,2024-10-23
2024102304009610,SHPC,34,33,3406.0,525.0,1788150.0,2024-10-23
2024102304009609,SHPC,47,33,100.0,525.0,52500.0,2024-10-23
2024102304009608,SHPC,48,33,50.0,525.0,26250.0,2024-10-23
2024102304009607,SHPC,45,33,10.0,525.0,5250.0,2024-10-23
2024102304009606,SHPC,49,33,200.0,525.0,105000.0,2024-10-23
2024102304009605,SHPC,56,33,200.0,525.0,105000.0,2024-10-23
2024102304009604,SHPC,45,33,1000.0,525.0,525000.0,2024-10-23
2024102304009603,SHPC,11,33,100.0,525.0,52500.0,2024-10-23
2024102304009602,SHPC,39,33,1900.0,525.0,997500.0,2024-10-23
2024102304009601,SHEL,45,3,50.0,242.0,12100.0,2024-10-23
2024102304009600,SHEL,26,3,450.0,242.0,108900.0,2024-10-23
2024102303017826,HLI,59,35,100.0,472.1,47210.0,2024-10-23
2024102303017825,RLFL,45,34,106.0,625.0,66250.0,2024-10-23
2024102304009599,RADHI,96,6,248.0,395.0,97960.0,2024-10-23
2024102304009598,RADHI,96,51,200.0,395.0,79000.0,2024-10-23
2024102304009597,RADHI,96,11,500.0,395.0,197500.0,2024-10-23
2024102304009596,RADHI,96,46,300.0,394.0,118200.0,2024-10-23
2024102304009595,RADHI,96,47,280.0,393.8,110264.0,2024-10-23
2024102304009594,RADHI,96,38,62.0,393.0,24366.0,2024-10-23
2024102304009593,RADHI,96,57,310.0,392.8,121768.0,2024-10-23
2024102301022477,PPL,38,42,50.0,462.0,23100.0,2024-10-23
2024102301022476,CZBIL,32,35,200.0,242.0,48400.0,2024-10-23
2024102303017824,PROFL,3,38,700.0,659.0,461300.0,2024-10-23
2024102303017823,JBBL,28,14,73.0,351.0,25623.0,2024-10-23
2024102303017822,JBBL,33,14,500.0,351.0,175500.0,2024-10-23
2024102303017821,JBBL,40,14,38.0,351.1,13341.8,2024-10-23
2024102303017820,JBBL,17,14,100.0,351.2,35120.0,2024-10-23
2024102303017819,JBBL,41,14,289.0,352.0,101728.0,2024-10-23
2024102301022475,SRLI,6,57,167.0,444.0,74148.0,2024-10-23
2024102301022474,SRLI,33,57,50.0,444.0,22200.0,2024-10-23
2024102301022473,SRLI,42,57,283.0,444.0,125652.0,2024-10-23
2024102304009592,SSHL,57,26,100.0,215.0,21500.0,2024-10-23
2024102304009591,SPDL,70,34,25.0,307.7,7692.5,2024-10-23
2024102303017818,CFCL,91,35,20.0,647.0,12940.0,2024-10-23
2024102304009590,PRIN,49,34,10.0,968.0,9680.0,2024-10-23
2024102303017817,PFL,58,42,10.0,652.0,6520.0,2024-10-23
2024102301022472,RFPL,6,58,10.0,532.0,5320.0,2024-10-23
2024102305014139,HDL,40,48,10.0,1424.0,14240.0,2024-10-23
2024102305014138,HDL,40,58,10.0,1424.0,14240.0,2024-10-23
2024102305014137,HDL,40,7,15.0,1424.0,21360.0,2024-10-23
2024102305014136,HDL,40,58,15.0,1424.0,21360.0,2024-10-23
2024102305014135,HDL,40,7,10.0,1424.0,14240.0,2024-10-23
2024102301022471,LSL,48,64,1185.0,253.0,299805.0,2024-10-23
2024102301022470,LSL,74,64,100.0,253.0,25300.0,2024-10-23
2024102301022469,LSL,36,64,500.0,253.1,126550.0,2024-10-23
2024102301022468,LSL,28,64,1075.0,253.2,272190.0,2024-10-23
2024102301022467,LSL,46,64,140.0,253.4,35476.0,2024-10-23
2024102305014134,HDL,42,42,19.0,1423.0,27037.0,2024-10-23
2024102305014133,HDL,3,42,10.0,1423.0,14230.0,2024-10-23
2024102305014132,HDL,40,42,20.0,1423.1,28462.0,2024-10-23
2024102303017816,SJLIC,42,42,10.0,477.0,4770.0,2024-10-23
2024102305014131,SMJC,16,29,61.0,563.5,34373.5,2024-10-23
2024102305014130,SMJC,58,29,19.0,563.5,10706.5,2024-10-23
2024102305014129,SMJC,8,29,200.0,563.6,112720.0,2024-10-23
2024102305014128,SMJC,91,29,200.0,563.6,112720.0,2024-10-23
2024102305014127,SMJC,48,29,20.0,564.1,11282.0,2024-10-23
2024102301022466,CKHL,70,33,74.0,632.0,46768.0,2024-10-23
2024102301022465,CKHL,52,33,40.0,632.0,25280.0,2024-10-23
2024102301022464,CKHL,42,33,36.0,632.1,22755.6,2024-10-23
2024102305014126,NRN,48,51,100.0,902.0,90200.0,2024-10-23
2024102303017815,SLBBL,5,6,60.0,945.0,56700.0,2024-10-23
2024102303017814,SLBBL,42,6,100.0,945.0,94500.0,2024-10-23
2024102303017813,SLBBL,42,6,85.0,945.0,80325.0,2024-10-23
2024102303017812,SLBBL,10,6,35.0,946.0,33110.0,2024-10-23
2024102303017811,SLBBL,34,6,100.0,946.0,94600.0,2024-10-23
2024102303017810,SLBBL,7,6,50.0,946.1,47305.0,2024-10-23
2024102303017809,SLBBL,47,6,50.0,947.0,47350.0,2024-10-23
2024102303017808,SLBBL,38,6,20.0,947.0,18940.0,2024-10-23
2024102303017807,SFCL,41,56,70.0,704.1,49287.0,2024-10-23
2024102303017806,KRBL,38,38,10.0,613.0,6130.0,2024-10-23
2024102305014125,HATHY,44,39,10.0,1330.0,13300.0,2024-10-23
2024102304009589,NGPL,44,49,45.0,472.0,21240.0,2024-10-23
2024102304009588,NGPL,32,49,36.0,472.0,16992.0,2024-10-23
2024102304009587,NGPL,65,49,264.0,472.0,124608.0,2024-10-23
2024102301022463,GBIME,26,49,48.0,256.1,12292.8,2024-10-23
2024102301022462,GBIME,43,49,100.0,256.8,25680.0,2024-10-23
2024102301022461,MKJC,29,49,10.0,466.0,4660.0,2024-10-23
2024102301022460,NIMB,19,58,553.0,241.0,133273.0,2024-10-23
2024102305014124,SONA,35,19,685.0,473.1,324073.5,2024-10-23
2024102305014123,SONA,58,19,200.0,473.1,94620.0,2024-10-23
2024102305014122,SONA,98,19,25.0,473.2,11830.0,2024-10-23
2024102305014121,SONA,58,19,90.0,475.0,42750.0,2024-10-23
2024102303017805,PMLI,45,44,20.0,562.0,11240.0,2024-10-23
2024102304009586,API,81,16,160.0,289.5,46320.0,2024-10-23
2024102304009585,UPCL,1,42,25.0,262.3,6557.5,2024-10-23
2024102303017804,NFS,22,26,10.0,1350.0,13500.0,2024-10-23
2024102301022459,TAMOR,22,39,10.0,481.0,4810.0,2024-10-23
2024102305014120,SHIVM,44,22,386.0,598.3,230943.8,2024-10-23
2024102305014119,SHIVM,38,22,94.0,598.3,56240.2,2024-10-23
2024102305014118,SHIVM,11,22,10.0,598.4,5984.0,2024-10-23
2024102303017803,SFCL,41,7,200.0,704.1,140820.0,2024-10-23
2024102303017802,PROFL,3,75,50.0,658.9,32945.0,2024-10-23
2024102303017801,PROFL,3,17,230.0,658.0,151340.0,2024-10-23
2024102303017800,GFCL,43,56,200.0,1051.0,210200.0,2024-10-23
2024102303017799,LBBL,53,35,207.0,475.0,98325.0,2024-10-23
2024102303017798,LBBL,58,35,43.0,476.0,20468.0,2024-10-23
2024102304009584,NLG,55,55,200.0,1317.0,263400.0,2024-10-23
2024102304009583,HDHPC,34,17,200.0,209.0,41800.0,2024-10-23
2024102301022458,BEDC,32,40,10.0,470.0,4700.0,2024-10-23
2024102301022457,BEDC,32,42,20.0,468.0,9360.0,2024-10-23
2024102304009582,HDHPC,54,17,424.0,209.0,88616.0,2024-10-23
2024102304009581,HDHPC,54,58,126.0,209.0,26334.0,2024-10-23
2024102304009580,HDHPC,54,57,450.0,209.0,94050.0,2024-10-23
2024102304009579,SHPC,39,38,100.0,525.0,52500.0,2024-10-23
2024102304009578,SHPC,59,38,100.0,525.0,52500.0,2024-10-23
2024102304009577,AHPC,50,44,600.0,266.0,159600.0,2024-10-23
2024102304009576,AHPC,34,44,900.0,266.0,239400.0,2024-10-23
2024102304009575,BPCL,49,44,175.0,449.0,78575.0,2024-10-23
2024102303017797,GFCL,43,49,10.0,1051.0,10510.0,2024-10-23
2024102301022456,GBIME,43,32,100.0,256.8,25680.0,2024-10-23
2024102301022455,NBL,16,43,22.0,292.8,6441.6,2024-10-23
2024102301022454,NBL,16,41,100.0,292.7,29270.0,2024-10-23
2024102301022453,NBL,16,42,26.0,292.0,7592.0,2024-10-23
2024102301022452,NBL,16,58,52.0,292.0,15184.0,2024-10-23
2024102301022451,NIMB,26,58,500.0,241.0,120500.0,2024-10-23
2024102301022450,NIMB,51,58,147.0,241.0,35427.0,2024-10-23
2024102303017796,ICFC,56,58,15.0,823.9,12358.5,2024-10-23
2024102301022449,HIDCLP,42,43,50.0,183.2,9160.0,2024-10-23
2024102303017795,RLFL,58,74,20.0,625.1,12502.0,2024-10-23
2024102301022448,SANIMA,58,42,10.0,327.0,3270.0,2024-10-23
2024102305014117,CIT,17,38,38.0,2195.0,83410.0,2024-10-23
2024102305014116,CIT,17,87,16.0,2195.0,35120.0,2024-10-23
2024102305014115,CIT,17,41,17.0,2195.0,37315.0,2024-10-23
2024102305014114,CIT,17,41,10.0,2194.0,21940.0,2024-10-23
2024102305014113,CIT,17,45,19.0,2193.0,41667.0,2024-10-23
2024102303017794,NLIC,14,3,863.0,814.0,702482.0,2024-10-23
2024102303017793,NLIC,14,3,137.0,814.1,111531.7,2024-10-23
2024102305014112,PHCL,65,55,50.0,465.0,23250.0,2024-10-23
2024102301022447,PRVU,34,74,300.0,248.0,74400.0,2024-10-23
2024102303017792,SHINE,66,14,50.0,473.0,23650.0,2024-10-23
2024102304009574,NGPL,65,8,1200.0,472.0,566400.0,2024-10-23
2024102301022446,ULBSL,38,14,10.0,3179.0,31790.0,2024-10-23
2024102301022445,KDL,72,39,10.0,1059.0,10590.0,2024-10-23
2024102301022444,KDL,72,58,10.0,1058.9,10589.0,2024-10-23
2024102301022443,KDL,72,17,10.0,1054.0,10540.0,2024-10-23
2024102301022442,KDL,72,40,50.0,1049.9,52495.0,2024-10-23
2024102303017791,SAPDBL,26,42,10.0,569.0,5690.0,2024-10-23
2024102301022441,CZBIL,44,35,110.0,242.0,26620.0,2024-10-23
2024102301022440,NIMB,51,10,53.0,241.0,12773.0,2024-10-23
2024102305014111,HDL,40,36,55.0,1423.1,78270.5,2024-10-23
2024102301022439,KBL,45,57,200.0,233.0,46600.0,2024-10-23
2024102303017790,GMFIL,6,37,90.0,621.2,55908.0,2024-10-23
2024102303017789,GMFIL,52,37,100.0,621.6,62160.0,2024-10-23
2024102303017788,GMFIL,45,37,10.0,622.0,6220.0,2024-10-23
2024102301022438,ADBL,42,62,660.0,367.0,242220.0,2024-10-23
2024102305014110,HDL,3,42,15.0,1423.0,21345.0,2024-10-23
2024102305014109,SHIVM,38,34,56.0,598.3,33504.8,2024-10-23
2024102305014108,SHIVM,98,34,24.0,598.4,14361.6,2024-10-23
2024102305014107,HRL,56,41,171.0,860.2,147094.2,2024-10-23
2024102305014106,HRL,22,41,200.0,860.3,172060.0,2024-10-23
2024102305014105,HRL,43,41,100.0,860.4,86040.0,2024-10-23
2024102305014104,HRL,57,41,10.0,861.0,8610.0,2024-10-23
2024102305014103,HRL,13,41,19.0,861.0,16359.0,2024-10-23
2024102305014102,PHCL,65,41,100.0,465.0,46500.0,2024-10-23
2024102303017787,GMFIL,50,29,10.0,623.0,6230.0,2024-10-23
2024102305014101,SHIVM,58,34,100.0,599.0,59900.0,2024-10-23
2024102301022437,LSL,46,57,50.0,253.4,12670.0,2024-10-23
2024102305014100,HRL,13,39,11.0,861.0,9471.0,2024-10-23
2024102305014099,HRL,22,39,30.0,861.0,25830.0,2024-10-23
2024102305014098,HRL,48,39,169.0,861.0,145509.0,2024-10-23
2024102305014097,HRL,13,39,90.0,861.1,77499.0,2024-10-23
2024102301022436,IHL,21,62,10.0,499.0,4990.0,2024-10-23
2024102301022435,MSHL,64,45,110.0,930.0,102300.0,2024-10-23
2024102301022434,MSHL,64,57,20.0,928.0,18560.0,2024-10-23
2024102304009573,UPPER,72,37,60.0,215.0,12900.0,2024-10-23
2024102304009572,UPPER,42,37,10.0,215.0,2150.0,2024-10-23
2024102304009571,UPPER,7,37,80.0,215.0,17200.0,2024-10-23
2024102301022433,MLBS,56,29,10.0,1533.0,15330.0,2024-10-23
2024102303017786,PROFL,5,17,100.0,658.0,65800.0,2024-10-23
2024102301022432,NMB,33,22,25.0,263.4,6585.0,2024-10-23
2024102301022431,NIMB,51,34,250.0,241.0,60250.0,2024-10-23
2024102301022430,LBBLD89,6,38,100.0,1208.5,120850.0,2024-10-23
2024102304009570,NHPC,53,25,300.0,220.1,66030.0,2024-10-23
2024102305014096,PHCL,65,57,190.0,465.0,88350.0,2024-10-23
2024102305014095,PHCL,65,29,10.0,465.0,4650.0,2024-10-23
2024102301022429,TAMOR,19,32,10.0,480.3,4803.0,2024-10-23
2024102305014094,NIFRA,41,38,10.0,280.7,2807.0,2024-10-23
2024102301022428,KBL,28,26,614.0,231.7,142263.8,2024-10-23
2024102301022427,KBL,62,26,886.0,231.8,205374.8,2024-10-23
2024102303017785,NLICL,34,58,17.0,605.0,10285.0,2024-10-23
2024102304009569,CGH,13,17,100.0,910.0,91000.0,2024-10-23
2024102303017784,NLIC,14,58,363.0,814.1,295518.3,2024-10-23
2024102303017783,NLIC,38,58,10.0,814.6,8146.0,2024-10-23
2024102303017782,NLIC,16,58,260.0,814.7,211822.0,2024-10-23
2024102303017781,NLIC,86,58,250.0,814.8,203700.0,2024-10-23
2024102303017780,NLIC,66,58,117.0,815.0,95355.0,2024-10-23
2024102304009568,SHL,4,21,200.0,510.0,102000.0,2024-10-23
2024102304009567,SHL,45,21,500.0,510.3,255150.0,2024-10-23
2024102304009566,SHL,44,21,200.0,510.4,102080.0,2024-10-23
2024102304009565,SHL,51,21,100.0,510.5,51050.0,2024-10-23
2024102303017779,GMFIL,45,59,90.0,622.0,55980.0,2024-10-23
2024102305014093,SMJC,48,16,10.0,564.1,5641.0,2024-10-23
2024102301022426,SAMAJ,38,37,70.0,3321.1,232477.0,2024-10-23
2024102301022425,HBL,42,42,970.0,260.0,252200.0,2024-10-23
2024102301022424,HBL,42,55,30.0,260.0,7800.0,2024-10-23
2024102303017778,MFIL,83,57,100.0,765.0,76500.0,2024-10-23
2024102303017777,MFIL,83,45,100.0,765.0,76500.0,2024-10-23
2024102303017776,SJLIC,42,25,480.0,475.0,228000.0,2024-10-23
2024102303017775,SJLIC,49,25,61.0,475.1,28981.1,2024-10-23
2024102303017774,SJLIC,38,25,50.0,475.1,23755.0,2024-10-23
2024102303017773,SJLIC,58,25,60.0,475.2,28512.0,2024-10-23
2024102303017772,SJLIC,49,25,39.0,475.5,18544.5,2024-10-23
2024102303017771,SJLIC,41,25,10.0,476.0,4760.0,2024-10-23
2024102301022423,NIMB,41,34,425.0,241.0,102425.0,2024-10-23
2024102304009564,API,81,34,100.0,289.5,28950.0,2024-10-23
2024102304009563,RADHI,46,36,40.0,392.0,15680.0,2024-10-23
2024102305014092,PHCL,44,38,200.0,464.1,92820.0,2024-10-23
2024102305014091,NICGF,28,49,2000.0,10.56,21120.0,2024-10-23
2024102301022422,NYADI,72,49,10.0,305.3,3053.0,2024-10-23
2024102305014090,SONA,58,49,10.0,475.0,4750.0,2024-10-23
2024102305014089,CHDC,1,83,10.0,1680.0,16800.0,2024-10-23
2024102301022421,HIDCLP,35,43,306.0,183.2,56059.2,2024-10-23
2024102301022420,SANIMA,43,42,50.0,327.0,16350.0,2024-10-23
2024102301022419,SANIMA,43,59,150.0,327.0,49050.0,2024-10-23
2024102301022418,SANIMA,43,37,300.0,327.0,98100.0,2024-10-23
2024102303017770,NFS,39,39,100.0,1340.0,134000.0,2024-10-23
2024102303017769,BFC,45,46,300.0,624.0,187200.0,2024-10-23
2024102301022417,NWCL,58,45,10.0,975.0,9750.0,2024-10-23
2024102305014088,HRL,13,46,10.0,861.1,8611.0,2024-10-23
2024102301022416,USHEC,63,58,10.0,523.1,5231.0,2024-10-23
2024102305014087,HDL,3,7,25.0,1423.0,35575.0,2024-10-23
2024102303017768,GUFL,42,67,100.0,736.0,73600.0,2024-10-23
2024102301022415,SBL,52,33,20.0,348.0,6960.0,2024-10-23
2024102305014086,HDL,16,58,13.0,1423.0,18499.0,2024-10-23
2024102301022414,TPC,49,6,100.0,465.0,46500.0,2024-10-23
2024102303017767,LBBL,16,41,12.0,476.0,5712.0,2024-10-23
2024102301022413,SIKLES,34,38,10.0,700.0,7000.0,2024-10-23
2024102305014085,SHIVM,38,65,150.0,598.3,89745.0,2024-10-23
2024102301022412,PRVU,70,74,295.0,248.0,73160.0,2024-10-23
2024102301022411,PRVU,70,25,705.0,248.0,174840.0,2024-10-23
2024102301022410,HIDCLP,35,64,194.0,183.2,35540.8,2024-10-23
2024102301022409,HIDCLP,51,64,206.0,183.2,37739.2,2024-10-23
2024102301022408,HIDCLP,22,64,600.0,183.6,110160.0,2024-10-23
2024102304009562,KPCL,60,48,41.0,488.0,20008.0,2024-10-23
2024102304009561,KPCL,60,39,159.0,488.0,77592.0,2024-10-23
2024102304009560,RADHI,17,57,150.0,392.8,58920.0,2024-10-23
2024102301022407,MLBS,42,29,90.0,1548.0,139320.0,2024-10-23
2024102303017766,ILBS,34,3,20.0,980.0,19600.0,2024-10-23
2024102303017765,ILBS,42,3,55.0,980.1,53905.5,2024-10-23
2024102303017764,ILBS,11,3,25.0,981.0,24525.0,2024-10-23
2024102301022406,PRVU,6,25,10.0,248.0,2480.0,2024-10-23
2024102304009559,HURJA,58,59,162.0,220.0,35640.0,2024-10-23
2024102303017763,BFC,41,46,20.0,624.0,12480.0,2024-10-23
2024102303017762,CFCL,58,90,10.0,647.9,6479.0,2024-10-23
2024102304009558,API,81,50,1146.0,289.5,331767.0,2024-10-23
2024102303017761,SFCL,38,58,360.0,704.2,253512.0,2024-10-23
2024102303017760,SFCL,38,22,50.0,704.2,35210.0,2024-10-23
2024102303017759,SFCL,38,49,10.0,704.2,7042.0,2024-10-23
2024102303017758,SFCL,38,55,80.0,704.2,56336.0,2024-10-23
2024102301022405,SPL,14,58,50.0,813.0,40650.0,2024-10-23
2024102301022404,SPL,51,58,50.0,813.1,40655.0,2024-10-23
2024102301022403,PPL,62,42,15.0,462.0,6930.0,2024-10-23
2024102301022402,PRVU,47,25,50.0,248.0,12400.0,2024-10-23
2024102303017757,NFS,22,26,10.0,1350.0,13500.0,2024-10-23
2024102303017756,ICFC,34,48,300.0,823.9,247170.0,2024-10-23
2024102303017755,CFCL,25,34,185.0,641.0,118585.0,2024-10-23
2024102303017754,CFCL,45,34,50.0,641.1,32055.0,2024-10-23
2024102303017753,SHINE,71,34,1000.0,472.1,472100.0,2024-10-23
2024102305014084,CHDC,72,83,11.0,1680.0,18480.0,2024-10-23
2024102301022401,ULBSL,70,14,24.0,3179.0,76296.0,2024-10-23
2024102301022400,HHL,39,36,10.0,439.0,4390.0,2024-10-23
2024102303017752,NMFBS,50,64,20.0,1411.0,28220.0,2024-10-23
2024102303017751,NMFBS,54,64,85.0,1411.5,119977.5,2024-10-23
2024102303017750,PFL,45,42,10.0,652.0,6520.0,2024-10-23
2024102301022399,CITY,42,46,158.0,805.0,127190.0,2024-10-23
2024102303017749,ICFC,34,58,100.0,823.9,82390.0,2024-10-23
2024102305014083,NIFRA,35,48,20.0,281.0,5620.0,2024-10-23
2024102303017748,NLIC,66,58,136.0,815.0,110840.0,2024-10-23
2024102303017747,NLIC,66,6,47.0,815.0,38305.0,2024-10-23
2024102303017746,SFCL,41,41,600.0,704.1,422460.0,2024-10-23
2024102301022398,SANIMA,43,32,500.0,326.1,163050.0,2024-10-23
2024102301022397,MBL,5,38,10.0,255.0,2550.0,2024-10-23
2024102304009557,API,35,36,107.0,289.0,30923.0,2024-10-23
2024102304009556,API,55,36,393.0,289.0,113577.0,2024-10-23
2024102304009555,AHPC,34,57,100.0,266.0,26600.0,2024-10-23
2024102303017745,GRDBL,14,57,50.0,732.0,36600.0,2024-10-23
2024102301022396,NWCL,11,57,80.0,971.0,77680.0,2024-10-23
2024102304009554,RIDI,57,49,60.0,235.0,14100.0,2024-10-23
2024102303017744,GMFBS,1,95,19.0,1512.1,28729.9,2024-10-23
2024102303017743,GMFBS,52,95,18.0,1515.0,27270.0,2024-10-23
2024102303017742,KMCDB,18,34,40.0,1027.8,41112.0,2024-10-23
2024102303017741,KMCDB,18,34,20.0,1025.0,20500.0,2024-10-23
2024102304009553,SSHL,49,21,500.0,214.9,107450.0,2024-10-23
2024102301022395,HBL,49,16,133.0,259.5,34513.5,2024-10-23
2024102304009552,SHEL,26,21,50.0,242.0,12100.0,2024-10-23
2024102304009551,HDHPC,14,16,10.0,208.8,2088.0,2024-10-23
2024102305014082,NIFRA,60,48,10.0,281.0,2810.0,2024-10-23
2024102303017740,SKBBL,53,42,485.0,932.8,452408.0,2024-10-23
2024102301022394,GBIME,86,42,815.0,256.0,208640.0,2024-10-23
2024102301022393,GBIME,32,42,267.0,256.0,68352.0,2024-10-23
2024102301022392,GBIME,52,42,100.0,256.0,25600.0,2024-10-23
2024102301022391,GBIME,42,42,153.0,256.0,39168.0,2024-10-23
2024102301022390,GBIME,41,42,15.0,256.0,3840.0,2024-10-23
2024102305014081,HDL,16,48,10.0,1423.0,14230.0,2024-10-23
2024102305014080,HATHY,6,39,22.0,1330.0,29260.0,2024-10-23
2024102305014079,PHCL,44,25,10.0,464.1,4641.0,2024-10-23
2024102305014078,SHIVM,41,34,10.0,599.0,5990.0,2024-10-23
2024102303017739,SWBBL,21,34,69.0,1065.0,73485.0,2024-10-23
2024102303017738,SWBBL,22,34,21.0,1065.0,22365.0,2024-10-23
2024102305014077,ILI,54,16,10.0,485.0,4850.0,2024-10-23
2024102301022389,BEDC,32,42,10.0,468.0,4680.0,2024-10-23
2024102301022388,BEDC,32,29,10.0,465.0,4650.0,2024-10-23
2024102301022387,ADBL,19,91,48.0,366.0,17568.0,2024-10-23
2024102301022386,GBIME,86,26,900.0,256.0,230400.0,2024-10-23
2024102301022385,GBIME,21,26,100.0,256.5,25650.0,2024-10-23
2024102301022384,KBL,62,1,114.0,231.8,26425.2,2024-10-23
2024102301022383,KBL,43,1,75.0,231.8,17385.0,2024-10-23
2024102301022382,KBL,49,1,1000.0,231.9,231900.0,2024-10-23
2024102301022381,KBL,38,1,500.0,231.9,115950.0,2024-10-23
2024102301022380,KBL,38,1,20.0,232.0,4640.0,2024-10-23
2024102301022379,KBL,60,1,100.0,232.0,23200.0,2024-10-23
2024102301022378,KBL,39,1,500.0,232.0,116000.0,2024-10-23
2024102301022377,KBL,8,1,50.0,232.0,11600.0,2024-10-23
2024102301022376,KBL,21,1,641.0,232.0,148712.0,2024-10-23
2024102304009550,HPPL,58,42,10.0,316.3,3163.0,2024-10-23
2024102304009549,API,55,22,300.0,289.0,86700.0,2024-10-23
2024102301022375,KBL,22,57,40.0,233.0,9320.0,2024-10-23
2024102301022374,KBL,22,58,10.0,232.1,2321.0,2024-10-23
2024102304009548,AKPL,6,42,463.0,248.5,115055.5,2024-10-23
2024102305014076,SAHAS,66,16,288.0,505.0,145440.0,2024-10-23
2024102305014075,SAHAS,66,13,80.0,505.0,40400.0,2024-10-23
2024102305014074,SAHAS,66,20,10.0,505.0,5050.0,2024-10-23
2024102305014073,SAHAS,66,53,1000.0,505.0,505000.0,2024-10-23
2024102305014072,SAHAS,66,56,50.0,505.0,25250.0,2024-10-23
2024102305014071,SAHAS,66,21,278.0,505.0,140390.0,2024-10-23
2024102305014070,SAHAS,66,41,100.0,504.9,50490.0,2024-10-23
2024102305014069,SAHAS,66,28,500.0,504.0,252000.0,2024-10-23
2024102305014068,SAHAS,66,8,10.0,504.0,5040.0,2024-10-23
2024102305014067,SAHAS,66,21,184.0,504.0,92736.0,2024-10-23
2024102305014066,SAHAS,66,38,1500.0,504.0,756000.0,2024-10-23
2024102304009547,RIDI,57,57,88.0,234.2,20609.6,2024-10-23
2024102301022373,NICA,57,38,13.0,452.0,5876.0,2024-10-23
2024102305014065,SHIVM,18,34,200.0,599.0,119800.0,2024-10-23
2024102303017737,SFCL,47,55,100.0,704.2,70420.0,2024-10-23
2024102305014064,STC,39,35,10.0,5908.0,59080.0,2024-10-23
2024102304009546,SHPC,49,82,70.0,525.1,36757.0,2024-10-23
2024102301022372,HBL,29,16,200.0,259.5,51900.0,2024-10-23
2024102301022371,HBL,49,16,20.0,259.5,5190.0,2024-10-23
2024102301022370,HBL,17,16,100.0,259.5,25950.0,2024-10-23
2024102301022369,HBL,25,16,100.0,259.5,25950.0,2024-10-23
2024102304009545,NICL,56,60,151.0,990.2,149520.2,2024-10-23
2024102304009544,NICL,13,60,200.0,991.0,198200.0,2024-10-23
2024102304009543,NICL,19,60,40.0,991.5,39660.0,2024-10-23
2024102304009542,NICL,75,60,128.0,991.5,126912.0,2024-10-23
2024102304009541,NICL,70,60,81.0,992.0,80352.0,2024-10-23
2024102303017736,SFCL,41,87,300.0,704.1,211230.0,2024-10-23
2024102301022368,TSHL,41,58,10.0,901.2,9012.0,2024-10-23
2024102301022367,SPL,58,58,10.0,819.0,8190.0,2024-10-23
2024102304009540,NLG,55,50,120.0,1317.0,158040.0,2024-10-23
2024102304009539,NGPL,65,41,500.0,472.0,236000.0,2024-10-23
2024102304009538,NGPL,65,38,36.0,472.0,16992.0,2024-10-23
2024102301022366,SNLI,59,81,42.0,585.1,24574.2,2024-10-23
2024102301022365,SNLI,21,81,10.0,585.2,5852.0,2024-10-23
2024102301022364,SNLI,52,81,18.0,585.3,10535.4,2024-10-23
2024102301022363,SNLI,21,81,100.0,586.0,58600.0,2024-10-23
2024102301022362,SNLI,46,81,40.0,586.0,23440.0,2024-10-23
2024102301022361,SNLI,6,81,100.0,586.0,58600.0,2024-10-23
2024102301022360,SNLI,45,81,10.0,586.0,5860.0,2024-10-23
2024102301022359,SNLI,34,81,230.0,586.0,134780.0,2024-10-23
2024102301022358,MANDU,54,18,29.0,880.0,25520.0,2024-10-23
2024102304009537,BPCL,57,44,75.0,449.0,33675.0,2024-10-23
2024102301022357,MANDU,42,18,20.0,880.0,17600.0,2024-10-23
2024102301022356,MANDU,7,18,56.0,880.0,49280.0,2024-10-23
2024102301022355,MAKAR,65,49,10.0,495.5,4955.0,2024-10-23
2024102304009536,BARUN,50,49,34.0,377.4,12831.6,2024-10-23
2024102304009535,BARUN,10,49,166.0,377.7,62698.2,2024-10-23
2024102301022354,NICA,25,45,141.0,451.0,63591.0,2024-10-23
2024102301022353,NICA,56,45,45.0,451.0,20295.0,2024-10-23
2024102301022352,NICA,38,45,100.0,451.0,45100.0,2024-10-23
2024102301022351,NICA,21,45,150.0,451.0,67650.0,2024-10-23
2024102301022350,NICA,45,45,100.0,451.0,45100.0,2024-10-23
2024102301022349,NICA,34,45,220.0,451.0,99220.0,2024-10-23
2024102301022348,NICA,53,45,50.0,451.1,22555.0,2024-10-23
2024102301022347,NICA,52,45,14.0,451.5,6321.0,2024-10-23
2024102301022346,KBL,21,45,259.0,232.0,60088.0,2024-10-23
2024102301022345,KBL,45,45,10.0,232.0,2320.0,2024-10-23
2024102301022344,KBL,51,45,100.0,232.0,23200.0,2024-10-23
2024102301022343,KBL,70,45,200.0,232.0,46400.0,2024-10-23
2024102303017735,MNBBL,46,28,75.0,395.8,29685.0,2024-10-23
2024102301022342,ANLB,62,17,12.0,4453.1,53437.2,2024-10-23
2024102303017734,PFL,82,48,200.0,650.1,130020.0,2024-10-23
2024102305014063,HDL,16,48,50.0,1423.0,71150.0,2024-10-23
2024102303017733,HLBSL,1,6,30.0,1004.5,30135.0,2024-10-23
2024102303017732,MLBSL,43,28,65.0,1997.1,129811.5,2024-10-23
2024102305014062,HDL,16,58,30.0,1423.0,42690.0,2024-10-23
2024102301022341,TSHL,41,14,40.0,901.2,36048.0,2024-10-23
2024102305014061,CHDC,49,83,11.0,1680.0,18480.0,2024-10-23
2024102301022340,HIDCLP,22,64,400.0,183.5,73400.0,2024-10-23
2024102305014060,HDL,16,22,50.0,1423.0,71150.0,2024-10-23
2024102304009534,HURJA,7,59,100.0,220.0,22000.0,2024-10-23
2024102303017731,GMFIL,48,59,110.0,622.0,68420.0,2024-10-23
2024102303017730,NABBC,56,48,100.0,631.0,63100.0,2024-10-23
2024102301022339,MKHC,92,33,177.0,339.0,60003.0,2024-10-23
2024102301022338,MKHC,34,33,483.0,339.0,163737.0,2024-10-23
2024102301022337,PCBL,25,52,166.0,291.0,48306.0,2024-10-23
2024102303017729,MLBL,59,34,20.0,397.4,7948.0,2024-10-23
2024102304009533,MEN,34,49,18.0,633.0,11394.0,2024-10-23
2024102301022336,CZBIL,50,35,1590.0,242.0,384780.0,2024-10-23
2024102301022335,CZBIL,50,33,410.0,241.9,99179.0,2024-10-23
2024102303017728,GUFL,95,74,500.0,736.4,368200.0,2024-10-23
2024102303017727,GUFL,58,74,500.0,736.5,368250.0,2024-10-23
2024102304009532,UPCL,38,14,100.0,263.0,26300.0,2024-10-23
2024102301022334,NYADI,72,52,40.0,305.3,12212.0,2024-10-23
2024102304009531,HPPL,45,42,150.0,312.0,46800.0,2024-10-23
2024102304009530,HPPL,58,42,250.0,312.0,78000.0,2024-10-23
2024102304009529,BPCL,49,6,200.0,448.0,89600.0,2024-10-23
2024102303017726,MPFL,42,35,20.0,748.0,14960.0,2024-10-23
2024102301022333,RAWA,26,66,10.0,811.0,8110.0,2024-10-23
2024102301022332,AVYAN,66,38,10.0,909.0,9090.0,2024-10-23
2024102303017725,GMFIL,63,29,32.0,623.0,19936.0,2024-10-23
2024102301022331,SBI,58,85,500.0,484.0,242000.0,2024-10-23
2024102303017724,GFCL,80,68,110.0,1049.0,115390.0,2024-10-23
2024102303017723,GFCL,3,68,40.0,1049.0,41960.0,2024-10-23
2024102303017722,GFCL,43,68,200.0,1050.0,210000.0,2024-10-23
2024102303017721,GFCL,18,68,100.0,1050.0,105000.0,2024-10-23
2024102303017720,GFCL,77,68,50.0,1055.9,52795.0,2024-10-23
2024102304009528,NHPC,53,32,1000.0,220.1,220100.0,2024-10-23
2024102304009527,NHPC,49,32,1000.0,220.1,220100.0,2024-10-23
2024102303017719,SFCL,41,13,370.0,704.1,260517.0,2024-10-23
2024102303017718,MERO,39,70,10.0,760.0,7600.0,2024-10-23
2024102301022330,RAWA,26,40,10.0,811.0,8110.0,2024-10-23
2024102304009526,UPPER,7,37,20.0,215.0,4300.0,2024-10-23
2024102303017717,GBLBS,57,29,22.0,738.0,16236.0,2024-10-23
2024102303017716,GBLBS,49,29,15.0,738.0,11070.0,2024-10-23
2024102301022329,SRLI,42,70,217.0,444.0,96348.0,2024-10-23
2024102304009525,API,55,50,307.0,289.0,88723.0,2024-10-23
2024102303017715,SFCL,41,70,12.0,704.1,8449.2,2024-10-23
2024102304009524,AKPL,94,56,78.0,248.8,19406.4,2024-10-23
2024102304009523,AKPL,94,95,422.0,248.8,104993.6,2024-10-23
2024102301022328,MKHC,34,38,50.0,339.0,16950.0,2024-10-23
2024102301022327,NABIL,13,58,200.0,593.6,118720.0,2024-10-23
2024102301022326,MAKAR,4,25,140.0,500.0,70000.0,2024-10-23
2024102301022325,MAKAR,4,21,60.0,499.9,29994.0,2024-10-23
2024102304009522,NLG,55,62,10.0,1317.0,13170.0,2024-10-23
2024102301022324,MANDU,7,49,12.0,880.0,10560.0,2024-10-23
2024102301022323,MANDU,72,49,60.0,880.0,52800.0,2024-10-23
2024102301022322,MANDU,42,49,10.0,880.0,8800.0,2024-10-23
2024102301022321,MANDU,7,49,60.0,880.0,52800.0,2024-10-23
2024102301022320,MANDU,54,49,20.0,881.1,17622.0,2024-10-23
2024102301022319,MANDU,8,49,38.0,881.1,33481.8,2024-10-23
2024102303017714,GMFIL,48,16,90.0,622.0,55980.0,2024-10-23
2024102301022318,LSL,22,45,100.0,253.5,25350.0,2024-10-23
2024102301022317,SPC,28,48,20.0,520.0,10400.0,2024-10-23
2024102304009521,API,22,50,843.0,289.0,243627.0,2024-10-23
2024102304009520,HDHPC,54,57,200.0,209.0,41800.0,2024-10-23
2024102305014059,NIFRA,33,38,10.0,280.6,2806.0,2024-10-23
2024102304009519,API,52,50,104.0,289.5,30108.0,2024-10-23
2024102303017713,NLIC,58,6,33.0,815.0,26895.0,2024-10-23
2024102301022316,LSL,58,45,67.0,253.5,16984.5,2024-10-23
2024102301022315,LSL,58,99,433.0,253.5,109765.5,2024-10-23
2024102301022314,MSHL,19,57,10.0,928.0,9280.0,2024-10-23
2024102301022313,PRVU,21,25,235.0,248.0,58280.0,2024-10-23
2024102301022312,PRVU,21,6,65.0,248.0,16120.0,2024-10-23
2024102301022311,BEDC,47,46,48.0,462.0,22176.0,2024-10-23
2024102301022310,BEDC,39,46,52.0,462.0,24024.0,2024-10-23
2024102301022309,KBL,45,57,500.0,233.0,116500.0,2024-10-23
2024102305014058,HRL,48,45,10.0,861.0,8610.0,2024-10-23
2024102305014057,SAHAS,47,49,200.0,503.0,100600.0,2024-10-23
2024102305014056,SAHAS,47,36,83.0,503.0,41749.0,2024-10-23
2024102304009518,SHEL,35,45,100.0,241.4,24140.0,2024-10-23
2024102301022308,NWCL,11,48,220.0,971.0,213620.0,2024-10-23
2024102301022307,ULHC,42,60,50.0,384.5,19225.0,2024-10-23
2024102301022306,UHEWA,46,51,70.0,476.1,33327.0,2024-10-23
2024102304009517,UAIL,6,52,100.0,639.0,63900.0,2024-10-23
2024102301022305,NMB,36,28,50.0,262.2,13110.0,2024-10-23
2024102301022304,NBL,38,29,50.0,291.0,14550.0,2024-10-23
2024102301022303,NICGF2,29,18,100.0,8.78,878.0,2024-10-23
2024102301022302,SCB,32,57,83.0,691.1,57361.3,2024-10-23
2024102301022301,SCB,34,57,57.0,691.1,39392.7,2024-10-23
2024102301022300,PCBL,19,52,300.0,291.0,87300.0,2024-10-23
2024102303017712,HLI,59,49,10.0,472.1,4721.0,2024-10-23
2024102303017711,EDBL,84,40,20.0,641.0,12820.0,2024-10-23
2024102303017710,EDBL,21,40,40.0,641.0,25640.0,2024-10-23
2024102304009516,AKPL,6,47,400.0,248.5,99400.0,2024-10-23
2024102303017709,CFCL,25,45,100.0,641.0,64100.0,2024-10-23
2024102304009515,NLG,55,48,300.0,1317.0,395100.0,2024-10-23
2024102301022299,SCB,51,52,100.0,692.0,69200.0,2024-10-23
2024102305014055,MBJC,34,50,160.0,321.0,51360.0,2024-10-23
2024102305014054,MBJC,3,50,100.0,321.0,32100.0,2024-10-23
2024102305014053,MBJC,59,50,490.0,321.5,157535.0,2024-10-23
2024102303017708,JFL,58,41,100.0,652.0,65200.0,2024-10-23
2024102304009514,AKPL,6,26,1859.0,248.5,461961.5,2024-10-23
2024102301022298,GVL,26,28,100.0,538.6,53860.0,2024-10-23
2024102301022297,MSHL,42,57,30.0,928.0,27840.0,2024-10-23
2024102301022296,MSHL,64,57,35.0,928.0,32480.0,2024-10-23
2024102301022295,MSHL,58,57,75.0,928.2,69615.0,2024-10-23
2024102301022294,MSHL,42,57,30.0,928.3,27849.0,2024-10-23
2024102301022293,RAWA,92,48,100.0,829.0,82900.0,2024-10-23
2024102301022292,RAWA,92,4,200.0,829.0,165800.0,2024-10-23
2024102301022291,RAWA,92,34,100.0,826.2,82620.0,2024-10-23
2024102301022290,RAWA,92,22,10.0,826.2,8262.0,2024-10-23
2024102301022289,RAWA,92,34,10.0,826.0,8260.0,2024-10-23
2024102301022288,RAWA,92,45,80.0,825.0,66000.0,2024-10-23
2024102304009513,NLG,55,45,120.0,1317.0,158040.0,2024-10-23
2024102303017707,KRBL,48,60,10.0,601.0,6010.0,2024-10-23
2024102305014052,SIGS2,91,33,50000.0,10.05,502500.0,2024-10-23
2024102303017706,RLFL,45,56,1300.0,625.0,812500.0,2024-10-23
2024102303017705,RLFL,29,56,50.0,625.0,31250.0,2024-10-23
2024102303017704,RLFL,45,56,50.0,625.0,31250.0,2024-10-23
2024102303017703,RLFL,46,56,160.0,625.0,100000.0,2024-10-23
2024102303017702,RLFL,95,56,380.0,625.0,237500.0,2024-10-23
2024102303017701,RLFL,45,56,60.0,625.1,37506.0,2024-10-23
2024102304009512,PRIN,86,34,12.0,968.0,11616.0,2024-10-23
2024102304009511,PRIN,86,45,50.0,960.0,48000.0,2024-10-23
2024102304009510,PRIN,86,58,23.0,957.7,22027.1,2024-10-23
2024102303017700,FOWAD,34,19,23.0,1479.0,34017.0,2024-10-23
2024102303017699,FOWAD,34,45,17.0,1479.0,25143.0,2024-10-23
2024102303017698,FOWAD,34,45,10.0,1478.0,14780.0,2024-10-23
2024102301022287,SNLI,41,17,3.0,587.0,1761.0,2024-10-23
2024102301022286,SNLI,34,17,27.0,587.0,15849.0,2024-10-23
2024102304009509,UMHL,48,5,20.0,308.0,6160.0,2024-10-23
2024102304009508,UMHL,57,5,500.0,308.0,154000.0,2024-10-23
2024102304009507,UMHL,25,5,390.0,308.0,120120.0,2024-10-23
2024102304009506,AHPC,34,29,30.0,267.2,8016.0,2024-10-23
2024102304009505,AHPC,34,47,74.0,267.0,19758.0,2024-10-23
2024102304009504,AHPC,34,21,396.0,266.0,105336.0,2024-10-23
2024102304009503,SPDL,44,34,390.0,307.7,120003.0,2024-10-23
2024102304009502,SPDL,44,70,90.0,307.7,27693.0,2024-10-23
2024102304009501,SPDL,44,1,500.0,307.0,153500.0,2024-10-23
2024102304009500,SPDL,44,7,100.0,306.0,30600.0,2024-10-23
2024102304009499,SPDL,44,53,50.0,305.0,15250.0,2024-10-23
2024102304009498,SPDL,44,6,150.0,305.0,45750.0,2024-10-23
2024102304009497,SPDL,44,32,20.0,305.0,6100.0,2024-10-23
2024102304009496,SPDL,44,81,700.0,304.0,212800.0,2024-10-23
2024102301022285,EBL,21,49,10.0,605.0,6050.0,2024-10-23
2024102301022284,BNHC,50,21,10.0,465.6,4656.0,2024-10-23
2024102303017697,NLIC,21,6,80.0,815.0,65200.0,2024-10-23
2024102305014051,SMJC,48,49,10.0,564.1,5641.0,2024-10-23
2024102303017696,HLI,59,53,20.0,472.1,9442.0,2024-10-23
2024102303017695,SIFC,45,59,10.0,624.0,6240.0,2024-10-23
2024102301022283,DORDI,38,36,45.0,430.0,19350.0,2024-10-23
2024102301022282,DORDI,58,36,40.0,430.0,17200.0,2024-10-23
2024102305014050,SMJC,7,21,60.0,565.0,33900.0,2024-10-23
2024102305014049,SMJC,7,21,100.0,565.0,56500.0,2024-10-23
2024102303017694,MLBSL,43,17,29.0,1997.1,57915.9,2024-10-23
2024102301022281,MEHL,55,34,10.0,384.0,3840.0,2024-10-23
2024102301022280,MEHL,55,34,50.0,383.8,19190.0,2024-10-23
2024102305014048,SAHAS,34,36,55.0,503.0,27665.0,2024-10-23
2024102305014047,SAHAS,34,49,245.0,502.0,122990.0,2024-10-23
2024102304009495,HURJA,91,59,20.0,220.0,4400.0,2024-10-23
2024102303017693,PROFL,58,32,50.0,658.0,32900.0,2024-10-23
2024102303017692,GMFIL,38,29,20.0,623.0,12460.0,2024-10-23
2024102303017691,GMFIL,38,4,100.0,623.0,62300.0,2024-10-23
2024102303017690,GRDBL,48,57,256.0,728.0,186368.0,2024-10-23
2024102303017689,NFS,39,41,215.0,1340.0,288100.0,2024-10-23
2024102301022279,MSHL,19,38,10.0,930.0,9300.0,2024-10-23
2024102301022278,MSHL,19,58,30.0,930.0,27900.0,2024-10-23
2024102301022277,MSHL,19,64,50.0,930.0,46500.0,2024-10-23
2024102305014046,HDL,16,77,25.0,1423.0,35575.0,2024-10-23
2024102305014045,HDL,16,48,62.0,1423.0,88226.0,2024-10-23
2024102305014044,HDL,16,57,50.0,1423.0,71150.0,2024-10-23
2024102305014043,HDL,16,26,10.0,1423.0,14230.0,2024-10-23
2024102304009494,KPCL,60,39,30.0,488.0,14640.0,2024-10-23
2024102305014042,SONA,17,58,17.0,475.6,8085.2,2024-10-23
2024102305014041,SHIVM,14,34,100.0,599.0,59900.0,2024-10-23
2024102305014040,SHIVM,3,34,100.0,599.0,59900.0,2024-10-23
2024102305014039,SHIVM,98,34,56.0,599.0,33544.0,2024-10-23
2024102303017688,MLBBL,58,4,23.0,1635.0,37605.0,2024-10-23
2024102303017687,MLBBL,58,49,250.0,1634.0,408500.0,2024-10-23
2024102303017686,MLBBL,58,56,26.0,1634.0,42484.0,2024-10-23
2024102303017685,MLBBL,58,10,10.0,1634.0,16340.0,2024-10-23
2024102303017684,MLBBL,58,56,10.0,1633.9,16339.0,2024-10-23
2024102303017683,MLBBL,58,56,10.0,1633.8,16338.0,2024-10-23
2024102303017682,MLBBL,58,56,10.0,1630.1,16301.0,2024-10-23
2024102303017681,MLBBL,58,56,26.0,1630.0,42380.0,2024-10-23
2024102303017680,MLBBL,58,90,20.0,1630.0,32600.0,2024-10-23
2024102303017679,MLBBL,58,17,50.0,1630.0,81500.0,2024-10-23
2024102303017678,MLBBL,58,34,15.0,1630.0,24450.0,2024-10-23
2024102303017677,MLBBL,58,50,10.0,1629.0,16290.0,2024-10-23
2024102303017676,MLBBL,58,71,10.0,1628.8,16288.0,2024-10-23
2024102303017675,MLBBL,58,42,30.0,1628.0,48840.0,2024-10-23
2024102301022276,GBIME,21,16,400.0,256.5,102600.0,2024-10-23
2024102301022275,GBIME,86,45,100.0,256.0,25600.0,2024-10-23
2024102305014038,SHIVM,98,45,194.0,599.0,116206.0,2024-10-23
2024102305014037,SMJC,55,21,200.0,565.0,113000.0,2024-10-23
2024102303017674,MDB,21,42,100.0,625.0,62500.0,2024-10-23
2024102301022274,ULBSL,70,42,16.0,3179.0,50864.0,2024-10-23
2024102301022273,ULHC,25,60,40.0,384.5,15380.0,2024-10-23
2024102301022272,ULHC,63,60,25.0,384.5,9612.5,2024-10-23
2024102305014036,SAHAS,41,49,100.0,502.0,50200.0,2024-10-23
2024102305014035,HDL,42,34,15.0,1422.0,21330.0,2024-10-23
2024102301022271,NIMB,43,34,20.0,241.0,4820.0,2024-10-23
2024102301022270,NIMB,25,34,200.0,241.0,48200.0,2024-10-23
2024102301022269,NIMB,57,34,105.0,241.0,25305.0,2024-10-23
2024102303017673,LLBS,14,52,10.0,1039.0,10390.0,2024-10-23
2024102303017672,PMLI,10,44,30.0,562.0,16860.0,2024-10-23
2024102303017671,PMLI,10,5,50.0,562.0,28100.0,2024-10-23
2024102303017670,PMLI,10,58,10.0,562.0,5620.0,2024-10-23
2024102303017669,PMLI,10,43,10.0,562.0,5620.0,2024-10-23
2024102304009493,SHPC,67,82,100.0,525.1,52510.0,2024-10-23
2024102304009492,SHPC,10,82,100.0,525.1,52510.0,2024-10-23
2024102304009491,SHPC,54,82,100.0,525.1,52510.0,2024-10-23
2024102305014034,HIDCL,49,35,50.0,271.0,13550.0,2024-10-23
2024102301022268,ULHC,26,60,10.0,384.5,3845.0,2024-10-23
2024102305014033,NRIC,48,45,37.0,800.1,29603.7,2024-10-23
2024102305014032,NRIC,33,45,100.0,803.0,80300.0,2024-10-23
2024102305014031,NRIC,35,45,13.0,803.0,10439.0,2024-10-23
2024102304009490,API,98,50,300.0,289.5,86850.0,2024-10-23
2024102305014030,PHCL,65,99,400.0,464.0,185600.0,2024-10-23
2024102301022267,NIMB,57,6,50.0,241.0,12050.0,2024-10-23
2024102301022266,NIMB,52,6,10.0,241.1,2411.0,2024-10-23
2024102301022265,NIMB,53,6,50.0,241.2,12060.0,2024-10-23
2024102303017668,SMB,42,58,10.0,1809.0,18090.0,2024-10-23
2024102304009489,AHPC,36,49,1000.0,265.5,265500.0,2024-10-23
2024102301022264,SBL,52,49,80.0,348.0,27840.0,2024-10-23
2024102301022263,GBIME,39,16,100.0,256.5,25650.0,2024-10-23
2024102303017667,MFIL,65,1,100.0,765.0,76500.0,2024-10-23
2024102301022262,UHEWA,46,46,10.0,476.1,4761.0,2024-10-23
2024102305014029,HDL,42,11,15.0,1422.0,21330.0,2024-10-23
2024102303017666,GILB,60,36,10.0,1268.4,12684.0,2024-10-23
2024102305014028,CLI,33,1,10.0,635.0,6350.0,2024-10-23
2024102301022261,AHL,40,6,50.0,651.0,32550.0,2024-10-23
2024102303017665,SFCL,58,55,95.0,704.2,66899.0,2024-10-23
2024102303017664,SFCL,58,55,100.0,704.2,70420.0,2024-10-23
2024102303017663,SFCL,43,55,100.0,704.2,70420.0,2024-10-23
2024102303017662,SFCL,3,55,225.0,704.2,158445.0,2024-10-23
2024102305014027,SONA,98,35,475.0,473.2,224770.0,2024-10-23
2024102305014026,SONA,58,35,10.0,473.6,4736.0,2024-10-23
2024102305014025,SONA,62,35,10.0,473.6,4736.0,2024-10-23
2024102305014024,SONA,38,35,200.0,474.0,94800.0,2024-10-23
2024102305014023,SONA,52,35,100.0,474.0,47400.0,2024-10-23
2024102305014022,SONA,49,35,20.0,474.0,9480.0,2024-10-23
2024102305014021,SONA,25,35,20.0,474.1,9482.0,2024-10-23
2024102305014020,SONA,49,35,50.0,474.1,23705.0,2024-10-23
2024102305014019,SONA,34,35,10.0,474.1,4741.0,2024-10-23
2024102305014018,SONA,16,35,50.0,475.0,23750.0,2024-10-23
2024102305014017,SONA,17,35,30.0,475.0,14250.0,2024-10-23
2024102305014016,SONA,42,35,25.0,475.0,11875.0,2024-10-23
2024102305014015,HIDCL,32,35,50.0,271.0,13550.0,2024-10-23
2024102305014014,NRIC,17,34,133.0,803.0,106799.0,2024-10-23
2024102305014013,HDL,42,58,10.0,1422.0,14220.0,2024-10-23
2024102301022260,ADBL,19,58,50.0,366.0,18300.0,2024-10-23
2024102303017661,MLBSL,43,49,45.0,1997.1,89869.5,2024-10-23
2024102303017660,MLBSL,35,49,11.0,1997.2,21969.2,2024-10-23
2024102305014012,SAHAS,54,49,100.0,502.0,50200.0,2024-10-23
2024102305014011,SAHAS,55,49,450.0,502.0,225900.0,2024-10-23
2024102305014010,SAHAS,28,49,50.0,502.0,25100.0,2024-10-23
2024102305014009,SAHAS,8,49,100.0,502.0,50200.0,2024-10-23
2024102305014008,SAHAS,47,49,500.0,502.0,251000.0,2024-10-23
2024102305014007,SAHAS,54,49,238.0,502.0,119476.0,2024-10-23
2024102305014006,SAHAS,64,49,100.0,502.0,50200.0,2024-10-23
2024102305014005,SAHAS,10,49,100.0,502.0,50200.0,2024-10-23
2024102305014004,SAHAS,6,49,10.0,502.0,5020.0,2024-10-23
2024102305014003,SAHAS,58,49,737.0,502.0,369974.0,2024-10-23
2024102305014002,SAHAS,57,49,50.0,502.1,25105.0,2024-10-23
2024102305014001,SAHAS,41,49,20.0,503.0,10060.0,2024-10-23
2024102301022259,MLBS,53,29,10.0,1532.3,15323.0,2024-10-23
2024102303017659,NLIC,16,45,33.0,814.7,26885.1,2024-10-23
2024102303017658,GFCL,77,1,10.0,1060.0,10600.0,2024-10-23
2024102305014000,NTC,54,38,90.0,981.0,88290.0,2024-10-23
2024102305013999,NTC,54,38,10.0,981.0,9810.0,2024-10-23
2024102305013998,SHIVM,98,80,150.0,599.0,89850.0,2024-10-23
2024102305013997,SHIVM,17,80,50.0,599.1,29955.0,2024-10-23
2024102303017657,MFIL,65,44,400.0,765.0,306000.0,2024-10-23
2024102304009488,AKPL,75,95,119.0,248.8,29607.2,2024-10-23
2024102303017656,NFS,19,41,180.0,1340.0,241200.0,2024-10-23
2024102301022258,SBL,40,49,100.0,348.0,34800.0,2024-10-23
2024102304009487,AKPL,45,95,20.0,248.8,4976.0,2024-10-23
2024102303017655,CFCL,59,90,30.0,647.9,19437.0,2024-10-23
2024102303017654,MATRI,58,59,67.0,1391.1,93203.7,2024-10-23
2024102304009486,SHL,67,49,100.0,511.0,51100.0,2024-10-23
2024102301022257,KBL,28,57,56.0,233.0,13048.0,2024-10-23
2024102301022256,KBL,28,57,944.0,233.0,219952.0,2024-10-23
2024102301022255,MHCL,45,56,30.0,406.0,12180.0,2024-10-23
2024102301022254,MHCL,42,56,10.0,406.0,4060.0,2024-10-23
