transaction,symbol,buyer,seller,quantity,rate,amount,date
2024052904010185,GLH,43,22,10.0,209.0,2090.0,2024-05-29
2024052904010184,GLH,43,56,10.0,208.0,2080.0,2024-05-29
2024052904010183,GLH,43,34,10.0,207.0,2070.0,2024-05-29
2024052903013253,PFL,22,43,1000.0,768.0,768000.0,2024-05-29
2024052901033994,NICGF2,55,48,100.0,8.29,829.0,2024-05-29
2024052901033993,HHL,84,88,30.0,352.9,10587.0,2024-05-29
2024052901033992,HHL,84,57,10.0,351.0,3510.0,2024-05-29
2024052901033991,HHL,84,42,100.0,350.0,35000.0,2024-05-29
2024052901033990,HHL,84,48,110.0,350.0,38500.0,2024-05-29
2024052901033989,HHL,84,58,10.0,349.9,3499.0,2024-05-29
2024052901033988,HHL,84,18,50.0,349.9,17495.0,2024-05-29
2024052901033987,HHL,84,16,100.0,349.0,34900.0,2024-05-29
2024052901033986,HHL,84,16,10.0,349.0,3490.0,2024-05-29
2024052901033985,HHL,84,16,80.0,349.0,27920.0,2024-05-29
2024052904010182,SHEL,75,7,160.0,161.0,25760.0,2024-05-29
2024052904010181,SHEL,75,7,40.0,160.8,6432.0,2024-05-29
2024052901033984,RHGCL,69,74,200.0,355.9,71180.0,2024-05-29
2024052903013252,KMCDB,69,57,10.0,1049.0,10490.0,2024-05-29
2024052901033983,MHCL,49,57,10.0,382.9,3829.0,2024-05-29
2024052904010180,DHPL,6,52,20.0,191.0,3820.0,2024-05-29
2024052904010179,PPCL,52,35,10.0,231.0,2310.0,2024-05-29
2024052904010178,AHPC,47,16,46.0,161.3,7419.8,2024-05-29
2024052901033982,MHCL,58,42,75.0,381.0,28575.0,2024-05-29
2024052904010177,RHPL,51,1,10.0,269.0,2690.0,2024-05-29
2024052901033981,VLUCL,22,41,40.0,488.0,19520.0,2024-05-29
2024052901033980,NMB,66,52,80.0,199.0,15920.0,2024-05-29
2024052904010176,RURU,19,56,10.0,607.0,6070.0,2024-05-29
2024052901033979,NWCL,19,66,130.0,840.0,109200.0,2024-05-29
2024052901033978,NMB,4,77,200.0,199.0,39800.0,2024-05-29
2024052903013251,RLFL,4,20,10.0,398.0,3980.0,2024-05-29
2024052903013250,RLFL,4,45,100.0,397.0,39700.0,2024-05-29
2024052903013249,RLFL,4,34,100.0,397.0,39700.0,2024-05-29
2024052903013248,RLFL,4,46,100.0,396.0,39600.0,2024-05-29
2024052903013247,MLBSL,85,60,50.0,1864.0,93200.0,2024-05-29
2024052903013246,PFL,72,28,10.0,769.0,7690.0,2024-05-29
2024052901033977,NWCL,91,66,190.0,840.0,159600.0,2024-05-29
2024052901033976,NWCL,91,34,100.0,840.0,84000.0,2024-05-29
2024052901033975,NWCL,91,32,10.0,840.0,8400.0,2024-05-29
2024052901033974,NWCL,91,38,10.0,840.0,8400.0,2024-05-29
2024052901033973,NWCL,91,41,100.0,840.0,84000.0,2024-05-29
2024052901033972,NWCL,91,32,10.0,840.0,8400.0,2024-05-29
2024052901033971,NWCL,91,56,10.0,840.0,8400.0,2024-05-29
2024052901033970,NWCL,91,34,10.0,840.0,8400.0,2024-05-29
2024052901033969,NWCL,91,45,10.0,840.0,8400.0,2024-05-29
2024052901033968,NWCL,91,5,20.0,839.0,16780.0,2024-05-29
2024052901033967,NWCL,91,28,10.0,838.0,8380.0,2024-05-29
2024052901033966,NWCL,91,70,10.0,836.4,8364.0,2024-05-29
2024052901033965,NWCL,91,38,10.0,836.0,8360.0,2024-05-29
2024052903013245,PFL,32,28,10.0,770.0,7700.0,2024-05-29
2024052903013244,PFL,28,42,10.0,775.0,7750.0,2024-05-29
2024052904010175,NGPL,45,17,10.0,302.8,3028.0,2024-05-29
2024052901033964,ADBL,28,25,90.0,270.0,24300.0,2024-05-29
2024052901033963,ADBL,28,6,150.0,269.0,40350.0,2024-05-29
2024052901033962,ADBL,28,34,700.0,269.0,188300.0,2024-05-29
2024052901033961,ADBL,28,26,10.0,269.0,2690.0,2024-05-29
2024052901033960,ADBL,28,35,50.0,268.0,13400.0,2024-05-29
2024052903013243,PFL,28,42,10.0,775.0,7750.0,2024-05-29
2024052903013242,MFIL,45,42,10.0,501.8,5018.0,2024-05-29
2024052903013241,NFS,58,66,100.0,506.0,50600.0,2024-05-29
2024052901033959,SBI,34,45,10.0,301.9,3019.0,2024-05-29
2024052903013240,GILB,58,64,10.0,1279.9,12799.0,2024-05-29
2024052903013239,GILB,17,62,10.0,1278.0,12780.0,2024-05-29
2024052901033958,BHL,58,56,20.0,328.0,6560.0,2024-05-29
2024052903013238,PFL,58,42,10.0,775.0,7750.0,2024-05-29
2024052904010174,RIDI,42,46,10.0,172.0,1720.0,2024-05-29
2024052903013237,HLBSL,38,14,169.0,1200.0,202800.0,2024-05-29
2024052903013236,HLBSL,38,14,500.0,1200.0,600000.0,2024-05-29
2024052903013235,HLBSL,38,6,331.0,1200.0,397200.0,2024-05-29
2024052901033957,CLI,32,6,150.0,469.0,70350.0,2024-05-29
2024052901033956,CLI,58,6,410.0,469.1,192331.0,2024-05-29
2024052901033955,CLI,10,6,50.0,469.2,23460.0,2024-05-29
2024052901033954,CLI,6,6,100.0,469.3,46930.0,2024-05-29
2024052901033953,CLI,52,6,15.0,469.4,7041.0,2024-05-29
2024052901033952,CLI,32,6,10.0,469.5,4695.0,2024-05-29
2024052901033951,CLI,1,6,100.0,469.5,46950.0,2024-05-29
2024052901033950,CLI,57,6,94.0,469.5,44133.0,2024-05-29
2024052901033949,EHPL,19,6,100.0,518.0,51800.0,2024-05-29
2024052901033948,NRM,21,62,10.0,378.0,3780.0,2024-05-29
2024052901033947,NRM,49,62,40.0,378.0,15120.0,2024-05-29
2024052901033946,NRM,54,62,50.0,378.4,18920.0,2024-05-29
2024052903013234,SADBL,56,58,10.0,314.0,3140.0,2024-05-29
2024052901033945,SCB,35,77,10.0,560.0,5600.0,2024-05-29
2024052904010173,UPCL,35,14,100.0,193.0,19300.0,2024-05-29
2024052903013233,PFL,32,88,4000.0,770.0,3080000.0,2024-05-29
2024052903013232,SABSL,88,38,10.0,950.0,9500.0,2024-05-29
2024052905005648,NRN,96,45,10.0,577.0,5770.0,2024-05-29
2024052901033944,NWCL,94,51,20.0,835.0,16700.0,2024-05-29
2024052901033943,NWCL,94,47,100.0,834.0,83400.0,2024-05-29
2024052901033942,MEHL,1,33,170.0,314.6,53482.0,2024-05-29
2024052903013231,SHINE,33,54,10.0,395.0,3950.0,2024-05-29
2024052901033941,SMJC,53,38,10.0,374.7,3747.0,2024-05-29
2024052901033940,PPL,8,67,20.0,453.0,9060.0,2024-05-29
2024052901033939,EBL,39,34,10.0,529.0,5290.0,2024-05-29
2024052901033938,MANDU,70,39,161.0,867.1,139603.1,2024-05-29
2024052903013230,HLBSL,74,6,69.0,1200.0,82800.0,2024-05-29
2024052903013229,HLBSL,74,13,10.0,1200.0,12000.0,2024-05-29
2024052903013228,HLBSL,74,14,100.0,1200.0,120000.0,2024-05-29
2024052903013227,HLBSL,74,49,80.0,1199.9,95992.0,2024-05-29
2024052903013226,HLBSL,74,14,200.0,1199.0,239800.0,2024-05-29
2024052903013225,HLBSL,74,52,10.0,1198.0,11980.0,2024-05-29
2024052903013224,HLBSL,74,16,96.0,1197.0,114912.0,2024-05-29
2024052903013223,HLBSL,74,35,320.0,1194.0,382080.0,2024-05-29
2024052903013222,HLBSL,74,46,25.0,1193.9,29847.5,2024-05-29
2024052903013221,HLBSL,74,35,90.0,1192.0,107280.0,2024-05-29
2024052901033937,MEHL,43,19,21.0,322.1,6764.1,2024-05-29
2024052903013220,PFL,32,3,990.0,770.0,762300.0,2024-05-29
2024052901033936,KBL,48,29,10.0,146.0,1460.0,2024-05-29
2024052903013219,MPFL,29,14,10.0,440.0,4400.0,2024-05-29
2024052901033935,CLI,26,45,10.0,471.0,4710.0,2024-05-29
2024052901033934,CLI,26,46,10.0,470.0,4700.0,2024-05-29
2024052901033933,CLI,26,7,10.0,470.0,4700.0,2024-05-29
2024052905005647,STC,21,58,10.0,4415.0,44150.0,2024-05-29
2024052901033932,UHEWA,21,49,20.0,394.8,7896.0,2024-05-29
2024052904010172,UPCL,22,14,10.0,193.0,1930.0,2024-05-29
2024052901033931,VLUCL,34,57,10.0,490.0,4900.0,2024-05-29
2024052903013218,PFL,28,3,10.0,770.0,7700.0,2024-05-29
2024052901033930,CYCL,45,58,10.0,1453.0,14530.0,2024-05-29
2024052905005646,NICGF,17,6,1000.0,9.8,9800.0,2024-05-29
2024052903013217,PMLI,42,34,90.0,500.0,45000.0,2024-05-29
2024052903013216,MLBBL,44,39,10.0,1277.0,12770.0,2024-05-29
2024052903013215,KSBBL,6,34,72.0,377.8,27201.6,2024-05-29
2024052903013214,KSBBL,44,34,128.0,377.8,48358.4,2024-05-29
2024052901033929,CLI,57,38,10.0,469.5,4695.0,2024-05-29
2024052903013213,RSDC,3,39,50.0,669.0,33450.0,2024-05-29
2024052901033928,TVCL,29,3,229.0,441.6,101126.4,2024-05-29
2024052901033927,TVCL,57,3,60.0,442.0,26520.0,2024-05-29
2024052901033926,TVCL,48,3,200.0,443.0,88600.0,2024-05-29
2024052901033925,TVCL,19,3,50.0,443.0,22150.0,2024-05-29
2024052901033924,TVCL,45,3,21.0,443.0,9303.0,2024-05-29
2024052901033923,TVCL,58,3,40.0,443.0,17720.0,2024-05-29
2024052901033922,TVCL,74,3,100.0,444.5,44450.0,2024-05-29
2024052901033921,TVCL,49,3,100.0,444.5,44450.0,2024-05-29
2024052901033920,TVCL,62,3,200.0,444.6,88920.0,2024-05-29
2024052903013212,ICFC,71,58,10.0,511.0,5110.0,2024-05-29
2024052901033919,CYCL,71,58,10.0,1453.0,14530.0,2024-05-29
2024052903013211,MLBBL,42,39,10.0,1277.0,12770.0,2024-05-29
2024052901033918,SBL,42,40,10.0,255.0,2550.0,2024-05-29
2024052903013210,LBBL,40,18,37.0,384.0,14208.0,2024-05-29
2024052903013209,LBBL,40,59,10.0,383.9,3839.0,2024-05-29
2024052903013208,LBBL,40,16,150.0,383.5,57525.0,2024-05-29
2024052903013207,LBBL,40,43,100.0,383.0,38300.0,2024-05-29
2024052903013206,LBBL,40,35,53.0,383.0,20299.0,2024-05-29
2024052901033917,GCIL,38,40,10.0,498.1,4981.0,2024-05-29
2024052904010171,MEN,13,45,10.0,578.0,5780.0,2024-05-29
2024052904010170,MEN,13,34,40.0,577.0,23080.0,2024-05-29
2024052903013205,SFCL,41,7,10.0,337.0,3370.0,2024-05-29
2024052904010169,UNHPL,7,11,100.0,229.3,22930.0,2024-05-29
2024052904010168,UNHPL,7,1,100.0,228.0,22800.0,2024-05-29
2024052903013204,ICFC,57,58,10.0,511.0,5110.0,2024-05-29
2024052905005645,CHDC,57,49,100.0,910.0,91000.0,2024-05-29
2024052905005644,NRN,50,45,10.0,577.0,5770.0,2024-05-29
2024052903013203,NFS,50,66,10.0,506.0,5060.0,2024-05-29
2024052901033916,MSHL,50,58,10.0,665.0,6650.0,2024-05-29
2024052901033915,NMB,61,77,25.0,199.0,4975.0,2024-05-29
2024052903013202,SHINE,14,54,387.0,395.0,152865.0,2024-05-29
2024052903013201,SHINE,14,58,13.0,395.0,5135.0,2024-05-29
2024052903013200,SHINE,14,41,100.0,395.0,39500.0,2024-05-29
2024052903013199,FMDBL,39,34,83.0,700.0,58100.0,2024-05-29
2024052903013198,FMDBL,39,62,20.0,700.0,14000.0,2024-05-29
2024052903013197,FMDBL,39,57,18.0,700.0,12600.0,2024-05-29
2024052903013196,FMDBL,39,34,96.0,700.0,67200.0,2024-05-29
2024052903013195,FMDBL,39,58,182.0,700.0,127400.0,2024-05-29
2024052903013194,FMDBL,39,38,100.0,700.0,70000.0,2024-05-29
2024052903013193,FMDBL,39,10,300.0,700.0,210000.0,2024-05-29
2024052903013192,FMDBL,39,58,10.0,700.0,7000.0,2024-05-29
2024052903013191,FMDBL,39,42,15.0,700.0,10500.0,2024-05-29
2024052903013190,FMDBL,39,58,50.0,699.9,34995.0,2024-05-29
2024052903013189,FMDBL,39,55,250.0,698.8,174700.0,2024-05-29
2024052903013188,FMDBL,39,8,500.0,698.6,349300.0,2024-05-29
2024052903013187,FMDBL,39,35,376.0,696.0,261696.0,2024-05-29
2024052903013186,CORBL,1,45,10.0,477.5,4775.0,2024-05-29
2024052904010167,MEN,16,34,10.0,577.0,5770.0,2024-05-29
2024052903013185,SABSL,29,38,36.0,950.0,34200.0,2024-05-29
2024052903013184,SABSL,29,6,21.0,945.0,19845.0,2024-05-29
2024052903013183,SABSL,29,38,50.0,945.0,47250.0,2024-05-29
2024052903013182,SABSL,29,54,93.0,944.6,87847.8,2024-05-29
2024052903013181,SABSL,29,38,100.0,940.0,94000.0,2024-05-29
2024052901033914,SARBTM,71,29,250.0,857.2,214300.0,2024-05-29
2024052901033913,SARBTM,91,29,100.0,857.3,85730.0,2024-05-29
2024052901033912,SARBTM,58,29,50.0,857.4,42870.0,2024-05-29
2024052901033911,SARBTM,62,29,100.0,857.4,85740.0,2024-05-29
2024052903013180,PFL,41,39,3891.0,781.0,3038871.0,2024-05-29
2024052903013179,PFL,41,25,2760.0,766.0,2114160.0,2024-05-29
2024052903013178,PFL,41,42,510.0,765.0,390150.0,2024-05-29
2024052903013177,PFL,41,28,424.0,765.0,324360.0,2024-05-29
2024052903013176,PFL,41,44,1491.0,695.0,1036245.0,2024-05-29
2024052903013175,PFL,41,80,308.0,683.4,210487.2,2024-05-29
2024052903013174,PFL,41,25,1000.0,683.4,683400.0,2024-05-29
2024052903013173,PFL,41,6,10.0,683.4,6834.0,2024-05-29
2024052903013172,PFL,41,78,500.0,683.4,341700.0,2024-05-29
2024052903013171,PFL,41,49,1000.0,683.4,683400.0,2024-05-29
2024052903013170,PFL,41,11,200.0,683.4,136680.0,2024-05-29
2024052903013169,PFL,41,16,75.0,683.4,51255.0,2024-05-29
2024052903013168,PFL,41,59,10.0,682.3,6823.0,2024-05-29
2024052903013167,PFL,41,74,100.0,682.0,68200.0,2024-05-29
2024052903013166,PFL,41,36,300.0,682.0,204600.0,2024-05-29
2024052903013165,PFL,41,1,100.0,682.0,68200.0,2024-05-29
2024052903013164,PFL,41,34,100.0,682.0,68200.0,2024-05-29
2024052903013163,PFL,41,32,89.0,682.0,60698.0,2024-05-29
2024052903013162,PFL,41,13,300.0,682.0,204600.0,2024-05-29
2024052903013161,PFL,41,26,200.0,682.0,136400.0,2024-05-29
2024052903013160,PFL,41,49,10.0,681.0,6810.0,2024-05-29
2024052903013159,PFL,41,41,300.0,681.0,204300.0,2024-05-29
2024052903013158,PFL,41,29,200.0,680.9,136180.0,2024-05-29
2024052903013157,PFL,41,48,22.0,680.0,14960.0,2024-05-29
2024052903013156,PFL,41,35,100.0,680.0,68000.0,2024-05-29
2024052904010166,NHPC,4,41,56.0,147.0,8232.0,2024-05-29
2024052904010165,NHPC,4,14,20.0,147.0,2940.0,2024-05-29
2024052904010164,NHPC,4,1,126.0,146.5,18459.0,2024-05-29
2024052904010163,NHPC,4,26,50.0,146.5,7325.0,2024-05-29
2024052904010162,NHPC,4,16,20.0,146.5,2930.0,2024-05-29
2024052904010161,NHPC,4,51,228.0,146.0,33288.0,2024-05-29
2024052901033910,JALPA,57,4,10.0,1435.0,14350.0,2024-05-29
2024052901033909,JALPA,16,4,89.0,1435.0,127715.0,2024-05-29
2024052903013155,PROFL,45,21,500.0,331.0,165500.0,2024-05-29
2024052903013154,PROFL,10,21,300.0,331.0,99300.0,2024-05-29
2024052901033908,NICA,38,22,20.0,414.0,8280.0,2024-05-29
2024052901033907,VLUCL,72,57,10.0,490.0,4900.0,2024-05-29
2024052903013153,NMLBBL,28,42,100.0,717.9,71790.0,2024-05-29
2024052903013152,NMLBBL,28,32,30.0,716.9,21507.0,2024-05-29
2024052903013151,NMLBBL,28,35,18.0,716.8,12902.4,2024-05-29
2024052903013150,EDBL,36,62,80.0,385.0,30800.0,2024-05-29
2024052903013149,EDBL,36,32,100.0,384.0,38400.0,2024-05-29
2024052903013148,EDBL,36,55,470.0,380.0,178600.0,2024-05-29
2024052903013147,EDBL,36,42,150.0,380.0,57000.0,2024-05-29
2024052904010160,RIDI,18,46,10.0,172.0,1720.0,2024-05-29
2024052904010159,UPCL,44,14,500.0,193.0,96500.0,2024-05-29
2024052904010158,NICL,61,44,43.0,841.0,36163.0,2024-05-29
2024052904010157,NICL,21,44,57.0,842.0,47994.0,2024-05-29
2024052904010156,RURU,42,58,20.0,604.5,12090.0,2024-05-29
2024052904010155,GHL,6,35,180.0,148.5,26730.0,2024-05-29
2024052904010154,GHL,6,40,225.0,148.5,33412.5,2024-05-29
2024052903013146,MPFL,34,14,10.0,440.0,4400.0,2024-05-29
2024052903013145,MPFL,34,47,100.0,439.0,43900.0,2024-05-29
2024052901033906,TAMOR,3,8,10.0,378.0,3780.0,2024-05-29
2024052901033905,TAMOR,3,42,10.0,378.0,3780.0,2024-05-29
2024052901033904,TAMOR,3,94,10.0,377.5,3775.0,2024-05-29
2024052901033903,NRM,71,19,110.0,382.9,42119.0,2024-05-29
2024052901033902,SONA,36,65,250.0,456.1,114025.0,2024-05-29
2024052901033901,SONA,26,65,250.0,456.2,114050.0,2024-05-29
2024052905005643,NTC,57,8,10.0,842.0,8420.0,2024-05-29
2024052901033900,NWCL,33,51,280.0,835.0,233800.0,2024-05-29
2024052901033899,NWCL,33,45,25.0,835.0,20875.0,2024-05-29
2024052901033898,NWCL,33,21,10.0,835.0,8350.0,2024-05-29
2024052901033897,NWCL,33,42,10.0,835.0,8350.0,2024-05-29
2024052901033896,NWCL,33,41,75.0,835.0,62625.0,2024-05-29
2024052901033895,NWCL,33,21,100.0,834.5,83450.0,2024-05-29
2024052903013144,GBLBS,33,46,25.0,752.8,18820.0,2024-05-29
2024052903013143,GBLBS,33,38,15.0,752.0,11280.0,2024-05-29
2024052903013142,GBLBS,33,38,10.0,751.9,7519.0,2024-05-29
2024052904010153,CGH,45,50,20.0,890.0,17800.0,2024-05-29
2024052901033894,SCB,45,95,380.0,559.6,212648.0,2024-05-29
2024052901033893,DORDI,14,45,20.0,414.0,8280.0,2024-05-29
2024052904010152,KPCL,77,34,50.0,429.9,21495.0,2024-05-29
2024052904010151,KPCL,77,38,50.0,429.0,21450.0,2024-05-29
2024052901033892,NMB,53,77,1643.0,198.0,325314.0,2024-05-29
2024052901033891,NMB,19,77,15.0,198.1,2971.5,2024-05-29
2024052903013141,WNLB,25,32,10.0,1398.0,13980.0,2024-05-29
2024052901033890,SGHC,55,32,10.0,324.0,3240.0,2024-05-29
2024052901033889,MSHL,49,58,10.0,665.0,6650.0,2024-05-29
2024052901033888,SMH,60,62,10.0,700.0,7000.0,2024-05-29
2024052904010150,SPDL,85,49,10.0,237.8,2378.0,2024-05-29
2024052903013140,NMFBS,45,22,88.0,1299.0,114312.0,2024-05-29
2024052903013139,GMFIL,89,36,10.0,387.0,3870.0,2024-05-29
2024052904010149,OHL,49,45,10.0,782.0,7820.0,2024-05-29
2024052903013138,ILBS,44,51,100.0,1350.0,135000.0,2024-05-29
2024052903013137,FOWAD,45,19,12.0,1243.8,14925.6,2024-05-29
2024052903013136,NUBL,38,57,10.0,667.0,6670.0,2024-05-29
2024052903013135,FMDBL,58,35,24.0,696.0,16704.0,2024-05-29
2024052903013134,FMDBL,58,35,500.0,696.0,348000.0,2024-05-29
2024052903013133,FMDBL,58,6,168.0,696.0,116928.0,2024-05-29
2024052903013132,FMDBL,58,8,500.0,695.9,347950.0,2024-05-29
2024052903013131,FMDBL,58,35,200.0,695.0,139000.0,2024-05-29
2024052903013130,FMDBL,58,65,200.0,695.0,139000.0,2024-05-29
2024052903013129,FMDBL,58,22,100.0,695.0,69500.0,2024-05-29
2024052903013128,FMDBL,58,67,100.0,695.0,69500.0,2024-05-29
2024052903013127,FMDBL,58,4,40.0,695.0,27800.0,2024-05-29
2024052903013126,FMDBL,58,46,300.0,694.9,208470.0,2024-05-29
2024052903013125,FMDBL,58,21,470.0,693.0,325710.0,2024-05-29
2024052903013124,FMDBL,58,56,271.0,693.0,187803.0,2024-05-29
2024052903013123,FMDBL,58,8,127.0,692.9,87998.3,2024-05-29
2024052901033887,EHPL,19,38,70.0,518.0,36260.0,2024-05-29
2024052901033886,EHPL,20,38,430.0,518.2,222826.0,2024-05-29
2024052901033885,MSHL,58,58,10.0,665.0,6650.0,2024-05-29
2024052903013122,FMDBL,58,8,800.0,692.9,554320.0,2024-05-29
2024052903013121,FMDBL,58,35,200.0,692.0,138400.0,2024-05-29
2024052903013120,ICFC,34,58,20.0,511.0,10220.0,2024-05-29
2024052903013119,BFC,62,57,10.0,404.9,4049.0,2024-05-29
2024052904010148,NLG,56,35,10.0,765.0,7650.0,2024-05-29
2024052903013118,MSLB,52,59,10.0,1226.0,12260.0,2024-05-29
2024052903013117,MSLB,54,59,20.0,1226.0,24520.0,2024-05-29
2024052903013116,MSLB,29,59,10.0,1226.0,12260.0,2024-05-29
2024052903013115,SJLIC,57,5,10.0,418.0,4180.0,2024-05-29
2024052903013114,USLB,33,45,10.0,2050.0,20500.0,2024-05-29
2024052903013113,USLB,33,7,30.0,2040.0,61200.0,2024-05-29
2024052901033884,MKHC,41,33,200.0,314.6,62920.0,2024-05-29
2024052901033883,SONA,50,45,500.0,456.9,228450.0,2024-05-29
2024052903013112,GUFL,43,42,35.0,669.9,23446.5,2024-05-29
2024052904010147,BARUN,55,48,40.0,231.2,9248.0,2024-05-29
2024052904010146,BARUN,58,48,10.0,231.3,2313.0,2024-05-29
2024052904010145,BARUN,48,48,50.0,231.3,11565.0,2024-05-29
2024052904010144,BARUN,48,48,50.0,231.3,11565.0,2024-05-29
2024052904010143,BARUN,25,48,50.0,231.4,11570.0,2024-05-29
2024052901033882,MCHL,52,19,12.0,383.0,4596.0,2024-05-29
2024052903013111,PFL,35,49,85.0,668.0,56780.0,2024-05-29
2024052903013110,PFL,7,49,50.0,670.0,33500.0,2024-05-29
2024052903013109,PFL,17,49,115.0,670.0,77050.0,2024-05-29
2024052903013108,SJLIC,52,5,10.0,418.0,4180.0,2024-05-29
2024052904010142,CGH,45,41,35.0,890.0,31150.0,2024-05-29
2024052901033881,NICA,85,4,300.0,415.0,124500.0,2024-05-29
2024052901033880,NABIL,22,19,154.0,489.0,75306.0,2024-05-29
2024052901033879,NABIL,22,58,46.0,489.0,22494.0,2024-05-29
2024052903013107,SIFC,45,57,10.0,415.0,4150.0,2024-05-29
2024052903013106,CFCL,60,44,160.0,380.0,60800.0,2024-05-29
2024052903013105,CFCL,45,44,90.0,380.0,34200.0,2024-05-29
2024052903013104,NLIC,13,44,90.0,607.5,54675.0,2024-05-29
2024052901033878,BNHC,28,6,600.0,587.0,352200.0,2024-05-29
2024052901033877,SARBTM,38,8,150.0,859.0,128850.0,2024-05-29
2024052905005642,HRL,51,38,20.0,578.1,11562.0,2024-05-29
2024052903013103,NABBC,65,22,180.0,635.0,114300.0,2024-05-29
2024052901033876,BHL,13,56,20.0,328.0,6560.0,2024-05-29
2024052901033875,BHL,13,38,10.0,326.0,3260.0,2024-05-29
2024052901033874,NIMB,56,4,300.0,165.0,49500.0,2024-05-29
2024052901033873,RHGCL,69,19,10.0,355.0,3550.0,2024-05-29
2024052901033872,RHGCL,69,17,40.0,355.0,14200.0,2024-05-29
2024052901033871,RHGCL,69,34,88.0,355.0,31240.0,2024-05-29
2024052901033870,RHGCL,69,49,10.0,355.0,3550.0,2024-05-29
2024052901033869,RHGCL,69,33,455.0,355.0,161525.0,2024-05-29
2024052901033868,RHGCL,69,74,20.0,354.9,7098.0,2024-05-29
2024052901033867,RHGCL,69,65,2500.0,353.0,882500.0,2024-05-29
2024052901033866,RHGCL,69,74,200.0,352.9,70580.0,2024-05-29
2024052904010141,IGI,37,32,68.0,535.0,36380.0,2024-05-29
2024052904010140,IGI,13,32,150.0,535.0,80250.0,2024-05-29
2024052904010139,IGI,56,32,300.0,535.0,160500.0,2024-05-29
2024052904010138,IGI,58,32,150.0,535.0,80250.0,2024-05-29
2024052904010137,IGI,11,32,100.0,535.1,53510.0,2024-05-29
2024052904010136,IGI,58,32,200.0,535.1,107020.0,2024-05-29
2024052904010135,IGI,8,32,182.0,535.5,97461.0,2024-05-29
2024052904010134,IGI,22,32,30.0,535.6,16068.0,2024-05-29
2024052904010133,SHPC,44,49,1000.0,332.0,332000.0,2024-05-29
2024052905005641,NIFRA,26,45,200.0,201.8,40360.0,2024-05-29
2024052901033865,SANIMA,82,21,83.0,261.0,21663.0,2024-05-29
2024052903013102,GUFL,47,42,61.0,669.9,40863.9,2024-05-29
2024052903013101,GUFL,47,37,200.0,669.8,133960.0,2024-05-29
2024052903013100,GUFL,47,42,295.0,668.0,197060.0,2024-05-29
2024052903013099,GUFL,47,57,200.0,667.0,133400.0,2024-05-29
2024052903013098,GUFL,47,58,100.0,666.3,66630.0,2024-05-29
2024052903013097,GUFL,47,67,144.0,666.3,95947.2,2024-05-29
2024052901033864,SMHL,18,65,20.0,528.0,10560.0,2024-05-29
2024052904010132,PPCL,45,35,10.0,231.0,2310.0,2024-05-29
2024052903013096,LLBS,44,57,10.0,1085.0,10850.0,2024-05-29
2024052904010131,AKJCL,6,22,50.0,204.9,10245.0,2024-05-29
2024052901033863,SMHL,49,65,50.0,528.0,26400.0,2024-05-29
2024052904010130,NGPL,58,45,1500.0,302.0,453000.0,2024-05-29
2024052904010129,NGPL,58,42,36.0,302.0,10872.0,2024-05-29
2024052901033862,RNLI,10,34,157.0,429.0,67353.0,2024-05-29
2024052901033861,RNLI,49,34,49.0,429.0,21021.0,2024-05-29
2024052901033860,RNLI,35,34,10.0,429.0,4290.0,2024-05-29
2024052901033859,RNLI,8,34,284.0,429.0,121836.0,2024-05-29
2024052901033858,IHL,4,7,200.0,393.0,78600.0,2024-05-29
2024052901033857,MKCL,49,13,50.0,1011.0,50550.0,2024-05-29
2024052903013095,SINDU,14,48,10.0,379.8,3798.0,2024-05-29
2024052901033856,MEHL,39,19,10.0,322.0,3220.0,2024-05-29
2024052905005640,NRN,66,55,23.0,576.0,13248.0,2024-05-29
2024052905005639,NRN,80,55,300.0,576.0,172800.0,2024-05-29
2024052905005638,NRN,62,55,177.0,576.0,101952.0,2024-05-29
2024052903013094,JFL,88,11,25.0,548.7,13717.5,2024-05-29
2024052903013093,SINDU,48,48,10.0,379.8,3798.0,2024-05-29
2024052903013092,SFCL,48,35,20.0,338.0,6760.0,2024-05-29
2024052901033855,NMB,1,77,100.0,199.0,19900.0,2024-05-29
2024052903013091,BFC,49,37,200.0,404.8,80960.0,2024-05-29
2024052903013090,BFC,49,58,100.0,404.8,40480.0,2024-05-29
2024052903013089,SJLIC,41,41,50.0,414.4,20720.0,2024-05-29
2024052901033854,SPC,60,19,10.0,528.0,5280.0,2024-05-29
2024052904010128,IGI,45,17,50.0,536.0,26800.0,2024-05-29
2024052903013088,GRDBL,19,45,500.0,424.0,212000.0,2024-05-29
2024052903013087,GRDBL,59,45,459.0,424.0,194616.0,2024-05-29
2024052905005637,NRN,57,45,100.0,577.0,57700.0,2024-05-29
2024052903013086,FOWAD,45,57,30.0,1244.0,37320.0,2024-05-29
2024052903013085,FOWAD,45,7,20.0,1243.9,24878.0,2024-05-29
2024052901033853,KBL,45,29,3550.0,146.0,518300.0,2024-05-29
2024052901033852,KBL,45,54,1450.0,145.9,211555.0,2024-05-29
2024052903013084,VLBS,45,60,400.0,937.0,374800.0,2024-05-29
2024052903013083,VLBS,45,60,90.0,937.0,84330.0,2024-05-29
2024052903013082,VLBS,45,17,20.0,935.0,18700.0,2024-05-29
2024052903013081,VLBS,45,13,70.0,930.0,65100.0,2024-05-29
2024052903013080,VLBS,45,45,10.0,930.0,9300.0,2024-05-29
2024052903013079,VLBS,45,46,30.0,929.0,27870.0,2024-05-29
2024052903013078,VLBS,45,21,25.0,926.0,23150.0,2024-05-29
2024052903013077,VLBS,45,11,15.0,924.9,13873.5,2024-05-29
2024052903013076,VLBS,45,50,34.0,922.5,31365.0,2024-05-29
2024052901033851,LSL,11,45,10.0,163.5,1635.0,2024-05-29
2024052901033850,CITY,38,45,10.0,670.9,6709.0,2024-05-29
2024052901033849,BEDC,38,14,10.0,379.0,3790.0,2024-05-29
2024052901033848,BEDC,38,14,10.0,378.0,3780.0,2024-05-29
2024052901033847,BEDC,38,57,10.0,378.0,3780.0,2024-05-29
2024052901033846,BEDC,38,58,10.0,376.9,3769.0,2024-05-29
2024052901033845,BEDC,38,32,200.0,375.0,75000.0,2024-05-29
2024052901033844,BEDC,38,57,90.0,375.0,33750.0,2024-05-29
2024052904010127,UAIL,13,58,50.0,575.1,28755.0,2024-05-29
2024052901033843,MKCL,49,58,10.0,1011.0,10110.0,2024-05-29
2024052901033842,GBIME,45,34,200.0,187.0,37400.0,2024-05-29
2024052905005636,CHDC,39,49,100.0,910.0,91000.0,2024-05-29
2024052901033841,AVYAN,55,32,110.0,830.0,91300.0,2024-05-29
2024052901033840,AVYAN,33,32,30.0,830.1,24903.0,2024-05-29
2024052901033839,AVYAN,42,32,10.0,833.0,8330.0,2024-05-29
2024052903013075,NMLBBL,7,32,328.0,716.0,234848.0,2024-05-29
2024052903013074,MFIL,42,49,100.0,499.8,49980.0,2024-05-29
2024052901033838,MEL,16,62,180.0,225.9,40662.0,2024-05-29
2024052901033837,MEL,16,44,10.0,225.5,2255.0,2024-05-29
2024052903013073,NLIC,13,41,200.0,607.5,121500.0,2024-05-29
2024052901033836,AHL,32,51,35.0,455.1,15928.5,2024-05-29
2024052901033835,AHL,32,51,15.0,455.2,6828.0,2024-05-29
2024052901033834,KBL,34,4,2121.0,145.6,308817.6,2024-05-29
2024052903013072,NABBC,63,22,20.0,636.4,12728.0,2024-05-29
2024052903013071,NABBC,62,22,800.0,636.4,509120.0,2024-05-29
2024052903013070,SFCL,5,35,10.0,338.0,3380.0,2024-05-29
2024052904010126,UMHL,36,16,10.0,235.0,2350.0,2024-05-29
2024052901033833,MBJC,6,46,10.0,297.5,2975.0,2024-05-29
2024052903013069,NFS,25,58,150.0,505.2,75780.0,2024-05-29
2024052901033832,MCHL,35,62,20.0,379.0,7580.0,2024-05-29
2024052901033831,MCHL,44,62,270.0,379.1,102357.0,2024-05-29
2024052901033830,MCHL,57,62,100.0,379.2,37920.0,2024-05-29
2024052901033829,MCHL,58,62,10.0,382.9,3829.0,2024-05-29
2024052905005635,HRL,34,29,20.0,579.0,11580.0,2024-05-29
2024052905005634,HRL,34,52,30.0,578.1,17343.0,2024-05-29
2024052901033828,PCBL,42,46,442.0,204.0,90168.0,2024-05-29
2024052901033827,PCBL,38,46,58.0,204.0,11832.0,2024-05-29
2024052901033826,PCBL,21,46,1400.0,204.5,286300.0,2024-05-29
2024052901033825,SHIVM,53,45,91.0,502.0,45682.0,2024-05-29
2024052901033824,BNHC,42,52,10.0,588.0,5880.0,2024-05-29
2024052903013068,GUFL,16,39,230.0,660.0,151800.0,2024-05-29
2024052903013067,GUFL,46,39,20.0,666.0,13320.0,2024-05-29
2024052901033823,ILI,1,21,20.0,447.0,8940.0,2024-05-29
2024052904010125,SHEL,34,49,625.0,160.0,100000.0,2024-05-29
2024052904010124,SHEL,16,49,200.0,160.1,32020.0,2024-05-29
2024052904010123,SHEL,40,49,175.0,160.1,28017.5,2024-05-29
2024052903013066,SINDU,45,41,60.0,375.0,22500.0,2024-05-29
2024052901033822,MHL,65,21,30.0,450.0,13500.0,2024-05-29
2024052904010122,RURU,36,56,10.0,607.0,6070.0,2024-05-29
2024052903013065,MFIL,45,59,10.0,501.0,5010.0,2024-05-29
2024052903013064,MFIL,45,58,25.0,500.0,12500.0,2024-05-29
2024052903013063,MFIL,45,44,10.0,500.0,5000.0,2024-05-29
2024052903013062,NFS,25,38,47.0,505.2,23744.4,2024-05-29
2024052903013061,NFS,67,38,200.0,505.3,101060.0,2024-05-29
2024052903013060,NFS,50,38,53.0,505.4,26786.2,2024-05-29
2024052901033821,SARBTM,38,8,50.0,859.0,42950.0,2024-05-29
2024052903013059,NABBC,62,77,100.0,636.4,63640.0,2024-05-29
2024052903013058,NABBC,62,51,100.0,636.0,63600.0,2024-05-29
2024052903013057,CFCL,45,34,910.0,380.0,345800.0,2024-05-29
2024052903013056,CFCL,47,34,90.0,380.0,34200.0,2024-05-29
2024052901033820,BHPL,35,35,10.0,579.0,5790.0,2024-05-29
2024052903013055,SADBL,56,78,10.0,314.8,3148.0,2024-05-29
2024052901033819,VLUCL,22,57,20.0,488.0,9760.0,2024-05-29
2024052901033818,VLUCL,52,57,180.0,489.0,88020.0,2024-05-29
2024052901033817,PRVU,6,57,300.0,148.6,44580.0,2024-05-29
2024052901033816,PRVU,26,57,100.0,148.6,14860.0,2024-05-29
2024052903013054,MLBSL,85,37,10.0,1870.0,18700.0,2024-05-29
2024052904010121,RURU,42,42,230.0,604.5,139035.0,2024-05-29
2024052901033815,SMHL,49,42,50.0,528.0,26400.0,2024-05-29
2024052903013053,MNBBL,13,49,90.0,348.0,31320.0,2024-05-29
2024052903013052,MNBBL,49,49,10.0,348.4,3484.0,2024-05-29
2024052904010120,CGH,45,49,100.0,890.0,89000.0,2024-05-29
2024052903013051,NFS,50,72,247.0,505.4,124833.8,2024-05-29
2024052903013050,NFS,45,72,500.0,506.0,253000.0,2024-05-29
2024052903013049,NFS,43,72,165.0,506.0,83490.0,2024-05-29
2024052903013048,NFS,1,72,10.0,506.0,5060.0,2024-05-29
2024052903013047,NFS,51,72,25.0,506.0,12650.0,2024-05-29
2024052903013046,NFS,50,72,53.0,506.1,26823.3,2024-05-29
2024052904010119,JOSHI,38,21,150.0,303.0,45450.0,2024-05-29
2024052904010118,JOSHI,38,57,200.0,302.9,60580.0,2024-05-29
2024052904010117,GHL,57,40,175.0,148.5,25987.5,2024-05-29
2024052904010116,GHL,44,40,100.0,148.5,14850.0,2024-05-29
2024052903013045,GILB,62,64,362.0,1279.9,463323.8,2024-05-29
2024052903013044,GILB,62,38,17.0,1279.4,21749.8,2024-05-29
2024052903013043,GILB,62,62,100.0,1277.9,127790.0,2024-05-29
2024052903013042,GILB,62,65,21.0,1277.8,26833.8,2024-05-29
2024052901033814,GVL,7,14,10.0,435.0,4350.0,2024-05-29
2024052903013041,CORBL,14,45,10.0,477.5,4775.0,2024-05-29
2024052904010115,BPCL,52,11,50.0,297.7,14885.0,2024-05-29
2024052901033813,DOLTI,50,45,111.0,406.0,45066.0,2024-05-29
2024052901033812,DOLTI,47,45,80.0,406.0,32480.0,2024-05-29
2024052901033811,DOLTI,56,45,10.0,407.0,4070.0,2024-05-29
2024052901033810,DOLTI,43,45,70.0,407.0,28490.0,2024-05-29
2024052901033809,NMBD87/88,6,47,50.0,990.0,49500.0,2024-05-29
2024052903013040,FMDBL,90,38,384.0,690.0,264960.0,2024-05-29
2024052903013039,FMDBL,17,38,50.0,690.0,34500.0,2024-05-29
2024052903013038,FMDBL,64,38,200.0,690.0,138000.0,2024-05-29
2024052903013037,FMDBL,22,38,40.0,690.0,27600.0,2024-05-29
2024052903013036,FMDBL,6,38,50.0,690.0,34500.0,2024-05-29
2024052903013035,FMDBL,48,38,50.0,690.0,34500.0,2024-05-29
2024052903013034,FMDBL,33,38,200.0,690.0,138000.0,2024-05-29
2024052903013033,FMDBL,33,38,50.0,690.0,34500.0,2024-05-29
2024052903013032,FMDBL,60,38,10.0,690.0,6900.0,2024-05-29
2024052903013031,FMDBL,55,38,100.0,690.1,69010.0,2024-05-29
2024052903013030,FMDBL,62,38,30.0,690.1,20703.0,2024-05-29
2024052903013029,FMDBL,62,38,500.0,690.2,345100.0,2024-05-29
2024052903013028,FMDBL,32,38,10.0,690.2,6902.0,2024-05-29
2024052903013027,FMDBL,62,38,50.0,690.4,34520.0,2024-05-29
2024052903013026,FMDBL,32,38,200.0,691.0,138200.0,2024-05-29
2024052903013025,FMDBL,38,38,10.0,691.0,6910.0,2024-05-29
2024052903013024,FMDBL,34,38,46.0,691.0,31786.0,2024-05-29
2024052903013023,FMDBL,14,38,20.0,692.0,13840.0,2024-05-29
2024052901033808,ULBSL,38,38,10.0,1798.0,17980.0,2024-05-29
2024052904010114,UPPER,17,62,627.0,164.5,103141.5,2024-05-29
2024052904010113,UPPER,48,62,13.0,164.5,2138.5,2024-05-29
2024052904010112,UPPER,32,62,10.0,164.5,1645.0,2024-05-29
2024052904010111,UPPER,4,62,50.0,164.5,8225.0,2024-05-29
2024052904010110,UPPER,44,62,1000.0,164.5,164500.0,2024-05-29
2024052904010109,UPPER,58,62,300.0,164.5,49350.0,2024-05-29
2024052904010108,UPPER,8,62,2000.0,164.5,329000.0,2024-05-29
2024052904010107,TRH,34,19,10.0,771.9,7719.0,2024-05-29
2024052904010106,TRH,34,62,120.0,771.9,92628.0,2024-05-29
2024052904010105,TRH,34,42,170.0,771.0,131070.0,2024-05-29
2024052903013022,HLBSL,38,35,10.0,1192.0,11920.0,2024-05-29
2024052904010104,SHEL,40,57,25.0,160.1,4002.5,2024-05-29
2024052904010103,SHEL,21,57,50.0,160.5,8025.0,2024-05-29
2024052904010102,MEN,33,42,120.0,575.0,69000.0,2024-05-29
2024052904010101,MEN,16,42,20.0,575.1,11502.0,2024-05-29
2024052904010100,MEN,22,42,10.0,576.0,5760.0,2024-05-29
2024052901033807,NMB,48,77,20.0,199.0,3980.0,2024-05-29
2024052901033806,MKCL,49,6,40.0,1010.0,40400.0,2024-05-29
2024052901033805,MKCL,49,57,20.0,1010.0,20200.0,2024-05-29
2024052901033804,HATHY,5,49,14.0,913.0,12782.0,2024-05-29
2024052903013021,SLBSL,91,38,10.0,1175.0,11750.0,2024-05-29
2024052901033803,HDL,58,17,27.0,1330.0,35910.0,2024-05-29
2024052901033802,HDL,40,17,13.0,1330.5,17296.5,2024-05-29
2024052904010099,HURJA,86,44,160.0,282.2,45152.0,2024-05-29
2024052904010098,HURJA,72,44,100.0,282.2,28220.0,2024-05-29
2024052904010097,HURJA,66,44,200.0,282.3,56460.0,2024-05-29
2024052903013020,NMLBBL,19,35,47.0,716.8,33689.6,2024-05-29
2024052903013019,WNLB,57,59,50.0,1399.0,69950.0,2024-05-29
2024052905005633,HIDCL,38,59,140.0,167.0,23380.0,2024-05-29
2024052905005632,HIDCL,38,59,100.0,167.0,16700.0,2024-05-29
2024052905005631,HIDCL,88,59,300.0,167.0,50100.0,2024-05-29
2024052904010096,HEI,89,58,110.0,605.0,66550.0,2024-05-29
2024052904010095,UMRH,34,58,18.0,360.0,6480.0,2024-05-29
2024052903013018,NABBC,35,77,50.0,636.4,31820.0,2024-05-29
2024052903013017,NABBC,35,3,549.0,636.4,349383.6,2024-05-29
2024052903013016,NABBC,35,22,25.0,636.4,15910.0,2024-05-29
2024052903013015,NABBC,35,14,10.0,636.0,6360.0,2024-05-29
2024052903013014,NABBC,35,71,20.0,635.0,12700.0,2024-05-29
2024052903013013,NABBC,35,17,346.0,635.0,219710.0,2024-05-29
2024052905005630,CIT,52,50,140.0,2136.1,299054.0,2024-05-29
2024052905005629,CIT,4,50,10.0,2136.2,21362.0,2024-05-29
2024052905005628,CIT,7,50,10.0,2136.3,21363.0,2024-05-29
2024052903013012,NLICL,37,71,10.0,552.8,5528.0,2024-05-29
2024052901033801,NABIL,33,58,50.0,489.0,24450.0,2024-05-29
2024052901033800,MHL,65,14,250.0,450.0,112500.0,2024-05-29
2024052901033799,NRM,54,43,70.0,378.4,26488.0,2024-05-29
2024052901033798,NRM,44,43,50.0,378.5,18925.0,2024-05-29
2024052901033797,NRM,58,43,10.0,380.0,3800.0,2024-05-29
2024052901033796,NRM,58,43,20.0,380.0,7600.0,2024-05-29
2024052901033795,NRM,22,43,50.0,381.0,19050.0,2024-05-29
2024052901033794,NBL,37,48,200.0,216.5,43300.0,2024-05-29
2024052901033793,SHLB,62,5,10.0,1688.3,16883.0,2024-05-29
2024052901033792,SHLB,36,5,10.0,1688.3,16883.0,2024-05-29
2024052903013011,MLBL,33,38,18.0,325.1,5851.8,2024-05-29
2024052903013010,MERO,45,40,272.0,662.2,180118.4,2024-05-29
2024052903013009,MERO,38,40,96.0,662.3,63580.8,2024-05-29
2024052903013008,MERO,28,40,40.0,667.0,26680.0,2024-05-29
2024052903013007,JSLBB,34,1,10.0,1320.0,13200.0,2024-05-29
2024052901033791,LSL,11,35,50.0,163.5,8175.0,2024-05-29
2024052901033790,SPL,6,58,110.0,691.0,76010.0,2024-05-29
2024052903013006,GLBSL,14,45,10.0,1865.0,18650.0,2024-05-29
2024052901033789,NRM,14,19,10.0,382.9,3829.0,2024-05-29
2024052901033788,BNHC,28,48,680.0,587.0,399160.0,2024-05-29
2024052901033787,BNHC,35,48,70.0,588.0,41160.0,2024-05-29
2024052901033786,BNHC,36,48,50.0,588.0,29400.0,2024-05-29
2024052903013005,CBBL,26,35,100.0,849.0,84900.0,2024-05-29
2024052901033785,GBIME,45,41,1147.0,187.0,214489.0,2024-05-29
2024052903013004,GBLBS,61,22,11.0,745.0,8195.0,2024-05-29
2024052903013003,PFL,17,36,385.0,670.0,257950.0,2024-05-29
2024052903013002,PFL,44,36,25.0,670.0,16750.0,2024-05-29
2024052903013001,PFL,44,53,50.0,670.0,33500.0,2024-05-29
2024052901033784,GCIL,38,44,61.0,498.1,30384.1,2024-05-29
2024052904010094,API,44,57,28.0,172.0,4816.0,2024-05-29
2024052904010093,API,44,57,315.0,171.5,54022.5,2024-05-29
2024052904010092,API,44,38,40.0,171.0,6840.0,2024-05-29
2024052904010091,API,44,22,13.0,171.0,2223.0,2024-05-29
2024052904010090,API,44,32,250.0,171.0,42750.0,2024-05-29
2024052904010089,API,44,6,96.0,171.0,16416.0,2024-05-29
2024052904010088,API,44,14,50.0,170.0,8500.0,2024-05-29
2024052904010087,API,44,25,90.0,170.0,15300.0,2024-05-29
2024052901033783,HATHY,65,34,20.0,915.9,18318.0,2024-05-29
2024052901033782,HATHY,65,38,30.0,915.0,27450.0,2024-05-29
2024052901033781,HATHY,65,52,245.0,915.0,224175.0,2024-05-29
2024052901033780,HATHY,65,58,10.0,915.0,9150.0,2024-05-29
2024052901033779,HATHY,65,6,11.0,915.0,10065.0,2024-05-29
2024052901033778,HATHY,65,28,50.0,913.0,45650.0,2024-05-29
2024052901033777,HATHY,65,72,134.0,913.0,122342.0,2024-05-29
2024052901033776,SNLI,26,54,20.0,468.1,9362.0,2024-05-29
2024052904010086,GHL,44,6,400.0,148.5,59400.0,2024-05-29
2024052905005627,PSF,38,4,21342.0,9.39,200401.38,2024-05-29
2024052901033775,HDL,40,7,50.0,1330.5,66525.0,2024-05-29
2024052903013000,CFCL,56,19,120.0,381.0,45720.0,2024-05-29
2024052903012999,CFCL,56,34,80.0,381.0,30480.0,2024-05-29
2024052904010085,RIDI,57,46,10.0,172.0,1720.0,2024-05-29
2024052904010084,RIDI,41,46,100.0,172.0,17200.0,2024-05-29
2024052901033774,SARBTM,39,8,244.0,859.0,209596.0,2024-05-29
2024052903012998,PFL,35,8,11.0,668.0,7348.0,2024-05-29
2024052901033773,MKHL,40,42,300.0,419.5,125850.0,2024-05-29
2024052901033772,MKHL,55,42,50.0,419.5,20975.0,2024-05-29
2024052904010083,BPCL,58,11,40.0,297.7,11908.0,2024-05-29
2024052901033771,NABIL,11,58,50.0,489.0,24450.0,2024-05-29
2024052904010082,MEN,16,45,40.0,578.0,23120.0,2024-05-29
2024052904010081,MEN,16,33,50.0,577.0,28850.0,2024-05-29
2024052904010080,MEN,16,14,20.0,577.0,11540.0,2024-05-29
2024052901033770,MEL,75,16,10.0,225.0,2250.0,2024-05-29
2024052901033769,BHPL,39,66,20.0,570.0,11400.0,2024-05-29
2024052903012997,CFCL,47,29,410.0,380.0,155800.0,2024-05-29
2024052903012996,CFCL,22,29,100.0,380.1,38010.0,2024-05-29
2024052903012995,CFCL,21,29,200.0,380.2,76040.0,2024-05-29
2024052903012994,CFCL,16,29,290.0,380.3,110287.0,2024-05-29
2024052901033768,NICA,38,4,54.0,414.0,22356.0,2024-05-29
2024052904010079,SPIL,36,72,10.0,780.0,7800.0,2024-05-29
2024052901033767,ULBSL,38,45,10.0,1780.0,17800.0,2024-05-29
2024052905005626,HIDCL,88,74,500.0,167.0,83500.0,2024-05-29
2024052901033766,ULHC,62,57,10.0,363.0,3630.0,2024-05-29
2024052904010078,NGPL,58,42,264.0,302.0,79728.0,2024-05-29
2024052904010077,NGPL,58,57,620.0,302.0,187240.0,2024-05-29
2024052904010076,NGPL,58,67,16.0,301.9,4830.4,2024-05-29
2024052901033765,KBSH,58,4,10.0,1123.0,11230.0,2024-05-29
2024052903012993,MLBBL,58,25,100.0,1270.0,127000.0,2024-05-29
2024052903012992,MLBBL,58,61,10.0,1270.0,12700.0,2024-05-29
2024052903012991,MLBBL,58,22,10.0,1270.0,12700.0,2024-05-29
2024052903012990,MLBBL,58,5,80.0,1270.0,101600.0,2024-05-29
2024052903012989,RLFL,4,58,500.0,395.0,197500.0,2024-05-29
2024052901033764,SBI,34,32,1000.0,301.9,301900.0,2024-05-29
2024052905005625,HRL,16,52,20.0,578.1,11562.0,2024-05-29
2024052901033763,VLUCL,52,41,300.0,489.0,146700.0,2024-05-29
2024052903012988,ALICL,34,41,200.0,576.5,115300.0,2024-05-29
2024052904010075,SHL,47,4,100.0,446.0,44600.0,2024-05-29
2024052901033762,NMB,47,77,500.0,199.0,99500.0,2024-05-29
2024052901033761,RNLI,8,71,100.0,429.0,42900.0,2024-05-29
2024052903012987,PMLI,13,45,100.0,500.1,50010.0,2024-05-29
2024052901033760,NABIL,45,58,154.0,489.0,75306.0,2024-05-29
2024052901033759,NABIL,45,56,146.0,489.0,71394.0,2024-05-29
2024052904010074,NHPC,45,51,40.0,146.0,5840.0,2024-05-29
2024052905005624,CHDC,59,49,286.0,910.0,260260.0,2024-05-29
2024052905005623,CHDC,59,58,20.0,910.0,18200.0,2024-05-29
2024052905005622,CHDC,59,57,40.0,910.0,36400.0,2024-05-29
2024052905005621,CHDC,59,34,154.0,910.0,140140.0,2024-05-29
2024052904010073,KKHC,34,16,10.0,221.0,2210.0,2024-05-29
2024052904010072,GLH,50,35,35.0,205.0,7175.0,2024-05-29
2024052901033758,SARBTM,39,57,106.0,859.0,91054.0,2024-05-29
2024052901033757,SARBTM,70,57,74.0,859.0,63566.0,2024-05-29
2024052905005620,NRIC,42,14,10.0,666.0,6660.0,2024-05-29
2024052904010071,UPPER,4,5,213.0,164.6,35059.8,2024-05-29
2024052904010070,UPPER,58,5,287.0,164.6,47240.2,2024-05-29
2024052904010069,RHPL,83,17,18.0,268.2,4827.6,2024-05-29
2024052901033756,BNHC,36,71,400.0,588.0,235200.0,2024-05-29
2024052903012986,FMDBL,34,6,300.0,691.0,207300.0,2024-05-29
2024052901033755,SARBTM,70,38,66.0,859.0,56694.0,2024-05-29
2024052901033754,SARBTM,56,38,24.0,860.0,20640.0,2024-05-29
2024052901033753,TPC,38,32,10.0,503.0,5030.0,2024-05-29
2024052903012985,VLBS,37,14,200.0,922.3,184460.0,2024-05-29
2024052901033752,SONA,42,51,15.0,457.7,6865.5,2024-05-29
2024052901033751,SONA,42,48,185.0,457.7,84674.5,2024-05-29
2024052901033750,CLI,57,48,10.0,469.5,4695.0,2024-05-29
2024052903012984,CFCL,16,4,40.0,380.3,15212.0,2024-05-29
2024052903012983,CFCL,17,4,200.0,380.4,76080.0,2024-05-29
2024052903012982,CFCL,43,4,50.0,380.4,19020.0,2024-05-29
2024052903012981,CFCL,21,4,50.0,380.4,19020.0,2024-05-29
2024052904010068,MEN,22,35,10.0,576.0,5760.0,2024-05-29
2024052901033749,SHIVM,57,45,11.0,502.0,5522.0,2024-05-29
2024052901033748,NWCL,38,3,10.0,833.0,8330.0,2024-05-29
2024052901033747,NWCL,38,48,20.0,833.0,16660.0,2024-05-29
2024052901033746,HATHY,32,38,22.0,912.0,20064.0,2024-05-29
2024052903012980,HLI,52,7,74.0,395.0,29230.0,2024-05-29
2024052903012979,HLI,42,7,25.0,395.0,9875.0,2024-05-29
2024052903012978,HLI,6,7,100.0,395.0,39500.0,2024-05-29
2024052903012977,HLI,6,7,10.0,395.0,3950.0,2024-05-29
2024052903012976,HLI,38,7,50.0,395.0,19750.0,2024-05-29
2024052903012975,HLI,7,7,40.0,395.0,15800.0,2024-05-29
2024052903012974,HLI,37,7,10.0,395.0,3950.0,2024-05-29
2024052903012973,HLI,56,7,50.0,395.0,19750.0,2024-05-29
2024052903012972,HLI,17,7,200.0,395.0,79000.0,2024-05-29
2024052903012971,HLI,90,7,300.0,395.0,118500.0,2024-05-29
2024052903012970,HLI,58,7,20.0,395.0,7900.0,2024-05-29
2024052903012969,HLI,17,7,200.0,395.0,79000.0,2024-05-29
2024052903012968,HLI,34,7,240.0,395.0,94800.0,2024-05-29
2024052903012967,HLI,74,7,50.0,395.0,19750.0,2024-05-29
2024052903012966,HLI,34,7,30.0,395.0,11850.0,2024-05-29
2024052903012965,HLI,47,7,100.0,395.0,39500.0,2024-05-29
2024052903012964,HLI,10,7,300.0,395.1,118530.0,2024-05-29
2024052903012963,HLI,88,7,21.0,395.1,8297.1,2024-05-29
2024052901033745,HBL,45,10,519.0,194.7,101049.3,2024-05-29
2024052901033744,HBL,49,10,20.0,194.7,3894.0,2024-05-29
2024052901033743,HBL,26,10,10.0,194.7,1947.0,2024-05-29
2024052901033742,HBL,49,10,30.0,194.8,5844.0,2024-05-29
2024052901033741,NBL,37,56,54.0,216.5,11691.0,2024-05-29
2024052904010067,NGPL,67,67,1984.0,301.9,598969.6,2024-05-29
2024052904010066,NGPL,67,17,16.0,301.0,4816.0,2024-05-29
2024052901033740,RNLI,8,14,172.0,429.0,73788.0,2024-05-29
2024052901033739,RNLI,45,14,25.0,429.0,10725.0,2024-05-29
2024052901033738,CZBIL,45,57,196.0,175.0,34300.0,2024-05-29
2024052901033737,NICA,38,39,20.0,414.0,8280.0,2024-05-29
2024052901033736,NICA,34,39,100.0,414.1,41410.0,2024-05-29
2024052904010065,BARUN,41,48,100.0,232.0,23200.0,2024-05-29
2024052904010064,CGH,16,58,25.0,892.0,22300.0,2024-05-29
2024052903012962,NMLBBL,7,49,172.0,716.0,123152.0,2024-05-29
2024052903012961,NMLBBL,58,49,43.0,716.0,30788.0,2024-05-29
2024052904010063,KPCL,50,21,110.0,426.0,46860.0,2024-05-29
2024052904010062,KPCL,51,21,50.0,426.0,21300.0,2024-05-29
2024052904010061,KPCL,56,21,50.0,426.1,21305.0,2024-05-29
2024052901033735,IHL,21,34,10.0,394.0,3940.0,2024-05-29
2024052901033734,ILI,22,4,50.0,444.0,22200.0,2024-05-29
2024052901033733,SONA,36,36,202.0,456.1,92132.2,2024-05-29
2024052901033732,SONA,4,36,268.0,456.1,122234.8,2024-05-29
2024052901033731,SONA,26,36,260.0,456.2,118612.0,2024-05-29
2024052901033730,SONA,25,36,20.0,456.3,9126.0,2024-05-29
2024052901033729,SONA,22,36,200.0,457.0,91400.0,2024-05-29
2024052901033728,SONA,34,36,50.0,457.0,22850.0,2024-05-29
2024052903012960,ALBSL,76,45,200.0,963.2,192640.0,2024-05-29
2024052904010060,UMRH,38,55,100.0,361.0,36100.0,2024-05-29
2024052901033727,ULHC,62,45,500.0,363.0,181500.0,2024-05-29
2024052905005619,NTC,44,38,30.0,842.0,25260.0,2024-05-29
2024052903012959,HLI,88,45,350.0,395.1,138285.0,2024-05-29
2024052903012958,HLI,42,45,150.0,395.5,59325.0,2024-05-29
2024052901033726,SARBTM,56,34,108.0,860.0,92880.0,2024-05-29
2024052903012957,GUFL,16,40,88.0,660.0,58080.0,2024-05-29
2024052903012956,GUFL,58,40,20.0,660.0,13200.0,2024-05-29
2024052903012955,GUFL,38,40,25.0,660.0,16500.0,2024-05-29
2024052903012954,GUFL,17,40,117.0,660.0,77220.0,2024-05-29
2024052901033725,NIMB,42,34,500.0,164.5,82250.0,2024-05-29
2024052901033724,NIMB,64,34,500.0,164.5,82250.0,2024-05-29
2024052903012953,FMDBL,34,94,154.0,691.0,106414.0,2024-05-29
2024052903012952,FMDBL,40,94,50.0,691.0,34550.0,2024-05-29
2024052903012951,FMDBL,14,94,20.0,691.0,13820.0,2024-05-29
2024052903012950,FMDBL,62,94,50.0,691.1,34555.0,2024-05-29
2024052903012949,FMDBL,74,94,606.0,691.1,418806.6,2024-05-29
2024052903012948,FMDBL,62,94,50.0,691.3,34565.0,2024-05-29
2024052903012947,FMDBL,62,94,50.0,691.3,34565.0,2024-05-29
2024052903012946,FMDBL,49,94,10.0,691.3,6913.0,2024-05-29
2024052903012945,FMDBL,32,94,10.0,691.4,6914.0,2024-05-29
2024052901033723,HATHY,32,57,22.0,912.0,20064.0,2024-05-29
2024052903012944,SJLIC,41,48,450.0,414.3,186435.0,2024-05-29
2024052903012943,SJLIC,49,48,20.0,414.4,8288.0,2024-05-29
2024052903012942,SJLIC,22,48,10.0,415.0,4150.0,2024-05-29
2024052903012941,SJLIC,58,48,20.0,415.0,8300.0,2024-05-29
2024052903012940,NMBMF,1,57,30.0,663.0,19890.0,2024-05-29
2024052903012939,NMBMF,1,1,20.0,663.0,13260.0,2024-05-29
2024052901033722,GCIL,38,58,11.0,498.1,5479.1,2024-05-29
2024052903012938,SDLBSL,21,29,200.0,907.0,181400.0,2024-05-29
2024052903012937,GLBSL,58,29,20.0,1842.3,36846.0,2024-05-29
2024052903012936,GMFIL,89,45,290.0,387.0,112230.0,2024-05-29
2024052904010059,SHEL,21,91,150.0,160.5,24075.0,2024-05-29
2024052901033721,RNLI,22,7,11.0,429.4,4723.4,2024-05-29
2024052904010058,HPPL,47,84,25.0,254.0,6350.0,2024-05-29
2024052905005618,CHDC,17,34,46.0,910.0,41860.0,2024-05-29
2024052905005617,CHDC,17,71,48.0,910.0,43680.0,2024-05-29
2024052905005616,CHDC,17,28,100.0,909.9,90990.0,2024-05-29
2024052905005615,CHDC,17,52,500.0,909.5,454750.0,2024-05-29
2024052905005614,CHDC,17,10,10.0,908.5,9085.0,2024-05-29
2024052905005613,CHDC,17,8,200.0,908.5,181700.0,2024-05-29
2024052905005612,CHDC,17,8,96.0,908.5,87216.0,2024-05-29
2024052905005611,HIDCL,25,42,158.0,168.0,26544.0,2024-05-29
2024052905005610,HIDCL,25,55,182.0,168.0,30576.0,2024-05-29
2024052905005609,HIDCL,25,43,200.0,167.9,33580.0,2024-05-29
2024052904010057,NGPL,17,17,17.0,301.0,5117.0,2024-05-29
2024052904010056,SICL,44,41,15.0,715.0,10725.0,2024-05-29
2024052904010055,SICL,44,25,20.0,715.0,14300.0,2024-05-29
2024052904010054,SICL,44,6,69.0,715.0,49335.0,2024-05-29
2024052903012935,GILB,62,65,79.0,1277.8,100946.2,2024-05-29
2024052903012934,GILB,62,41,21.0,1275.0,26775.0,2024-05-29
2024052903012933,GILB,62,62,90.0,1275.0,114750.0,2024-05-29
2024052903012932,GILB,62,62,20.0,1274.9,25498.0,2024-05-29
2024052903012931,GILB,62,52,180.0,1274.0,229320.0,2024-05-29
2024052903012930,GILB,62,29,100.0,1274.0,127400.0,2024-05-29
2024052903012929,GILB,62,62,10.0,1274.0,12740.0,2024-05-29
2024052901033720,VLUCL,52,38,20.0,489.0,9780.0,2024-05-29
2024052901033719,VLUCL,45,38,30.0,489.0,14670.0,2024-05-29
2024052901033718,DLBS,49,45,84.0,1190.0,99960.0,2024-05-29
2024052901033717,DLBS,77,45,10.0,1190.0,11900.0,2024-05-29
2024052901033716,DLBS,58,45,10.0,1190.0,11900.0,2024-05-29
2024052901033715,DLBS,35,45,28.0,1190.0,33320.0,2024-05-29
2024052901033714,BHPL,35,35,35.0,579.0,20265.0,2024-05-29
2024052901033713,BHPL,35,66,20.0,575.0,11500.0,2024-05-29
2024052901033712,BHPL,35,47,10.0,575.0,5750.0,2024-05-29
2024052901033711,BHPL,35,41,10.0,574.4,5744.0,2024-05-29
2024052901033710,BHPL,35,42,25.0,574.0,14350.0,2024-05-29
2024052901033709,NBL,37,41,580.0,216.5,125570.0,2024-05-29
2024052901033708,BNHC,36,34,10.0,588.0,5880.0,2024-05-29
2024052904010053,AHPC,58,14,200.0,161.4,32280.0,2024-05-29
2024052904010052,AHPC,26,14,400.0,161.4,64560.0,2024-05-29
2024052904010051,AHPC,37,14,965.0,161.4,155751.0,2024-05-29
2024052901033707,MEHL,39,8,10.0,323.0,3230.0,2024-05-29
2024052901033706,NMB,53,77,745.0,198.0,147510.0,2024-05-29
2024052901033705,NMB,65,77,200.0,198.0,39600.0,2024-05-29
2024052901033704,NMB,46,77,15.0,198.0,2970.0,2024-05-29
2024052901033703,NMB,50,77,1000.0,198.0,198000.0,2024-05-29
2024052901033702,NMB,38,77,20.0,198.1,3962.0,2024-05-29
2024052901033701,NMB,41,77,1000.0,198.1,198100.0,2024-05-29
2024052901033700,NMB,38,77,20.0,198.2,3964.0,2024-05-29
2024052901033699,RFPL,43,50,200.0,361.0,72200.0,2024-05-29
2024052901033698,CYCL,44,43,167.0,1445.0,241315.0,2024-05-29
2024052901033697,CYCL,39,43,20.0,1445.1,28902.0,2024-05-29
2024052901033696,MHL,42,21,20.0,450.1,9002.0,2024-05-29
2024052904010050,HEI,89,4,200.0,605.0,121000.0,2024-05-29
2024052904010049,CGH,5,58,50.0,892.0,44600.0,2024-05-29
2024052901033695,MKHC,5,65,10.0,314.9,3149.0,2024-05-29
2024052903012928,GFCL,52,62,50.0,452.0,22600.0,2024-05-29
2024052903012927,GFCL,34,62,140.0,452.1,63294.0,2024-05-29
2024052901033694,MKCL,38,57,50.0,1010.0,50500.0,2024-05-29
2024052901033693,JBLB,38,38,38.0,1371.0,52098.0,2024-05-29
2024052901033692,AVYAN,74,13,100.0,835.0,83500.0,2024-05-29
2024052901033691,AVYAN,50,13,50.0,835.0,41750.0,2024-05-29
2024052901033690,AVYAN,18,13,200.0,835.0,167000.0,2024-05-29
2024052901033689,AVYAN,7,13,10.0,835.1,8351.0,2024-05-29
2024052901033688,AVYAN,25,13,30.0,836.0,25080.0,2024-05-29
2024052901033687,AVYAN,52,13,10.0,837.0,8370.0,2024-05-29
2024052901033686,HATHY,32,59,300.0,912.0,273600.0,2024-05-29
2024052901033685,MEL,75,42,750.0,225.0,168750.0,2024-05-29
2024052904010048,MEN,16,42,1480.0,575.1,851148.0,2024-05-29
2024052904010047,MEN,16,42,1880.0,575.1,1081188.0,2024-05-29
2024052904010046,MEN,81,42,500.0,575.2,287600.0,2024-05-29
2024052904010045,MEN,16,42,2000.0,575.3,1150600.0,2024-05-29
2024052904010044,MEN,22,42,50.0,575.7,28785.0,2024-05-29
2024052904010043,MEN,57,42,90.0,575.8,51822.0,2024-05-29
2024052901033684,NWCL,16,48,180.0,833.0,149940.0,2024-05-29
2024052901033683,NWCL,16,45,10.0,833.0,8330.0,2024-05-29
2024052901033682,NWCL,16,34,10.0,832.0,8320.0,2024-05-29
2024052901033681,SMJC,82,16,208.0,375.0,78000.0,2024-05-29
2024052901033680,MCHL,58,19,10.0,383.0,3830.0,2024-05-29
2024052901033679,SARBTM,58,34,20.0,860.0,17200.0,2024-05-29
2024052901033678,AVYAN,66,32,10.0,840.0,8400.0,2024-05-29
2024052904010042,SGIC,57,29,30.0,535.1,16053.0,2024-05-29
2024052904010041,SGIC,52,29,100.0,535.2,53520.0,2024-05-29
2024052904010040,SGIC,54,29,40.0,535.2,21408.0,2024-05-29
2024052904010039,SGIC,20,29,10.0,535.4,5354.0,2024-05-29
2024052904010038,SGIC,44,29,20.0,535.5,10710.0,2024-05-29
2024052904010037,SPIL,36,7,18.0,779.0,14022.0,2024-05-29
2024052904010036,IGI,22,38,70.0,535.6,37492.0,2024-05-29
2024052904010035,UAIL,38,16,100.0,577.0,57700.0,2024-05-29
2024052901033677,GVL,51,45,5.0,434.0,2170.0,2024-05-29
2024052901033676,GVL,51,45,10.0,434.0,4340.0,2024-05-29
2024052901033675,GVL,58,45,10.0,434.0,4340.0,2024-05-29
2024052901033674,TPC,25,45,14.0,500.0,7000.0,2024-05-29
2024052901033673,SCB,33,77,50.0,560.0,28000.0,2024-05-29
2024052901033672,NABIL,37,56,240.0,489.0,117360.0,2024-05-29
2024052901033671,HDL,40,11,17.0,1330.5,22618.5,2024-05-29
2024052901033670,HDL,32,11,23.0,1330.5,30601.5,2024-05-29
2024052901033669,ULBSL,66,32,10.0,1776.0,17760.0,2024-05-29
2024052901033668,KBL,58,54,20.0,145.9,2918.0,2024-05-29
2024052901033667,TVCL,58,16,355.0,445.0,157975.0,2024-05-29
2024052901033666,DLBS,58,25,10.0,1194.0,11940.0,2024-05-29
2024052903012926,PFL,35,72,10.0,668.0,6680.0,2024-05-29
2024052901033665,LSL,7,22,139.0,164.0,22796.0,2024-05-29
2024052901033664,LSL,7,37,350.0,163.9,57365.0,2024-05-29
2024052901033663,LSL,7,49,11.0,163.6,1799.6,2024-05-29
2024052901033662,KBL,50,54,30.0,145.9,4377.0,2024-05-29
2024052903012925,VLBS,37,88,100.0,922.3,92230.0,2024-05-29
2024052901033661,MKJC,49,39,10.0,475.0,4750.0,2024-05-29
2024052901033660,MKJC,70,39,100.0,475.0,47500.0,2024-05-29
2024052901033659,MKJC,70,39,200.0,475.2,95040.0,2024-05-29
2024052901033658,MKJC,70,39,90.0,475.3,42777.0,2024-05-29
2024052901033657,SONA,34,57,100.0,457.0,45700.0,2024-05-29
2024052901033656,CITY,34,43,25.0,668.0,16700.0,2024-05-29
2024052903012924,ILBS,74,51,59.0,1350.0,79650.0,2024-05-29
2024052903012923,ILBS,74,29,200.0,1350.0,270000.0,2024-05-29
2024052903012922,ILBS,74,11,11.0,1350.0,14850.0,2024-05-29
2024052903012921,ILBS,74,50,19.0,1350.0,25650.0,2024-05-29
2024052903012920,ILBS,74,55,14.0,1350.0,18900.0,2024-05-29
2024052903012919,ILBS,74,17,17.0,1350.0,22950.0,2024-05-29
2024052903012918,ILBS,74,57,10.0,1347.0,13470.0,2024-05-29
2024052903012917,ILBS,74,57,10.0,1340.0,13400.0,2024-05-29
2024052903012916,ILBS,74,35,10.0,1340.0,13400.0,2024-05-29
2024052903012915,ILBS,74,11,19.0,1340.0,25460.0,2024-05-29
2024052903012914,ILBS,74,50,50.0,1340.0,67000.0,2024-05-29
2024052903012913,ILBS,74,75,75.0,1340.0,100500.0,2024-05-29
2024052903012912,ILBS,74,94,50.0,1339.0,66950.0,2024-05-29
2024052903012911,ILBS,74,57,10.0,1339.0,13390.0,2024-05-29
2024052903012910,ILBS,74,57,10.0,1338.0,13380.0,2024-05-29
2024052903012909,ILBS,74,68,137.0,1338.0,183306.0,2024-05-29
2024052903012908,ILBS,74,94,200.0,1335.0,267000.0,2024-05-29
2024052903012907,ILBS,74,54,72.0,1335.0,96120.0,2024-05-29
2024052903012906,ILBS,74,38,27.0,1330.0,35910.0,2024-05-29
2024052901033655,SHIVM,75,48,211.0,501.0,105711.0,2024-05-29
2024052901033654,SHIVM,22,48,50.0,501.0,25050.0,2024-05-29
2024052901033653,SHIVM,21,48,200.0,501.0,100200.0,2024-05-29
2024052901033652,SHIVM,13,48,21.0,501.0,10521.0,2024-05-29
2024052901033651,SHIVM,45,48,100.0,501.2,50120.0,2024-05-29
2024052901033650,SHIVM,81,48,68.0,501.2,34081.6,2024-05-29
2024052901033649,SHIVM,84,48,800.0,502.5,402000.0,2024-05-29
2024052905005608,HRL,52,29,290.0,579.0,167910.0,2024-05-29
2024052905005607,HRL,52,19,10.0,578.1,5781.0,2024-05-29
2024052901033648,PCBL,38,52,942.0,204.0,192168.0,2024-05-29
2024052901033647,PCBL,41,52,58.0,204.0,11832.0,2024-05-29
2024052903012905,MLBL,33,32,290.0,325.1,94279.0,2024-05-29
2024052903012904,MLBL,25,32,10.0,325.3,3253.0,2024-05-29
2024052905005606,STC,49,57,10.0,4420.0,44200.0,2024-05-29
2024052901033646,SAHAS,29,38,10.0,531.0,5310.0,2024-05-29
2024052901033645,SAHAS,29,45,10.0,530.0,5300.0,2024-05-29
2024052901033644,NABIL,22,56,50.0,489.0,24450.0,2024-05-29
2024052901033643,BHDC,17,45,493.0,567.9,279974.7,2024-05-29
2024052901033642,BHDC,17,17,10.0,567.8,5678.0,2024-05-29
2024052901033641,BHDC,17,45,497.0,567.8,282196.6,2024-05-29
2024052903012903,NMBMF,1,3,45.0,660.7,29731.5,2024-05-29
2024052903012902,NMBMF,45,3,50.0,660.7,33035.0,2024-05-29
2024052903012901,NMBMF,65,3,45.0,661.0,29745.0,2024-05-29
2024052901033640,TAMOR,3,54,10.0,377.0,3770.0,2024-05-29
2024052901033639,TAMOR,3,5,10.0,377.0,3770.0,2024-05-29
2024052901033638,TAMOR,3,49,10.0,377.0,3770.0,2024-05-29
2024052901033637,TAMOR,3,36,10.0,376.0,3760.0,2024-05-29
2024052901033636,TAMOR,3,21,10.0,376.0,3760.0,2024-05-29
2024052901033635,TAMOR,3,35,10.0,376.0,3760.0,2024-05-29
2024052901033634,TAMOR,3,42,10.0,376.0,3760.0,2024-05-29
2024052901033633,TAMOR,3,1,10.0,376.0,3760.0,2024-05-29
2024052901033632,CKHL,64,50,350.0,561.0,196350.0,2024-05-29
2024052901033631,CKHL,64,41,20.0,560.0,11200.0,2024-05-29
2024052901033630,CKHL,64,47,100.0,559.8,55980.0,2024-05-29
2024052901033629,CKHL,64,59,30.0,559.7,16791.0,2024-05-29
2024052903012900,GLBSL,38,45,10.0,1865.0,18650.0,2024-05-29
2024052905005605,PSF,38,4,25000.0,9.39,234750.0,2024-05-29
2024052904010034,UPPER,42,39,20.0,165.0,3300.0,2024-05-29
2024052903012899,KSBBL,44,52,100.0,377.8,37780.0,2024-05-29
2024052901033628,NIMB,32,4,300.0,165.0,49500.0,2024-05-29
2024052903012898,NLIC,13,58,100.0,607.5,60750.0,2024-05-29
2024052901033627,BHPL,42,58,10.0,570.0,5700.0,2024-05-29
2024052901033626,NYADI,49,47,20.0,291.0,5820.0,2024-05-29
2024052901033625,NYADI,49,42,10.0,291.0,2910.0,2024-05-29
2024052904010033,HEI,89,22,100.0,605.0,60500.0,2024-05-29
2024052904010032,HEI,89,58,90.0,605.0,54450.0,2024-05-29
2024052901033624,SPC,60,58,10.0,520.0,5200.0,2024-05-29
2024052905005604,SMATA,74,72,10.0,900.0,9000.0,2024-05-29
2024052905005603,SMATA,34,72,140.0,900.0,126000.0,2024-05-29
2024052904010031,RIDI,57,47,84.0,172.0,14448.0,2024-05-29
2024052901033623,EHPL,20,3,70.0,518.2,36274.0,2024-05-29
2024052901033622,EHPL,58,3,30.0,518.3,15549.0,2024-05-29
2024052904010030,MEN,10,35,10.0,576.0,5760.0,2024-05-29
2024052905005602,SMATA,34,59,360.0,900.0,324000.0,2024-05-29
2024052905005601,SMATA,36,59,50.0,900.0,45000.0,2024-05-29
2024052905005600,SMATA,36,59,50.0,903.0,45150.0,2024-05-29
2024052905005599,SMATA,58,59,40.0,905.0,36200.0,2024-05-29
2024052905005598,HRL,42,35,930.0,578.0,537540.0,2024-05-29
2024052905005597,HRL,49,35,70.0,578.1,40467.0,2024-05-29
2024052903012897,USLB,33,7,20.0,2040.0,40800.0,2024-05-29
2024052903012896,USLB,33,66,20.0,2039.0,40780.0,2024-05-29
2024052903012895,USLB,33,75,100.0,2038.9,203890.0,2024-05-29
2024052903012894,USLB,33,57,10.0,2038.0,20380.0,2024-05-29
2024052903012893,USLB,33,75,30.0,2038.0,61140.0,2024-05-29
2024052904010029,SHEL,35,91,100.0,160.5,16050.0,2024-05-29
2024052903012892,GFCL,34,35,27.0,452.1,12206.7,2024-05-29
2024052901033621,BNHC,36,55,10.0,588.0,5880.0,2024-05-29
2024052901033620,BGWT,65,58,15.0,759.2,11388.0,2024-05-29
2024052901033619,MKJC,42,58,48.0,476.0,22848.0,2024-05-29
2024052903012891,MLBL,63,17,10.0,326.0,3260.0,2024-05-29
2024052903012890,PFL,36,41,10.0,670.0,6700.0,2024-05-29
2024052904010028,SPIL,36,32,73.0,778.0,56794.0,2024-05-29
2024052903012889,SHINE,65,40,524.0,394.0,206456.0,2024-05-29
2024052903012888,SHINE,65,17,50.0,394.0,19700.0,2024-05-29
2024052903012887,SHINE,65,58,50.0,394.0,19700.0,2024-05-29
2024052903012886,SHINE,65,22,486.0,394.0,191484.0,2024-05-29
2024052903012885,SHINE,65,17,262.0,393.0,102966.0,2024-05-29
2024052903012884,GUFL,38,67,50.0,666.3,33315.0,2024-05-29
2024052904010027,NGPL,42,46,17.0,300.0,5100.0,2024-05-29
2024052904010026,NGPL,17,46,83.0,300.0,24900.0,2024-05-29
2024052905005596,HRL,49,40,10.0,578.1,5781.0,2024-05-29
2024052904010025,NHPC,14,51,10.0,146.0,1460.0,2024-05-29
2024052901033618,GBIME,45,57,332.0,187.0,62084.0,2024-05-29
2024052903012883,NICLBSL,34,66,10.0,660.0,6600.0,2024-05-29
2024052903012882,RSDC,26,91,772.0,669.0,516468.0,2024-05-29
2024052904010024,CGH,45,17,50.0,890.0,44500.0,2024-05-29
2024052904010023,CGH,38,17,20.0,890.1,17802.0,2024-05-29
2024052901033617,NBL,22,41,100.0,216.5,21650.0,2024-05-29
2024052903012881,SABSL,44,42,100.0,940.0,94000.0,2024-05-29
2024052904010022,UMHL,34,6,200.0,233.2,46640.0,2024-05-29
2024052904010021,CGH,7,58,30.0,892.0,26760.0,2024-05-29
2024052901033616,HATHY,32,45,110.0,912.0,100320.0,2024-05-29
2024052903012880,FOWAD,45,21,85.0,1243.8,105723.0,2024-05-29
2024052901033615,SBL,50,40,11.0,255.0,2805.0,2024-05-29
2024052903012879,CORBL,8,8,100.0,472.0,47200.0,2024-05-29
2024052901033614,NMB,39,77,100.0,199.0,19900.0,2024-05-29
2024052901033613,NMB,38,77,23.0,199.0,4577.0,2024-05-29
2024052905005595,CHDC,35,8,10.0,908.5,9085.0,2024-05-29
2024052904010020,UPPER,58,57,213.0,164.6,35059.8,2024-05-29
2024052904010019,UPPER,14,57,1000.0,164.6,164600.0,2024-05-29
2024052904010018,UPPER,50,57,100.0,164.7,16470.0,2024-05-29
2024052904010017,UPPER,6,57,10.0,164.7,1647.0,2024-05-29
2024052904010016,UPPER,70,57,420.0,164.7,69174.0,2024-05-29
2024052904010015,UPPER,77,57,17.0,164.8,2801.6,2024-05-29
2024052901033612,VLUCL,54,57,200.0,489.0,97800.0,2024-05-29
2024052901033611,SONA,26,57,240.0,456.2,109488.0,2024-05-29
2024052901033610,SONA,38,57,10.0,456.2,4562.0,2024-05-29
2024052904010014,HPPL,57,84,225.0,254.0,57150.0,2024-05-29
2024052904010013,NIL,13,48,16.0,798.0,12768.0,2024-05-29
2024052904010012,NIL,18,48,84.0,801.0,67284.0,2024-05-29
2024052901033609,UHEWA,32,49,12.0,394.8,4737.6,2024-05-29
2024052901033608,UHEWA,32,3,10.0,391.0,3910.0,2024-05-29
2024052901033607,UHEWA,32,57,300.0,390.6,117180.0,2024-05-29
2024052901033606,UHEWA,32,6,60.0,390.1,23406.0,2024-05-29
2024052901033605,UHEWA,32,34,10.0,390.0,3900.0,2024-05-29
2024052901033604,UHEWA,32,57,500.0,389.0,194500.0,2024-05-29
2024052901033603,UHEWA,32,49,333.0,388.0,129204.0,2024-05-29
2024052901033602,UHEWA,32,57,55.0,387.9,21334.5,2024-05-29
2024052901033601,UHEWA,32,49,10.0,387.0,3870.0,2024-05-29
2024052901033600,UHEWA,32,55,200.0,385.0,77000.0,2024-05-29
2024052901033599,UHEWA,32,19,10.0,385.0,3850.0,2024-05-29
2024052903012878,VLBS,58,50,10.0,922.5,9225.0,2024-05-29
2024052904010011,MEN,58,35,10.0,576.0,5760.0,2024-05-29
2024052904010010,API,38,25,14.0,170.0,2380.0,2024-05-29
2024052901033598,SHIVM,84,54,100.0,502.5,50250.0,2024-05-29
2024052905005594,NRN,62,57,50.0,576.0,28800.0,2024-05-29
2024052905005593,NRN,62,60,350.0,576.0,201600.0,2024-05-29
2024052901033597,MCHL,19,37,10.0,383.0,3830.0,2024-05-29
2024052901033596,IHL,4,7,160.0,393.0,62880.0,2024-05-29
2024052901033595,IHL,29,7,340.0,393.0,133620.0,2024-05-29
2024052901033594,NABIL,13,56,50.0,489.0,24450.0,2024-05-29
2024052901033593,NABIL,29,56,14.0,489.0,6846.0,2024-05-29
2024052903012877,SADBL,58,49,20.0,314.0,6280.0,2024-05-29
2024052903012876,SADBL,56,49,277.0,314.0,86978.0,2024-05-29
2024052901033592,NMB,38,77,77.0,199.0,15323.0,2024-05-29
2024052901033591,NMB,53,77,500.0,199.0,99500.0,2024-05-29
2024052901033590,NMB,58,77,100.0,199.0,19900.0,2024-05-29
2024052901033589,NMB,14,77,30.0,199.0,5970.0,2024-05-29
2024052901033588,NMB,14,77,500.0,199.0,99500.0,2024-05-29
2024052901033587,NMB,29,77,100.0,199.0,19900.0,2024-05-29
2024052901033586,NMB,53,77,693.0,199.0,137907.0,2024-05-29
2024052904010009,HPPL,39,16,100.0,255.0,25500.0,2024-05-29
2024052901033585,MMKJL,35,90,40.0,434.9,17396.0,2024-05-29
2024052901033584,MMKJL,35,44,50.0,434.9,21745.0,2024-05-29
2024052901033583,MMKJL,35,43,10.0,434.9,4349.0,2024-05-29
2024052901033582,MMKJL,35,35,10.0,434.0,4340.0,2024-05-29
2024052903012875,MLBBL,53,57,23.0,1255.0,28865.0,2024-05-29
2024052901033581,ILI,42,4,50.0,444.0,22200.0,2024-05-29
2024052901033580,NABIL,29,32,86.0,489.0,42054.0,2024-05-29
2024052901033579,NABIL,51,32,20.0,489.0,9780.0,2024-05-29
2024052901033578,NABIL,42,32,20.0,489.0,9780.0,2024-05-29
2024052901033577,NABIL,32,32,14.0,489.0,6846.0,2024-05-29
2024052901033576,NABIL,49,32,30.0,489.0,14670.0,2024-05-29
2024052901033575,NABIL,6,32,100.0,489.0,48900.0,2024-05-29
2024052901033574,NABIL,86,32,30.0,489.0,14670.0,2024-05-29
2024052903012874,RSDC,44,28,50.0,668.0,33400.0,2024-05-29
2024052903012873,RSDC,55,28,50.0,668.0,33400.0,2024-05-29
2024052903012872,RSDC,58,28,50.0,668.9,33445.0,2024-05-29
2024052904010008,CHL,35,51,50.0,321.0,16050.0,2024-05-29
2024052901033573,BHL,21,45,40.0,325.0,13000.0,2024-05-29
2024052901033572,BHL,48,45,70.0,325.1,22757.0,2024-05-29
2024052901033571,BHL,17,45,10.0,326.0,3260.0,2024-05-29
2024052901033570,BHL,48,45,50.0,326.0,16300.0,2024-05-29
2024052901033569,BHL,11,45,30.0,326.0,9780.0,2024-05-29
2024052901033568,SMJC,82,57,200.0,375.0,75000.0,2024-05-29
2024052904010007,API,38,34,10.0,170.0,1700.0,2024-05-29
2024052903012871,MFIL,42,44,80.0,500.0,40000.0,2024-05-29
2024052904010006,SPDL,42,72,400.0,237.4,94960.0,2024-05-29
2024052904010005,SPDL,6,72,500.0,237.5,118750.0,2024-05-29
2024052904010004,SPDL,55,72,100.0,237.8,23780.0,2024-05-29
2024052901033567,NBL,5,41,10.0,216.5,2165.0,2024-05-29
2024052901033566,NBL,5,17,30.0,216.5,6495.0,2024-05-29
2024052901033565,SHLB,36,5,20.0,1688.3,33766.0,2024-05-29
2024052901033564,SHLB,54,5,20.0,1688.4,33768.0,2024-05-29
2024052901033563,SANIMA,82,36,593.0,261.0,154773.0,2024-05-29
2024052901033562,SANIMA,32,36,87.0,261.1,22715.7,2024-05-29
2024052901033561,NICA,38,36,290.0,414.0,120060.0,2024-05-29
2024052903012870,SIFC,62,64,180.0,413.0,74340.0,2024-05-29
2024052905005592,HRL,49,41,10.0,578.1,5781.0,2024-05-29
2024052901033560,CITY,58,45,100.0,670.9,67090.0,2024-05-29
2024052903012869,NLIC,13,25,60.0,607.5,36450.0,2024-05-29
2024052901033559,PCBL,58,7,1000.0,204.1,204100.0,2024-05-29
2024052901033558,SCB,7,77,10.0,560.0,5600.0,2024-05-29
2024052903012868,NFS,50,38,247.0,506.1,125006.7,2024-05-29
2024052903012867,NFS,49,38,78.0,506.2,39483.6,2024-05-29
2024052903012866,NFS,50,38,20.0,506.3,10126.0,2024-05-29
2024052903012865,NFS,36,38,155.0,506.3,78476.5,2024-05-29
2024052901033557,MKCL,56,57,10.0,1010.0,10100.0,2024-05-29
2024052905005591,NRN,74,49,446.0,575.0,256450.0,2024-05-29
2024052905005590,NRN,64,49,1000.0,575.0,575000.0,2024-05-29
2024052903012864,GMFIL,59,45,10.0,387.0,3870.0,2024-05-29
2024052903012863,NMFBS,45,53,12.0,1299.0,15588.0,2024-05-29
2024052905005589,NRIC,53,55,20.0,663.0,13260.0,2024-05-29
2024052905005588,NRIC,47,55,50.0,663.1,33155.0,2024-05-29
2024052901033556,SHIVM,84,55,100.0,502.0,50200.0,2024-05-29
2024052901033555,MKCL,48,57,20.0,1010.0,20200.0,2024-05-29
2024052901033554,MKCL,48,19,10.0,1010.0,10100.0,2024-05-29
2024052901033553,MKCL,48,48,10.0,1010.0,10100.0,2024-05-29
2024052901033552,MKCL,48,55,10.0,1010.0,10100.0,2024-05-29
2024052901033551,SMJC,82,49,40.0,375.0,15000.0,2024-05-29
2024052901033550,SMJC,82,58,52.0,375.0,19500.0,2024-05-29
2024052901033549,NBL,84,42,34.0,216.1,7347.4,2024-05-29
2024052901033548,NBL,43,42,400.0,216.1,86440.0,2024-05-29
2024052901033547,NBL,43,42,400.0,216.2,86480.0,2024-05-29
2024052901033546,NBL,57,42,150.0,216.2,32430.0,2024-05-29
2024052901033545,NBL,42,42,220.0,216.4,47608.0,2024-05-29
2024052904010003,DHPL,42,42,10.0,193.0,1930.0,2024-05-29
2024052901033544,NWCL,94,21,10.0,831.0,8310.0,2024-05-29
2024052901033543,SPHL,60,35,94.0,495.0,46530.0,2024-05-29
2024052901033542,SPHL,60,3,106.0,495.0,52470.0,2024-05-29
2024052901033541,SPHL,60,17,200.0,494.0,98800.0,2024-05-29
2024052901033540,SCB,51,77,100.0,560.0,56000.0,2024-05-29
2024052901033539,LSL,11,17,40.0,163.5,6540.0,2024-05-29
2024052901033538,NABIL,86,47,350.0,489.0,171150.0,2024-05-29
2024052903012862,RLFL,4,22,20.0,395.0,7900.0,2024-05-29
2024052903012861,GILB,58,62,10.0,1274.0,12740.0,2024-05-29
2024052901033537,HATHY,32,19,22.0,912.0,20064.0,2024-05-29
2024052901033536,UNLB,6,16,10.0,1979.0,19790.0,2024-05-29
2024052905005587,BBC,42,49,10.0,3846.0,38460.0,2024-05-29
2024052905005586,HIDCL,49,43,300.0,167.9,50370.0,2024-05-29
2024052901033535,PRVU,18,59,200.0,148.8,29760.0,2024-05-29
2024052901033534,PRVU,28,59,29.0,148.8,4315.2,2024-05-29
2024052901033533,PRVU,35,59,20.0,148.8,2976.0,2024-05-29
2024052901033532,MBL,39,7,21.0,180.0,3780.0,2024-05-29
2024052903012860,PFL,35,33,180.0,668.0,120240.0,2024-05-29
2024052901033531,SARBTM,34,34,23.0,860.0,19780.0,2024-05-29
2024052901033530,SARBTM,59,34,100.0,860.0,86000.0,2024-05-29
2024052901033529,SARBTM,58,34,50.0,860.0,43000.0,2024-05-29
2024052901033528,SARBTM,26,34,30.0,860.0,25800.0,2024-05-29
2024052901033527,SARBTM,11,34,76.0,860.0,65360.0,2024-05-29
2024052901033526,SARBTM,38,34,25.0,860.1,21502.5,2024-05-29
2024052901033525,SARBTM,41,34,100.0,861.0,86100.0,2024-05-29
2024052901033524,SARBTM,42,34,35.0,861.0,30135.0,2024-05-29
2024052901033523,NICA,38,34,90.0,414.0,37260.0,2024-05-29
2024052901033522,NICA,57,34,240.0,414.0,99360.0,2024-05-29
2024052901033521,NICA,85,34,670.0,414.0,277380.0,2024-05-29
2024052903012859,KSBBL,44,42,250.0,377.8,94450.0,2024-05-29
2024052901033520,MKHL,55,42,150.0,419.5,62925.0,2024-05-29
2024052901033519,MHCL,42,8,20.0,383.0,7660.0,2024-05-29
2024052903012858,SIFC,62,66,180.0,413.0,74340.0,2024-05-29
2024052903012857,SIFC,8,66,20.0,413.1,8262.0,2024-05-29
2024052903012856,SIFC,52,66,100.0,414.0,41400.0,2024-05-29
2024052903012855,WNLB,14,32,29.0,1403.0,40687.0,2024-05-29
2024052901033518,MEHL,1,85,991.0,314.6,311768.6,2024-05-29
2024052901033517,MEHL,34,85,10.0,314.6,3146.0,2024-05-29
2024052901033516,MEHL,56,85,1000.0,314.8,314800.0,2024-05-29
2024052901033515,MEHL,34,85,10.0,315.0,3150.0,2024-05-29
2024052901033514,MEHL,3,85,10.0,315.0,3150.0,2024-05-29
2024052901033513,MEHL,10,85,50.0,315.0,15750.0,2024-05-29
2024052901033512,MEHL,45,85,50.0,315.0,15750.0,2024-05-29
2024052901033511,MEHL,87,85,315.0,315.0,99225.0,2024-05-29
2024052901033510,MEHL,58,85,100.0,316.0,31600.0,2024-05-29
2024052901033509,MEHL,29,85,56.0,316.5,17724.0,2024-05-29
2024052901033508,MEHL,56,85,1000.0,316.7,316700.0,2024-05-29
2024052901033507,MEHL,49,85,103.0,316.8,32630.4,2024-05-29
2024052901033506,MEHL,42,85,50.0,317.0,15850.0,2024-05-29
2024052901033505,MEHL,26,85,50.0,318.0,15900.0,2024-05-29
2024052901033504,MEHL,38,85,50.0,318.0,15900.0,2024-05-29
2024052901033503,MEHL,14,85,400.0,318.0,127200.0,2024-05-29
2024052901033502,MEHL,32,85,20.0,318.0,6360.0,2024-05-29
2024052901033501,MEHL,49,85,50.0,318.1,15905.0,2024-05-29
2024052901033500,MEHL,36,85,100.0,318.2,31820.0,2024-05-29
2024052901033499,MEHL,6,85,50.0,318.7,15935.0,2024-05-29
2024052901033498,MEHL,41,85,300.0,319.1,95730.0,2024-05-29
2024052901033497,MEHL,7,85,10.0,320.0,3200.0,2024-05-29
2024052901033496,MEHL,7,85,30.0,320.0,9600.0,2024-05-29
2024052901033495,MEHL,56,85,1000.0,320.0,320000.0,2024-05-29
2024052901033494,MEHL,52,85,100.0,321.0,32100.0,2024-05-29
2024052901033493,MEHL,20,85,145.0,322.0,46690.0,2024-05-29
2024052901033492,MEHL,39,85,200.0,322.1,64420.0,2024-05-29
2024052901033491,SMHL,49,21,50.0,528.0,26400.0,2024-05-29
2024052901033490,NWCL,94,4,200.0,831.0,166200.0,2024-05-29
2024052905005585,NICSF,36,42,904.0,9.35,8452.4,2024-05-29
2024052904010002,API,38,40,26.0,170.0,4420.0,2024-05-29
2024052904010001,API,21,40,200.0,170.0,34000.0,2024-05-29
2024052904010000,API,55,40,200.0,170.0,34000.0,2024-05-29
2024052904009999,API,17,40,74.0,170.0,12580.0,2024-05-29
2024052901033489,JBLB,38,45,10.0,1371.0,13710.0,2024-05-29
2024052901033488,SBI,45,49,20.0,302.0,6040.0,2024-05-29
2024052901033487,SBI,45,14,80.0,302.0,24160.0,2024-05-29
2024052903012854,SHINE,33,17,200.0,393.0,78600.0,2024-05-29
2024052904009998,AHPC,57,14,100.0,161.5,16150.0,2024-05-29
2024052901033486,SGHC,55,34,95.0,324.0,30780.0,2024-05-29
2024052901033485,UHEWA,16,36,10.0,385.0,3850.0,2024-05-29
2024052904009997,SSHL,42,39,23.0,165.0,3795.0,2024-05-29
2024052903012853,NUBL,42,57,90.0,667.0,60030.0,2024-05-29
2024052903012852,NUBL,42,16,200.0,666.0,133200.0,2024-05-29
2024052901033484,AVYAN,66,32,10.0,840.0,8400.0,2024-05-29
2024052903012851,EDBL,21,42,10.0,380.0,3800.0,2024-05-29
2024052901033483,NABIL,86,4,100.0,489.0,48900.0,2024-05-29
2024052903012850,SHINE,51,17,100.0,393.0,39300.0,2024-05-29
2024052904009996,IGI,41,17,25.0,536.0,13400.0,2024-05-29
2024052903012849,CBBL,47,6,264.0,850.0,224400.0,2024-05-29
2024052903012848,CBBL,47,17,50.0,850.0,42500.0,2024-05-29
2024052903012847,CBBL,47,17,12.0,849.0,10188.0,2024-05-29
2024052901033482,CKHL,41,25,10.0,559.0,5590.0,2024-05-29
2024052901033481,KDL,96,54,50.0,1240.8,62040.0,2024-05-29
2024052901033480,PPL,54,58,148.0,449.0,66452.0,2024-05-29
2024052901033479,PPL,61,58,925.0,449.0,415325.0,2024-05-29
2024052905005584,PSF,38,4,25000.0,9.39,234750.0,2024-05-29
2024052901033478,DOLTI,45,10,10.0,409.9,4099.0,2024-05-29
2024052901033477,NWCL,94,39,732.0,831.0,608292.0,2024-05-29
2024052901033476,NWCL,45,39,328.0,832.0,272896.0,2024-05-29
2024052903012846,JFL,35,7,105.0,550.0,57750.0,2024-05-29
2024052903012845,BFC,32,35,60.0,404.0,24240.0,2024-05-29
2024052901033475,DOLTI,43,55,10.0,407.0,4070.0,2024-05-29
2024052904009995,SALICO,33,55,56.0,693.0,38808.0,2024-05-29
2024052903012844,ICFC,57,58,100.0,508.0,50800.0,2024-05-29
2024052904009994,BPCL,58,57,60.0,297.7,17862.0,2024-05-29
2024052904009993,BPCL,38,57,500.0,297.8,148900.0,2024-05-29
2024052904009992,BPCL,54,57,10.0,297.9,2979.0,2024-05-29
2024052901033474,SARBTM,42,1,50.0,861.0,43050.0,2024-05-29
2024052903012843,SDLBSL,57,29,33.0,891.8,29429.4,2024-05-29
2024052903012842,SDLBSL,62,29,200.0,891.8,178360.0,2024-05-29
2024052903012841,SDLBSL,58,29,20.0,894.0,17880.0,2024-05-29
2024052903012840,SDLBSL,22,29,20.0,895.0,17900.0,2024-05-29
2024052903012839,SDLBSL,74,29,100.0,895.8,89580.0,2024-05-29
2024052903012838,SDLBSL,38,29,130.0,898.1,116753.0,2024-05-29
2024052903012837,SDLBSL,34,29,50.0,900.0,45000.0,2024-05-29
2024052903012836,SDLBSL,58,29,10.0,900.0,9000.0,2024-05-29
2024052903012835,SDLBSL,28,29,300.0,902.1,270630.0,2024-05-29
2024052903012834,SDLBSL,21,29,100.0,903.0,90300.0,2024-05-29
2024052903012833,SDLBSL,22,29,20.0,905.0,18100.0,2024-05-29
2024052903012832,SDLBSL,45,29,17.0,907.6,15429.2,2024-05-29
2024052901033473,MANDU,3,61,120.0,875.0,105000.0,2024-05-29
2024052901033472,MANDU,3,11,10.0,875.0,8750.0,2024-05-29
2024052901033471,MANDU,3,56,10.0,875.0,8750.0,2024-05-29
2024052901033470,MANDU,3,22,10.0,875.0,8750.0,2024-05-29
2024052901033469,MANDU,3,39,50.0,875.0,43750.0,2024-05-29
2024052901033468,MANDU,3,22,10.0,875.0,8750.0,2024-05-29
2024052901033467,MANDU,3,16,10.0,875.0,8750.0,2024-05-29
2024052901033466,MANDU,3,46,10.0,875.0,8750.0,2024-05-29
2024052901033465,MANDU,3,49,10.0,875.0,8750.0,2024-05-29
2024052901033464,MANDU,3,49,10.0,875.0,8750.0,2024-05-29
2024052901033463,MANDU,3,38,10.0,875.0,8750.0,2024-05-29
2024052901033462,MANDU,3,8,10.0,875.0,8750.0,2024-05-29
2024052901033461,MANDU,3,45,10.0,873.0,8730.0,2024-05-29
2024052901033460,MANDU,3,17,200.0,872.0,174400.0,2024-05-29
2024052901033459,MANDU,3,25,10.0,872.0,8720.0,2024-05-29
2024052901033458,MANDU,3,28,10.0,872.0,8720.0,2024-05-29
2024052901033457,MANDU,3,94,500.0,871.9,435950.0,2024-05-29
2024052905005583,NRN,54,60,150.0,576.0,86400.0,2024-05-29
2024052904009991,SSHL,7,49,500.0,165.0,82500.0,2024-05-29
2024052901033456,CZBIL,45,38,1259.0,175.0,220325.0,2024-05-29
2024052903012831,SAPDBL,60,35,19.0,316.1,6005.9,2024-05-29
2024052903012830,NMLBBL,47,34,40.0,715.7,28628.0,2024-05-29
2024052903012829,NMLBBL,52,34,10.0,715.8,7158.0,2024-05-29
2024052904009990,RURU,42,42,150.0,604.5,90675.0,2024-05-29
2024052901033455,ADBL,5,26,100.0,269.0,26900.0,2024-05-29
2024052901033454,KBL,34,19,170.0,145.6,24752.0,2024-05-29
2024052901033453,SNLI,58,40,10.0,468.0,4680.0,2024-05-29
2024052901033452,RNLI,56,45,10.0,429.0,4290.0,2024-05-29
2024052901033451,SRLI,26,45,498.0,440.0,219120.0,2024-05-29
2024052901033450,SRLI,57,45,70.0,440.0,30800.0,2024-05-29
2024052901033449,SRLI,29,45,30.0,440.0,13200.0,2024-05-29
2024052901033448,SRLI,47,45,10.0,440.0,4400.0,2024-05-29
2024052901033447,SRLI,47,45,10.0,440.0,4400.0,2024-05-29
2024052901033446,SRLI,47,45,10.0,440.0,4400.0,2024-05-29
2024052901033445,SRLI,25,45,30.0,440.1,13203.0,2024-05-29
2024052901033444,SRLI,58,45,40.0,441.0,17640.0,2024-05-29
2024052901033443,SRLI,41,45,40.0,441.0,17640.0,2024-05-29
2024052901033442,SRLI,88,45,32.0,441.1,14115.2,2024-05-29
2024052901033441,GVL,26,45,25.0,434.0,10850.0,2024-05-29
2024052901033440,SARBTM,45,57,10.0,862.0,8620.0,2024-05-29
2024052904009989,HDHPC,14,77,450.0,130.5,58725.0,2024-05-29
2024052904009988,HDHPC,67,77,50.0,130.7,6535.0,2024-05-29
2024052904009987,MEN,83,35,100.0,576.0,57600.0,2024-05-29
2024052904009986,MEN,39,35,70.0,576.0,40320.0,2024-05-29
2024052901033439,CITY,45,35,90.0,668.0,60120.0,2024-05-29
2024052901033438,HHL,52,16,10.0,349.0,3490.0,2024-05-29
2024052903012828,JFL,16,7,200.0,550.0,110000.0,2024-05-29
2024052904009985,KKHC,58,34,71.0,220.0,15620.0,2024-05-29
2024052904009984,KKHC,53,34,20.0,220.0,4400.0,2024-05-29
2024052904009983,KKHC,57,34,379.0,220.0,83380.0,2024-05-29
2024052904009982,RURU,42,51,10.0,604.5,6045.0,2024-05-29
2024052904009981,RURU,42,51,190.0,604.5,114855.0,2024-05-29
2024052901033437,SCB,25,77,50.0,560.0,28000.0,2024-05-29
2024052901033436,HATHY,32,49,90.0,912.0,82080.0,2024-05-29
2024052901033435,HATHY,71,49,10.0,912.0,9120.0,2024-05-29
2024052901033434,HDL,39,51,10.0,1331.0,13310.0,2024-05-29
2024052901033433,SCB,21,77,30.0,560.0,16800.0,2024-05-29
2024052901033432,GBIME,45,22,817.0,187.0,152779.0,2024-05-29
2024052903012827,MERO,38,47,104.0,662.3,68879.2,2024-05-29
2024052903012826,MERO,45,47,50.0,663.0,33150.0,2024-05-29
2024052903012825,MERO,57,47,20.0,663.0,13260.0,2024-05-29
2024052901033431,SNLI,58,54,10.0,468.0,4680.0,2024-05-29
2024052903012824,DDBL,7,56,185.0,731.2,135272.0,2024-05-29
2024052903012823,DDBL,4,56,15.0,731.4,10971.0,2024-05-29
2024052904009980,AHPC,37,38,35.0,161.4,5649.0,2024-05-29
2024052903012822,MPFL,88,72,290.0,438.0,127020.0,2024-05-29
2024052901033430,MKJC,42,45,55.0,476.0,26180.0,2024-05-29
2024052901033429,SBL,45,77,1980.0,254.1,503118.0,2024-05-29
2024052901033428,SBL,58,77,20.0,254.2,5084.0,2024-05-29
2024052901033427,NBLD85,35,36,10.0,980.0,9800.0,2024-05-29
2024052903012821,PFL,55,33,200.0,668.0,133600.0,2024-05-29
2024052901033426,DORDI,94,48,10.0,410.0,4100.0,2024-05-29
2024052904009979,AKPL,48,48,75.0,168.9,12667.5,2024-05-29
2024052901033425,SONA,34,51,100.0,457.0,45700.0,2024-05-29
2024052903012820,SHINE,26,17,100.0,393.0,39300.0,2024-05-29
2024052904009978,UPPER,29,39,50.0,165.0,8250.0,2024-05-29
2024052901033424,ILI,26,18,10.0,443.1,4431.0,2024-05-29
2024052904009977,SHPC,5,17,10.0,334.0,3340.0,2024-05-29
2024052901033423,ILI,26,62,80.0,443.1,35448.0,2024-05-29
2024052904009976,HURJA,34,7,110.0,282.3,31053.0,2024-05-29
2024052904009975,RIDI,57,6,200.0,172.0,34400.0,2024-05-29
2024052901033422,SMJC,41,38,3000.0,372.7,1118100.0,2024-05-29
2024052903012819,GUFL,17,68,286.0,660.0,188760.0,2024-05-29
2024052903012818,GUFL,43,68,60.0,660.1,39606.0,2024-05-29
2024052903012817,GUFL,4,68,54.0,660.2,35650.8,2024-05-29
2024052903012816,GUFL,49,68,200.0,660.3,132060.0,2024-05-29
2024052901033421,MEHL,45,8,200.0,323.0,64600.0,2024-05-29
2024052904009974,TRH,45,52,10.0,772.0,7720.0,2024-05-29
2024052901033420,NIBD2082,43,64,50.0,1073.0,53650.0,2024-05-29
2024052901033419,SCB,35,77,50.0,560.0,28000.0,2024-05-29
2024052901033418,SMJC,82,58,543.0,375.0,203625.0,2024-05-29
2024052901033417,SMJC,82,19,160.0,375.0,60000.0,2024-05-29
2024052901033416,SMJC,82,19,297.0,374.9,111345.3,2024-05-29
2024052904009973,GHL,44,1,500.0,148.5,74250.0,2024-05-29
2024052901033415,SMHL,49,42,10.0,528.0,5280.0,2024-05-29
2024052901033414,MHCL,26,46,10.0,383.0,3830.0,2024-05-29
2024052904009972,NICL,21,45,57.0,842.0,47994.0,2024-05-29
2024052904009971,JOSHI,26,21,150.0,302.1,45315.0,2024-05-29
2024052904009970,JOSHI,45,21,200.0,302.2,60440.0,2024-05-29
2024052904009969,JOSHI,48,21,50.0,302.9,15145.0,2024-05-29
2024052904009968,SHL,29,4,800.0,446.0,356800.0,2024-05-29
2024052905005582,STC,52,17,23.0,4405.0,101315.0,2024-05-29
2024052905005581,STC,19,17,30.0,4406.0,132180.0,2024-05-29
2024052904009967,IGI,41,10,75.0,536.0,40200.0,2024-05-29
2024052901033413,NIBD84,6,50,100.0,990.0,99000.0,2024-05-29
2024052901033412,MANDU,70,56,29.0,867.1,25145.9,2024-05-29
2024052901033411,MANDU,70,56,50.0,867.2,43360.0,2024-05-29
2024052901033410,MANDU,44,56,100.0,867.2,86720.0,2024-05-29
2024052901033409,MANDU,19,56,21.0,870.0,18270.0,2024-05-29
2024052903012815,SADBL,56,58,10.0,314.0,3140.0,2024-05-29
2024052903012814,SADBL,56,38,153.0,314.0,48042.0,2024-05-29
2024052903012813,SADBL,56,39,60.0,314.0,18840.0,2024-05-29
2024052901033408,RNLI,52,49,11.0,429.1,4720.1,2024-05-29
2024052903012812,VLBS,42,50,36.0,922.5,33210.0,2024-05-29
2024052903012811,CORBL,8,35,165.0,472.0,77880.0,2024-05-29
2024052903012810,CORBL,8,55,100.0,472.0,47200.0,2024-05-29
2024052901033407,SCB,43,77,500.0,560.0,280000.0,2024-05-29
2024052903012809,NABBC,35,62,500.0,624.0,312000.0,2024-05-29
2024052903012808,NABBC,35,51,100.0,624.0,62400.0,2024-05-29
2024052903012807,NABBC,35,38,200.0,624.0,124800.0,2024-05-29
2024052903012806,NABBC,35,58,100.0,624.0,62400.0,2024-05-29
2024052903012805,NABBC,35,38,100.0,624.0,62400.0,2024-05-29
2024052903012804,NABBC,35,63,200.0,624.0,124800.0,2024-05-29
2024052903012803,NABBC,35,37,494.0,624.0,308256.0,2024-05-29
2024052903012802,NABBC,35,58,600.0,624.0,374400.0,2024-05-29
2024052903012801,NABBC,35,41,20.0,624.0,12480.0,2024-05-29
2024052903012800,NABBC,35,34,90.0,624.0,56160.0,2024-05-29
2024052903012799,NABBC,35,71,10.0,624.0,6240.0,2024-05-29
2024052903012798,NABBC,35,51,200.0,624.0,124800.0,2024-05-29
2024052903012797,NABBC,35,42,100.0,623.0,62300.0,2024-05-29
2024052903012796,NABBC,35,54,70.0,623.0,43610.0,2024-05-29
2024052901033406,PPL,61,57,75.0,449.0,33675.0,2024-05-29
2024052901033405,PPL,14,57,50.0,449.0,22450.0,2024-05-29
2024052903012795,NADEP,34,48,10.0,778.0,7780.0,2024-05-29
2024052903012794,NADEP,34,89,300.0,776.0,232800.0,2024-05-29
2024052903012793,MFIL,34,44,10.0,500.0,5000.0,2024-05-29
2024052903012792,MFIL,34,57,240.0,500.0,120000.0,2024-05-29
2024052904009966,UMRH,34,34,10.0,361.9,3619.0,2024-05-29
2024052903012791,EDBL,42,42,40.0,380.0,15200.0,2024-05-29
2024052903012790,EDBL,42,50,10.0,380.0,3800.0,2024-05-29
2024052904009965,SPIL,35,29,400.0,774.1,309640.0,2024-05-29
2024052903012789,SWBBL,44,22,42.0,809.2,33986.4,2024-05-29
2024052903012788,VLBS,42,41,14.0,922.5,12915.0,2024-05-29
2024052901033404,KDL,96,54,100.0,1240.8,124080.0,2024-05-29
2024052905005580,PSF,38,4,23300.0,9.39,218787.0,2024-05-29
2024052905005579,PSF,38,32,800.0,9.38,7504.0,2024-05-29
2024052905005578,PSF,38,42,800.0,9.35,7480.0,2024-05-29
2024052905005577,PSF,38,49,100.0,9.32,932.0,2024-05-29
2024052903012787,ICFC,34,58,100.0,508.0,50800.0,2024-05-29
2024052901033403,PPL,14,58,50.0,449.0,22450.0,2024-05-29
2024052901033402,SBI,53,14,20.0,302.0,6040.0,2024-05-29
2024052901033401,NMB,53,77,307.0,199.0,61093.0,2024-05-29
2024052901033400,NMB,52,77,100.0,199.0,19900.0,2024-05-29
2024052901033399,NMB,42,77,500.0,199.1,99550.0,2024-05-29
2024052901033398,NMB,19,77,194.0,199.1,38625.4,2024-05-29
2024052901033397,NMB,8,77,207.0,199.2,41234.4,2024-05-29
2024052901033396,NMB,8,77,412.0,199.3,82111.6,2024-05-29
2024052901033395,EBL,52,45,50.0,528.5,26425.0,2024-05-29
2024052901033394,MEL,75,46,10.0,225.0,2250.0,2024-05-29
2024052901033393,MEL,75,21,93.0,225.0,20925.0,2024-05-29
2024052903012786,JBBL,33,11,31.0,294.0,9114.0,2024-05-29
2024052903012785,PFL,43,33,20.0,668.0,13360.0,2024-05-29
2024052903012784,PFL,32,33,100.0,668.0,66800.0,2024-05-29
2024052903012783,SADBL,88,57,230.0,313.0,71990.0,2024-05-29
2024052903012782,SADBL,88,57,250.0,313.1,78275.0,2024-05-29
2024052903012781,SADBL,88,57,200.0,313.2,62640.0,2024-05-29
2024052903012780,SADBL,58,57,320.0,313.3,100256.0,2024-05-29
2024052903012779,NICLBSL,46,57,260.0,655.1,170326.0,2024-05-29
2024052903012778,NICLBSL,17,57,20.0,655.3,13106.0,2024-05-29
2024052903012777,NICLBSL,57,57,40.0,655.4,26216.0,2024-05-29
2024052903012776,NICLBSL,34,57,100.0,655.5,65550.0,2024-05-29
2024052901033392,CZBIL,45,32,200.0,174.0,34800.0,2024-05-29
2024052901033391,CZBIL,32,32,300.0,174.1,52230.0,2024-05-29
2024052904009964,TRH,34,54,20.0,771.9,15438.0,2024-05-29
2024052904009963,TRH,34,54,50.0,770.0,38500.0,2024-05-29
2024052904009962,NHDL,42,35,50.0,476.1,23805.0,2024-05-29
2024052904009961,NHDL,52,35,100.0,476.1,47610.0,2024-05-29
2024052901033390,KBL,34,35,1558.0,145.6,226844.8,2024-05-29
2024052901033389,UHEWA,45,26,169.0,381.8,64524.2,2024-05-29
2024052901033388,UHEWA,39,26,100.0,381.9,38190.0,2024-05-29
2024052901033387,UHEWA,19,26,26.0,382.0,9932.0,2024-05-29
2024052901033386,UHEWA,48,26,40.0,383.0,15320.0,2024-05-29
2024052901033385,UHEWA,34,26,100.0,384.0,38400.0,2024-05-29
2024052905005576,CHDC,59,17,300.0,908.0,272400.0,2024-05-29
2024052901033384,ANLB,49,41,10.0,2272.0,22720.0,2024-05-29
2024052903012775,MSLB,16,59,10.0,1226.0,12260.0,2024-05-29
2024052901033383,NICA,85,38,180.0,414.0,74520.0,2024-05-29
2024052901033382,NICA,53,38,170.0,414.0,70380.0,2024-05-29
2024052903012774,ALBSL,91,50,32.0,963.1,30819.2,2024-05-29
2024052903012773,ALBSL,58,50,29.0,964.4,27967.6,2024-05-29
2024052903012772,ALBSL,25,50,50.0,965.0,48250.0,2024-05-29
2024052903012771,ALBSL,57,50,10.0,965.0,9650.0,2024-05-29
2024052903012770,ALBSL,16,50,29.0,965.0,27985.0,2024-05-29
2024052903012769,FMDBL,58,8,73.0,692.9,50581.7,2024-05-29
2024052903012768,FMDBL,58,64,327.0,692.0,226284.0,2024-05-29
2024052901033381,BHDC,62,58,30.0,564.0,16920.0,2024-05-29
2024052901033380,BHDC,59,58,20.0,564.0,11280.0,2024-05-29
2024052905005575,CHDC,77,8,300.0,908.5,272550.0,2024-05-29
2024052903012767,WNLB,14,42,21.0,1401.0,29421.0,2024-05-29
2024052903012766,SDLBSL,22,43,30.0,905.0,27150.0,2024-05-29
2024052903012765,SDLBSL,33,43,500.0,905.0,452500.0,2024-05-29
2024052903012764,SDLBSL,86,43,29.0,905.0,26245.0,2024-05-29
2024052903012763,USLB,33,75,18.0,2038.0,36684.0,2024-05-29
2024052903012762,USLB,33,55,20.0,2037.9,40758.0,2024-05-29
2024052903012761,USLB,33,46,18.0,2037.9,36682.2,2024-05-29
2024052903012760,USLB,33,32,10.0,2037.0,20370.0,2024-05-29
2024052903012759,USLB,33,55,20.0,2030.0,40600.0,2024-05-29
2024052903012758,USLB,33,57,34.0,2030.0,69020.0,2024-05-29
2024052903012757,USLB,33,62,80.0,2030.0,162400.0,2024-05-29
2024052903012756,USLB,33,62,100.0,2029.0,202900.0,2024-05-29
2024052901033379,KBL,82,29,500.0,146.0,73000.0,2024-05-29
2024052904009960,IGI,8,1,18.0,535.5,9639.0,2024-05-29
2024052901033378,HDL,57,51,129.0,1331.0,171699.0,2024-05-29
2024052901033377,HDL,57,51,11.0,1331.0,14641.0,2024-05-29
2024052905005574,CHDC,67,8,10.0,908.5,9085.0,2024-05-29
2024052901033376,RAWA,18,34,10.0,495.0,4950.0,2024-05-29
2024052901033375,CLI,58,62,10.0,470.0,4700.0,2024-05-29
2024052901033374,NWCL,45,45,72.0,832.0,59904.0,2024-05-29
2024052901033373,MBL,45,7,80.0,180.0,14400.0,2024-05-29
2024052903012755,HLI,42,48,100.0,395.5,39550.0,2024-05-29
2024052901033372,GCIL,32,33,11.0,498.0,5478.0,2024-05-29
2024052901033371,NRM,34,45,75.0,383.0,28725.0,2024-05-29
2024052901033370,NRM,34,62,285.0,383.0,109155.0,2024-05-29
2024052901033369,NRM,34,1,60.0,382.9,22974.0,2024-05-29
2024052901033368,NRM,34,53,10.0,382.0,3820.0,2024-05-29
2024052901033367,NRM,34,26,20.0,381.9,7638.0,2024-05-29
2024052903012754,NUBL,40,34,200.0,660.0,132000.0,2024-05-29
2024052901033366,MHL,71,21,30.0,450.1,13503.0,2024-05-29
2024052901033365,KDL,96,17,100.0,1240.8,124080.0,2024-05-29
2024052904009959,NGPL,17,44,417.0,300.0,125100.0,2024-05-29
2024052904009958,NGPL,70,44,533.0,300.0,159900.0,2024-05-29
2024052904009957,NGPL,58,44,50.0,301.9,15095.0,2024-05-29
2024052901033364,SMHL,49,22,40.0,528.0,21120.0,2024-05-29
2024052901033363,SMHL,18,22,60.0,528.0,31680.0,2024-05-29
2024052901033362,MKCL,4,41,10.0,1003.0,10030.0,2024-05-29
2024052904009956,UPPER,17,13,300.0,164.8,49440.0,2024-05-29
2024052904009955,UPPER,34,13,100.0,164.8,16480.0,2024-05-29
2024052901033361,ULHC,62,13,1010.0,363.0,366630.0,2024-05-29
2024052903012753,FMDBL,62,64,10.0,692.0,6920.0,2024-05-29
2024052903012752,FMDBL,16,64,65.0,692.0,44980.0,2024-05-29
2024052903012751,FMDBL,49,64,10.0,692.1,6921.0,2024-05-29
2024052901033360,SONA,91,51,500.0,457.0,228500.0,2024-05-29
2024052901033359,NWCL,42,45,100.0,832.0,83200.0,2024-05-29
2024052903012750,RSDC,42,91,270.0,669.0,180630.0,2024-05-29
2024052901033358,SCBD,17,45,10.0,1064.8,10648.0,2024-05-29
2024052901033357,NMB,7,22,95.0,199.7,18971.5,2024-05-29
2024052901033356,NMB,45,22,500.0,199.7,99850.0,2024-05-29
2024052901033355,NMB,82,22,413.0,199.8,82517.4,2024-05-29
2024052901033354,SONA,18,51,100.0,457.0,45700.0,2024-05-29
2024052901033353,SONA,48,51,100.0,457.0,45700.0,2024-05-29
2024052901033352,SONA,58,51,990.0,457.0,452430.0,2024-05-29
2024052905005573,HRL,25,29,40.0,579.0,23160.0,2024-05-29
2024052904009954,AKPL,49,48,12.0,168.9,2026.8,2024-05-29
2024052904009953,HURJA,58,7,250.0,283.9,70975.0,2024-05-29
2024052904009952,HURJA,58,4,50.0,283.7,14185.0,2024-05-29
2024052901033351,CITY,45,45,23.0,670.9,15430.7,2024-05-29
2024052901033350,CITY,45,58,150.0,670.0,100500.0,2024-05-29
2024052901033349,CITY,45,51,50.0,670.0,33500.0,2024-05-29
2024052903012749,JBBL,45,41,40.0,292.9,11716.0,2024-05-29
2024052901033348,CITY,45,43,50.0,668.0,33400.0,2024-05-29
2024052901033347,CITY,25,43,50.0,668.1,33405.0,2024-05-29
2024052903012748,JSLBB,17,55,20.0,1316.5,26330.0,2024-05-29
2024052904009951,NHPC,16,51,31.0,146.0,4526.0,2024-05-29
2024052903012747,BFC,16,38,20.0,404.7,8094.0,2024-05-29
2024052901033346,UNLB,33,29,20.0,1960.0,39200.0,2024-05-29
2024052901033345,UNLB,88,29,30.0,1961.0,58830.0,2024-05-29
2024052901033344,UNLB,88,29,30.0,1962.0,58860.0,2024-05-29
2024052903012746,NABBC,67,54,30.0,623.0,18690.0,2024-05-29
2024052903012745,NABBC,67,14,20.0,623.0,12460.0,2024-05-29
2024052903012744,NABBC,67,25,10.0,623.0,6230.0,2024-05-29
2024052903012743,NABBC,67,52,100.0,620.0,62000.0,2024-05-29
2024052903012742,NABBC,67,38,100.0,613.0,61300.0,2024-05-29
2024052903012741,NABBC,67,58,50.0,612.0,30600.0,2024-05-29
2024052903012740,NABBC,67,22,690.0,612.0,422280.0,2024-05-29
2024052904009950,SHEL,62,3,100.0,160.9,16090.0,2024-05-29
2024052901033343,MKHC,41,13,80.0,314.6,25168.0,2024-05-29
2024052903012739,NLIC,13,25,50.0,607.5,30375.0,2024-05-29
2024052903012738,NLIC,57,25,30.0,607.5,18225.0,2024-05-29
2024052904009949,AHPC,47,38,350.0,161.3,56455.0,2024-05-29
2024052904009948,AHPC,34,38,650.0,161.4,104910.0,2024-05-29
2024052901033342,SGHC,55,34,100.0,324.0,32400.0,2024-05-29
2024052904009947,CGH,45,56,30.0,890.0,26700.0,2024-05-29
2024052904009946,CGH,17,56,100.0,890.1,89010.0,2024-05-29
2024052903012737,PROFL,48,45,20.0,333.0,6660.0,2024-05-29
2024052904009945,CGH,57,58,15.0,892.0,13380.0,2024-05-29
2024052903012736,JFL,16,7,300.0,550.0,165000.0,2024-05-29
2024052905005572,HRL,49,32,10.0,578.1,5781.0,2024-05-29
2024052903012735,WNLB,25,42,39.0,1401.0,54639.0,2024-05-29
2024052904009944,SPDL,22,33,15.0,238.0,3570.0,2024-05-29
2024052904009943,HDHPC,8,49,202.0,130.1,26280.2,2024-05-29
2024052904009942,HDHPC,25,49,130.0,130.3,16939.0,2024-05-29
2024052904009941,HDHPC,4,49,32.0,130.4,4172.8,2024-05-29
2024052904009940,HDHPC,37,49,500.0,130.4,65200.0,2024-05-29
2024052904009939,HDHPC,42,49,500.0,130.4,65200.0,2024-05-29
2024052904009938,HDHPC,49,49,136.0,130.5,17748.0,2024-05-29
2024052901033341,NRM,14,42,15.0,381.9,5728.5,2024-05-29
2024052903012734,NMLBBL,47,58,20.0,715.7,14314.0,2024-05-29
2024052901033340,CLI,56,49,10.0,470.0,4700.0,2024-05-29
2024052901033339,CLI,56,6,290.0,470.0,136300.0,2024-05-29
2024052901033338,SARBTM,42,52,30.0,861.0,25830.0,2024-05-29
2024052901033337,SCB,34,77,1000.0,560.0,560000.0,2024-05-29
2024052903012733,SKBBL,42,22,50.0,821.0,41050.0,2024-05-29
2024052901033336,MHL,71,3,20.0,450.1,9002.0,2024-05-29
2024052903012732,KSBBL,44,65,450.0,377.8,170010.0,2024-05-29
2024052903012731,KSBBL,44,56,72.0,377.8,27201.6,2024-05-29
2024052901033335,IHL,13,7,200.0,394.0,78800.0,2024-05-29
2024052901033334,SAHAS,47,7,10.0,527.5,5275.0,2024-05-29
2024052903012730,MNBBL,6,36,130.0,350.0,45500.0,2024-05-29
2024052903012729,MNBBL,6,25,100.0,349.9,34990.0,2024-05-29
2024052903012728,MNBBL,6,33,100.0,349.7,34970.0,2024-05-29
2024052903012727,MNBBL,6,19,170.0,349.0,59330.0,2024-05-29
2024052901033333,NRM,38,42,40.0,381.9,15276.0,2024-05-29
2024052901033332,NRM,38,42,10.0,381.0,3810.0,2024-05-29
2024052901033331,SMJC,56,19,203.0,374.9,76104.7,2024-05-29
2024052901033330,SMJC,56,13,50.0,374.9,18745.0,2024-05-29
2024052901033329,SMJC,56,42,10.0,374.0,3740.0,2024-05-29
2024052901033328,SMJC,56,3,76.0,374.0,28424.0,2024-05-29
2024052901033327,SMJC,56,38,161.0,373.0,60053.0,2024-05-29
2024052905005571,NRN,50,87,250.0,575.2,143800.0,2024-05-29
2024052905005570,NRN,6,87,50.0,576.0,28800.0,2024-05-29
2024052905005569,NRN,16,87,200.0,576.0,115200.0,2024-05-29
2024052901033326,HATHY,26,72,116.0,913.1,105919.6,2024-05-29
2024052901033325,HATHY,38,72,10.0,913.3,9133.0,2024-05-29
2024052901033324,HATHY,1,72,80.0,914.0,73120.0,2024-05-29
2024052904009937,SHL,29,34,100.0,445.9,44590.0,2024-05-29
2024052903012726,SHINE,50,34,10.0,392.0,3920.0,2024-05-29
2024052903012725,CFCL,21,34,700.0,381.0,266700.0,2024-05-29
2024052903012724,CFCL,41,34,200.0,381.0,76200.0,2024-05-29
2024052903012723,CFCL,16,34,500.0,381.1,190550.0,2024-05-29
2024052903012722,CFCL,34,34,20.0,381.2,7624.0,2024-05-29
2024052903012721,SHINE,53,17,38.0,393.0,14934.0,2024-05-29
2024052901033323,GBIME,45,17,25.0,187.0,4675.0,2024-05-29
2024052904009936,RADHI,45,41,16.0,232.0,3712.0,2024-05-29
2024052904009935,RADHI,53,41,10.0,232.1,2321.0,2024-05-29
2024052904009934,RADHI,34,41,974.0,232.2,226162.8,2024-05-29
2024052901033322,SMJC,41,38,80.0,373.0,29840.0,2024-05-29
2024052901033321,SMJC,72,38,359.0,373.1,133942.9,2024-05-29
2024052901033320,GBIME,45,42,1744.0,187.0,326128.0,2024-05-29
2024052901033319,MEL,45,21,400.0,225.0,90000.0,2024-05-29
2024052903012720,GBLBS,33,42,208.0,751.0,156208.0,2024-05-29
2024052903012719,GBLBS,33,16,15.0,751.0,11265.0,2024-05-29
2024052901033318,MKJC,42,85,139.0,476.0,66164.0,2024-05-29
2024052903012718,SJLIC,41,32,2219.0,414.3,919331.7,2024-05-29
2024052903012717,SJLIC,36,32,50.0,414.5,20725.0,2024-05-29
2024052903012716,SJLIC,53,32,50.0,414.6,20730.0,2024-05-29
2024052903012715,SJLIC,52,32,200.0,415.0,83000.0,2024-05-29
2024052903012714,SJLIC,45,32,10.0,415.0,4150.0,2024-05-29
2024052903012713,SJLIC,59,32,50.0,415.0,20750.0,2024-05-29
2024052903012712,SJLIC,45,32,10.0,415.0,4150.0,2024-05-29
2024052903012711,SJLIC,58,32,10.0,415.0,4150.0,2024-05-29
2024052903012710,SJLIC,38,32,30.0,415.0,12450.0,2024-05-29
2024052903012709,SJLIC,32,32,10.0,415.0,4150.0,2024-05-29
2024052903012708,SJLIC,43,32,131.0,415.0,54365.0,2024-05-29
2024052903012707,SJLIC,22,32,100.0,415.1,41510.0,2024-05-29
2024052903012706,SJLIC,44,32,100.0,415.1,41510.0,2024-05-29
2024052903012705,SJLIC,6,32,100.0,415.2,41520.0,2024-05-29
2024052903012704,SJLIC,18,32,10.0,417.9,4179.0,2024-05-29
2024052901033317,NWCL,35,45,48.0,832.0,39936.0,2024-05-29
2024052903012703,PMLI,7,18,388.0,500.1,194038.8,2024-05-29
2024052903012702,PMLI,36,18,100.0,500.2,50020.0,2024-05-29
2024052903012701,PMLI,58,18,12.0,501.0,6012.0,2024-05-29
2024052901033316,CIZBD86,19,51,100.0,1045.0,104500.0,2024-05-29
2024052905005568,NMB50,7,41,500.0,9.9,4950.0,2024-05-29
2024052905005567,CHDC,59,40,200.0,908.0,181600.0,2024-05-29
2024052901033315,PHCL,80,6,100.0,292.0,29200.0,2024-05-29
2024052903012700,SDLBSL,86,81,171.0,905.0,154755.0,2024-05-29
2024052903012699,SDLBSL,49,81,550.0,905.1,497805.0,2024-05-29
2024052903012698,SDLBSL,5,81,30.0,906.0,27180.0,2024-05-29
2024052903012697,SDLBSL,14,81,274.0,906.5,248381.0,2024-05-29
2024052903012696,PMLI,58,14,10.0,501.0,5010.0,2024-05-29
2024052901033314,TAMOR,3,43,65.0,375.1,24381.5,2024-05-29
2024052901033313,TAMOR,17,43,35.0,375.1,13128.5,2024-05-29
2024052901033312,CYCL,55,25,57.0,1450.0,82650.0,2024-05-29
2024052901033311,CYCL,55,42,43.0,1450.0,62350.0,2024-05-29
2024052901033310,NABIL,86,48,20.0,489.0,9780.0,2024-05-29
2024052901033309,NABIL,22,48,80.0,489.0,39120.0,2024-05-29
2024052901033308,SONA,58,58,10.0,457.0,4570.0,2024-05-29
2024052901033307,DLBS,35,28,20.0,1190.0,23800.0,2024-05-29
2024052903012695,GUFL,4,67,70.0,666.3,46641.0,2024-05-29
2024052903012694,GUFL,4,42,180.0,663.0,119340.0,2024-05-29
2024052903012693,MLBSL,5,60,10.0,1885.0,18850.0,2024-05-29
2024052905005566,NICSF,36,58,700.0,9.32,6524.0,2024-05-29
2024052903012692,MFIL,42,62,165.0,499.6,82434.0,2024-05-29
2024052901033306,SCB,81,77,500.0,560.0,280000.0,2024-05-29
2024052901033305,PHCL,80,38,10.0,292.0,2920.0,2024-05-29
2024052903012691,ILBS,38,54,290.0,1335.0,387150.0,2024-05-29
2024052903012690,ILBS,38,8,10.0,1332.0,13320.0,2024-05-29
2024052903012689,ILBS,38,33,200.0,1330.0,266000.0,2024-05-29
2024052901033304,NICA,53,35,200.0,414.0,82800.0,2024-05-29
2024052901033303,NICA,53,17,630.0,414.0,260820.0,2024-05-29
2024052903012688,SHINE,53,38,10.0,393.0,3930.0,2024-05-29
2024052903012687,SHINE,53,35,690.0,393.0,271170.0,2024-05-29
2024052903012686,SHINE,53,42,10.0,393.0,3930.0,2024-05-29
2024052903012685,SHINE,53,51,82.0,393.0,32226.0,2024-05-29
2024052903012684,SHINE,53,16,170.0,392.8,66776.0,2024-05-29
2024052903012683,MNBBL,28,19,30.0,349.0,10470.0,2024-05-29
2024052903012682,SWBBL,18,22,300.0,810.0,243000.0,2024-05-29
2024052903012681,SWBBL,6,22,100.0,810.0,81000.0,2024-05-29
2024052905005565,HIDCL,88,6,200.0,167.0,33400.0,2024-05-29
2024052903012680,VLBS,58,14,50.0,923.0,46150.0,2024-05-29
2024052901033302,MHL,71,48,10.0,450.1,4501.0,2024-05-29
2024052903012679,RLFL,4,58,230.0,395.0,90850.0,2024-05-29
2024052903012678,HLBSL,21,35,80.0,1195.0,95600.0,2024-05-29
2024052903012677,SABSL,29,42,20.0,940.0,18800.0,2024-05-29
2024052903012676,SABSL,29,34,10.0,937.0,9370.0,2024-05-29
2024052903012675,SABSL,29,57,80.0,935.0,74800.0,2024-05-29
2024052901033301,SARBTM,11,47,120.0,860.0,103200.0,2024-05-29
2024052904009933,IGI,34,52,10.0,536.0,5360.0,2024-05-29
2024052901033300,MKCL,4,34,10.0,1003.0,10030.0,2024-05-29
2024052903012674,GUFL,34,42,10.0,663.0,6630.0,2024-05-29
2024052901033299,NWCL,94,34,40.0,831.0,33240.0,2024-05-29
2024052901033298,NWCL,38,34,10.0,831.0,8310.0,2024-05-29
2024052904009932,SHL,41,34,134.0,445.9,59750.6,2024-05-29
2024052904009931,SHEL,34,38,250.0,160.0,40000.0,2024-05-29
2024052903012673,KRBL,77,38,100.0,424.9,42490.0,2024-05-29
2024052903012672,MERO,56,58,20.0,665.0,13300.0,2024-05-29
2024052905005564,NRN,58,87,500.0,576.0,288000.0,2024-05-29
2024052904009930,RIDI,57,58,13.0,172.0,2236.0,2024-05-29
2024052901033297,ADBL,49,34,93.0,267.0,24831.0,2024-05-29
2024052901033296,ADBL,4,34,100.0,267.0,26700.0,2024-05-29
2024052901033295,ADBL,40,34,100.0,267.1,26710.0,2024-05-29
2024052901033294,ADBL,71,34,187.0,267.1,49947.7,2024-05-29
2024052901033293,ADBL,45,34,10.0,267.2,2672.0,2024-05-29
2024052901033292,ADBL,48,34,10.0,267.3,2673.0,2024-05-29
2024052901033291,SONA,58,39,240.0,457.0,109680.0,2024-05-29
2024052901033290,SONA,53,39,100.0,457.1,45710.0,2024-05-29
2024052901033289,SONA,82,39,660.0,457.5,301950.0,2024-05-29
2024052903012671,GUFL,4,11,400.0,660.2,264080.0,2024-05-29
2024052903012670,GUFL,48,11,100.0,660.3,66030.0,2024-05-29
2024052903012669,GBLBS,33,17,15.0,750.0,11250.0,2024-05-29
2024052903012668,GBLBS,33,49,85.0,750.0,63750.0,2024-05-29
2024052903012667,GBLBS,33,13,60.0,750.0,45000.0,2024-05-29
2024052903012666,GBLBS,33,6,30.0,750.0,22500.0,2024-05-29
2024052903012665,GBLBS,33,48,20.0,750.0,15000.0,2024-05-29
2024052903012664,GBLBS,33,34,320.0,750.0,240000.0,2024-05-29
2024052903012663,MFIL,42,35,100.0,499.6,49960.0,2024-05-29
2024052901033288,HDL,32,26,10.0,1330.5,13305.0,2024-05-29
2024052903012662,EDBL,41,34,500.0,378.5,189250.0,2024-05-29
2024052904009929,LEC,68,38,95.0,184.0,17480.0,2024-05-29
2024052901033287,BHDC,39,45,20.0,567.9,11358.0,2024-05-29
2024052901033286,BHDC,39,49,10.0,566.0,5660.0,2024-05-29
2024052905005563,CHDC,22,43,200.0,907.0,181400.0,2024-05-29
2024052904009928,RIDI,55,58,49.0,172.0,8428.0,2024-05-29
2024052904009927,RIDI,55,16,351.0,172.0,60372.0,2024-05-29
2024052903012661,ICFC,18,1,86.0,506.1,43524.6,2024-05-29
2024052903012660,ICFC,38,1,50.0,506.1,25305.0,2024-05-29
2024052903012659,ICFC,65,1,50.0,506.3,25315.0,2024-05-29
2024052903012658,ICFC,42,1,50.0,506.4,25320.0,2024-05-29
2024052903012657,ICFC,35,1,414.0,506.5,209691.0,2024-05-29
2024052903012656,ICFC,20,1,50.0,508.0,25400.0,2024-05-29
2024052901033285,MKHL,58,42,150.0,420.0,63000.0,2024-05-29
2024052901033284,MKHL,58,21,50.0,420.0,21000.0,2024-05-29
2024052903012655,PFL,22,72,10.0,668.0,6680.0,2024-05-29
2024052903012654,MPFL,32,72,110.0,438.0,48180.0,2024-05-29
2024052904009926,NICL,61,26,10.0,841.0,8410.0,2024-05-29
2024052903012653,SDLBSL,21,43,100.0,907.0,90700.0,2024-05-29
2024052903012652,SFCL,34,17,150.0,337.0,50550.0,2024-05-29
2024052903012651,SFCL,34,13,50.0,337.0,16850.0,2024-05-29
2024052901033283,SBL,50,40,11.0,255.0,2805.0,2024-05-29
2024052901033282,SBL,50,40,11.0,255.0,2805.0,2024-05-29
2024052905005562,NTC,45,49,40.0,841.0,33640.0,2024-05-29
2024052903012650,SWMF,55,16,15.0,819.0,12285.0,2024-05-29
2024052904009925,OHL,49,1,13.0,782.0,10166.0,2024-05-29
2024052903012649,ICFC,57,50,200.0,509.0,101800.0,2024-05-29
2024052903012648,ICFC,57,16,51.0,508.5,25933.5,2024-05-29
2024052904009924,UPCL,44,32,80.0,192.3,15384.0,2024-05-29
2024052904009923,TRH,36,54,90.0,770.0,69300.0,2024-05-29
2024052901033281,CKHL,88,25,40.0,559.0,22360.0,2024-05-29
2024052901033280,CKHL,88,36,150.0,558.8,83820.0,2024-05-29
2024052901033279,CKHL,88,58,10.0,558.5,5585.0,2024-05-29
2024052901033278,CKHL,88,6,10.0,557.0,5570.0,2024-05-29
2024052901033277,CKHL,88,11,190.0,554.9,105431.0,2024-05-29
2024052901033276,CKHL,88,39,100.0,554.8,55480.0,2024-05-29
2024052905005561,STC,52,59,155.0,4405.0,682775.0,2024-05-29
2024052905005560,STC,35,59,20.0,4405.1,88102.0,2024-05-29
2024052905005559,STC,37,59,25.0,4411.0,110275.0,2024-05-29
2024052905005558,NRN,58,14,500.0,576.0,288000.0,2024-05-29
2024052901033275,RHGCL,69,74,280.0,354.9,99372.0,2024-05-29
2024052901033274,RHGCL,69,43,300.0,354.0,106200.0,2024-05-29
2024052901033273,RHGCL,69,74,200.0,353.9,70780.0,2024-05-29
2024052901033272,RHGCL,69,53,100.0,352.0,35200.0,2024-05-29
2024052901033271,RHGCL,69,49,10.0,352.0,3520.0,2024-05-29
2024052901033270,RHGCL,69,17,10.0,352.0,3520.0,2024-05-29
2024052901033269,RHGCL,69,57,100.0,350.0,35000.0,2024-05-29
2024052903012647,SLBSL,45,57,10.0,1175.0,11750.0,2024-05-29
2024052901033268,KDL,96,21,10.0,1240.8,12408.0,2024-05-29
2024052905005557,HRL,29,29,200.0,579.0,115800.0,2024-05-29
2024052901033267,GCIL,32,42,259.0,498.0,128982.0,2024-05-29
2024052901033266,GCIL,4,42,199.0,498.0,99102.0,2024-05-29
2024052901033265,GCIL,57,42,72.0,498.1,35863.2,2024-05-29
2024052901033264,GCIL,52,42,10.0,498.5,4985.0,2024-05-29
2024052901033263,GBIME,25,42,100.0,187.0,18700.0,2024-05-29
2024052903012646,PFL,58,41,608.0,670.0,407360.0,2024-05-29
2024052903012645,MSLB,58,59,360.0,1229.0,442440.0,2024-05-29
2024052903012644,MSLB,58,52,140.0,1228.0,171920.0,2024-05-29
2024052901033262,NMB,42,77,250.0,200.0,50000.0,2024-05-29
2024052901033261,MHCL,22,34,240.0,380.5,91320.0,2024-05-29
2024052901033260,MAKAR,13,59,10.0,365.0,3650.0,2024-05-29
2024052901033259,HDL,19,51,50.0,1331.0,66550.0,2024-05-29
2024052901033258,HDL,32,34,50.0,1330.5,66525.0,2024-05-29
2024052905005556,NRN,58,7,300.0,576.0,172800.0,2024-05-29
2024052905005555,NRN,32,7,200.0,576.1,115220.0,2024-05-29
2024052904009922,AHPC,34,41,350.0,161.4,56490.0,2024-05-29
2024052904009921,UAIL,34,55,68.0,575.0,39100.0,2024-05-29
2024052904009920,UAIL,41,55,22.0,577.0,12694.0,2024-05-29
2024052905005554,NRIC,56,96,228.0,664.0,151392.0,2024-05-29
2024052903012643,DDBL,29,35,96.0,731.3,70204.8,2024-05-29
2024052901033257,CYCL,44,29,28.0,1445.0,40460.0,2024-05-29
2024052901033256,CYCL,37,29,10.0,1445.0,14450.0,2024-05-29
