transaction,symbol,buyer,seller,quantity,rate,amount,date
2025031803010532,SFCL,39,32,10.0,540.0,5400.0,2025-03-18
2025031803010531,NLIC,87,39,10.0,780.5,7805.0,2025-03-18
2025031801015136,TVCL,46,86,20.0,531.9,10638.0,2025-03-18
2025031801015135,BEDC,70,33,10.0,884.0,8840.0,2025-03-18
2025031804012728,RIDI,32,34,100.0,228.0,22800.0,2025-03-18
2025031801015134,RFPL,41,35,10.0,745.0,7450.0,2025-03-18
2025031804012727,NLG,45,13,100.0,866.0,86600.0,2025-03-18
2025031801015133,SGHC,13,71,50.0,507.9,25395.0,2025-03-18
2025031805012438,NRIC,49,75,1097.0,1289.2,1414252.4,2025-03-18
2025031805012437,NRIC,49,45,903.0,1289.0,1163967.0,2025-03-18
2025031801015132,MEHL,49,58,73.0,585.0,42705.0,2025-03-18
2025031801015131,MEHL,49,58,10.0,585.0,5850.0,2025-03-18
2025031801015130,MEHL,49,48,47.0,585.0,27495.0,2025-03-18
2025031803010530,SINDU,51,62,10.0,1068.2,10682.0,2025-03-18
2025031803010529,PMLI,1,13,10.0,589.0,5890.0,2025-03-18
2025031804012726,JOSHI,59,21,10.0,380.0,3800.0,2025-03-18
2025031804012725,JOSHI,6,21,10.0,381.8,3818.0,2025-03-18
2025031803010528,RLFL,57,59,10.0,539.0,5390.0,2025-03-18
2025031804012724,RHPL,42,57,481.0,397.5,191197.5,2025-03-18
2025031804012723,RHPL,38,57,19.0,397.6,7554.4,2025-03-18
2025031804012722,UPPER,81,34,1000.0,204.0,204000.0,2025-03-18
2025031805012436,NRIC,60,45,30.0,1289.0,38670.0,2025-03-18
2025031801015129,MEHL,56,48,253.0,585.0,148005.0,2025-03-18
2025031801015128,MEHL,56,14,10.0,585.0,5850.0,2025-03-18
2025031801015127,MEHL,56,14,10.0,585.0,5850.0,2025-03-18
2025031801015126,MEHL,56,48,100.0,584.9,58490.0,2025-03-18
2025031801015125,MEHL,56,62,627.0,584.0,366168.0,2025-03-18
2025031805012435,HRL,14,55,100.0,986.0,98600.0,2025-03-18
2025031804012721,SHEL,67,14,21.0,260.1,5462.1,2025-03-18
2025031804012720,SHEL,42,14,179.0,261.0,46719.0,2025-03-18
2025031803010527,NABBC,28,17,180.0,1948.0,350640.0,2025-03-18
2025031803010526,NABBC,28,38,50.0,1948.0,97400.0,2025-03-18
2025031803010525,NABBC,28,21,20.0,1948.0,38960.0,2025-03-18
2025031803010524,NABBC,28,38,50.0,1943.0,97150.0,2025-03-18
2025031803010523,NABBC,28,38,500.0,1942.0,971000.0,2025-03-18
2025031803010522,NABBC,28,52,100.0,1941.0,194100.0,2025-03-18
2025031803010521,NABBC,28,42,20.0,1938.0,38760.0,2025-03-18
2025031803010520,NABBC,28,21,20.0,1938.0,38760.0,2025-03-18
2025031803010519,NABBC,28,58,10.0,1937.0,19370.0,2025-03-18
2025031803010518,NABBC,28,7,100.0,1922.0,192200.0,2025-03-18
2025031803010517,NABBC,28,63,18.0,1922.0,34596.0,2025-03-18
2025031803010516,PFL,42,59,20.0,453.9,9078.0,2025-03-18
2025031801015124,MCHL,42,39,10.0,585.9,5859.0,2025-03-18
2025031803010515,NABBC,77,63,11.0,1922.0,21142.0,2025-03-18
2025031801015123,BHPL,77,56,10.0,1062.0,10620.0,2025-03-18
2025031805012434,MBJC,48,34,10.0,333.6,3336.0,2025-03-18
2025031803010514,NABBC,69,63,11.0,1922.0,21142.0,2025-03-18
2025031801015122,RFPL,34,35,124.0,745.0,92380.0,2025-03-18
2025031801015121,RFPL,34,59,10.0,745.0,7450.0,2025-03-18
2025031801015120,RFPL,34,39,90.0,745.0,67050.0,2025-03-18
2025031803010513,NABBC,69,63,10.0,1922.0,19220.0,2025-03-18
2025031801015119,RFPL,34,52,10.0,744.9,7449.0,2025-03-18
2025031801015118,RFPL,34,48,100.0,744.9,74490.0,2025-03-18
2025031801015117,RFPL,34,57,60.0,744.9,44694.0,2025-03-18
2025031801015116,RFPL,34,13,20.0,744.8,14896.0,2025-03-18
2025031801015115,RFPL,34,58,10.0,744.7,7447.0,2025-03-18
2025031801015114,RFPL,34,36,76.0,744.0,56544.0,2025-03-18
2025031804012719,KKHC,58,57,10.0,359.0,3590.0,2025-03-18
2025031803010512,NABBC,69,63,10.0,1922.0,19220.0,2025-03-18
2025031805012433,NRIC,28,45,67.0,1289.0,86363.0,2025-03-18
2025031805012432,NRIC,28,29,53.0,1289.0,68317.0,2025-03-18
2025031805012431,NRIC,28,35,180.0,1287.0,231660.0,2025-03-18
2025031805012430,CHDC,69,56,20.0,2269.9,45398.0,2025-03-18
2025031805012429,CHDC,28,56,10.0,2269.9,22699.0,2025-03-18
2025031803010511,SAPDBL,58,49,10.0,1163.0,11630.0,2025-03-18
2025031805012428,HIDCL,71,64,10.0,271.0,2710.0,2025-03-18
2025031805012427,HRL,71,55,10.0,986.0,9860.0,2025-03-18
2025031801015113,NWCL,5,45,100.0,980.0,98000.0,2025-03-18
2025031801015112,NWCL,5,8,50.0,980.0,49000.0,2025-03-18
2025031801015111,NWCL,5,58,40.0,980.0,39200.0,2025-03-18
2025031801015110,SHLB,45,45,50.0,2205.6,110280.0,2025-03-18
2025031801015109,SHLB,33,45,10.0,2205.6,22056.0,2025-03-18
2025031801015108,SHLB,44,45,10.0,2206.0,22060.0,2025-03-18
2025031805012426,HATHY,45,91,287.0,1318.0,378266.0,2025-03-18
2025031805012425,HATHY,45,42,335.0,1315.0,440525.0,2025-03-18
2025031805012424,HRL,1,55,100.0,987.0,98700.0,2025-03-18
2025031805012423,MEL,55,4,185.0,333.4,61679.0,2025-03-18
2025031804012718,GHL,66,34,20.0,305.0,6100.0,2025-03-18
2025031805012422,NIFRA,35,34,10.0,271.4,2714.0,2025-03-18
2025031803010510,SKBBL,22,37,10.0,812.3,8123.0,2025-03-18
2025031801015107,NICD88,38,46,4.0,1026.1,4104.4,2025-03-18
2025031803010509,SAPDBL,72,49,10.0,1163.0,11630.0,2025-03-18
2025031804012717,UAIL,53,74,10.0,668.0,6680.0,2025-03-18
2025031803010508,SMPDA,38,40,10.0,957.9,9579.0,2025-03-18
2025031801015106,LSL,38,22,141.0,226.0,31866.0,2025-03-18
2025031801015105,LSL,38,40,173.0,226.0,39098.0,2025-03-18
2025031801015104,LSL,38,17,1000.0,226.0,226000.0,2025-03-18
2025031801015103,LSL,38,58,500.0,226.0,113000.0,2025-03-18
2025031801015102,LSL,38,58,71.0,225.5,16010.5,2025-03-18
2025031801015101,LSL,38,22,200.0,225.5,45100.0,2025-03-18
2025031801015100,LSL,38,17,800.0,225.5,180400.0,2025-03-18
2025031801015099,LSL,38,32,100.0,225.0,22500.0,2025-03-18
2025031801015098,LSL,38,49,230.0,225.0,51750.0,2025-03-18
2025031801015097,LSL,38,43,100.0,225.0,22500.0,2025-03-18
2025031801015096,LSL,38,14,100.0,225.0,22500.0,2025-03-18
2025031801015095,LSL,38,45,30.0,225.0,6750.0,2025-03-18
2025031801015094,LSL,38,19,30.0,225.0,6750.0,2025-03-18
2025031801015093,LSL,38,44,300.0,224.9,67470.0,2025-03-18
2025031801015092,LSL,38,11,50.0,224.9,11245.0,2025-03-18
2025031801015091,LSL,38,25,20.0,224.8,4496.0,2025-03-18
2025031801015090,LSL,38,42,20.0,224.5,4490.0,2025-03-18
2025031801015089,LSL,38,58,90.0,224.5,20205.0,2025-03-18
2025031801015088,LSL,38,75,500.0,224.5,112250.0,2025-03-18
2025031801015087,LSL,38,25,200.0,224.4,44880.0,2025-03-18
2025031801015086,LSL,38,25,20.0,224.3,4486.0,2025-03-18
2025031801015085,LSL,38,25,20.0,224.2,4484.0,2025-03-18
2025031801015084,LSL,38,39,280.0,224.1,62748.0,2025-03-18
2025031803010507,FOWAD,38,45,80.0,1239.0,99120.0,2025-03-18
2025031803010506,FOWAD,38,34,120.0,1238.0,148560.0,2025-03-18
2025031805012421,HRL,84,51,10.0,987.9,9879.0,2025-03-18
2025031805012420,GCIL,70,51,364.0,554.8,201947.2,2025-03-18
2025031805012419,GCIL,70,56,50.0,554.0,27700.0,2025-03-18
2025031805012418,GCIL,70,21,11.0,554.0,6094.0,2025-03-18
2025031805012417,GCIL,70,34,79.0,554.0,43766.0,2025-03-18
2025031805012416,GCIL,70,38,60.0,554.0,33240.0,2025-03-18
2025031805012415,GCIL,70,38,20.0,554.0,11080.0,2025-03-18
2025031805012414,GCIL,70,51,16.0,553.9,8862.4,2025-03-18
2025031804012716,MHNL,32,25,40.0,274.0,10960.0,2025-03-18
2025031804012715,MHNL,32,57,160.0,273.0,43680.0,2025-03-18
2025031804012714,LEC,32,57,207.0,216.0,44712.0,2025-03-18
2025031804012713,LEC,32,42,14.0,216.0,3024.0,2025-03-18
2025031804012712,LEC,32,57,439.0,216.0,94824.0,2025-03-18
2025031804012711,LEC,32,59,45.0,215.9,9715.5,2025-03-18
2025031804012710,LEC,32,34,295.0,215.9,63690.5,2025-03-18
2025031805012413,NRIC,32,35,10.0,1287.0,12870.0,2025-03-18
2025031801015083,GMLI,55,41,10.0,1962.0,19620.0,2025-03-18
2025031804012709,SPIL,59,44,10.0,864.0,8640.0,2025-03-18
2025031804012708,API,59,45,180.0,278.1,50058.0,2025-03-18
2025031801015082,SIKLES,6,32,10.0,1195.0,11950.0,2025-03-18
2025031801015081,SIKLES,6,68,10.0,1190.0,11900.0,2025-03-18
2025031801015080,SIKLES,6,41,10.0,1190.0,11900.0,2025-03-18
2025031803010505,FMDBL,25,44,500.0,789.4,394700.0,2025-03-18
2025031801015079,GMLI,55,49,10.0,1962.0,19620.0,2025-03-18
2025031804012707,RURU,62,46,150.0,768.0,115200.0,2025-03-18
2025031803010504,NMBMF,62,41,20.0,745.0,14900.0,2025-03-18
2025031803010503,NMBMF,62,47,10.0,744.9,7449.0,2025-03-18
2025031803010502,NMBMF,62,55,10.0,743.0,7430.0,2025-03-18
2025031801015078,ULBSL,62,7,10.0,3774.0,37740.0,2025-03-18
2025031803010501,SLBSL,62,38,28.0,2370.0,66360.0,2025-03-18
2025031803010500,SLBSL,62,45,13.0,2370.0,30810.0,2025-03-18
2025031803010499,SLBSL,62,36,14.0,2370.0,33180.0,2025-03-18
2025031803010498,SLBSL,62,25,20.0,2370.0,47400.0,2025-03-18
2025031803010497,SLBSL,62,58,20.0,2370.0,47400.0,2025-03-18
2025031803010496,SLBSL,62,49,97.0,2370.0,229890.0,2025-03-18
2025031803010495,SLBSL,62,51,35.0,2370.0,82950.0,2025-03-18
2025031803010494,SLBSL,62,5,50.0,2370.0,118500.0,2025-03-18
2025031803010493,SLBSL,62,43,10.0,2370.0,23700.0,2025-03-18
2025031803010492,SLBSL,62,25,50.0,2370.0,118500.0,2025-03-18
2025031803010491,SLBSL,62,69,576.0,2369.9,1365062.4,2025-03-18
2025031803010490,SLBSL,62,4,31.0,2369.8,73463.8,2025-03-18
2025031803010489,SLBSL,62,67,56.0,2369.0,132664.0,2025-03-18
2025031805012412,NIFRA,41,34,100.0,271.4,27140.0,2025-03-18
2025031803010488,USLB,41,6,10.0,1699.9,16999.0,2025-03-18
2025031803010487,LICN,94,57,100.0,1034.0,103400.0,2025-03-18
2025031801015077,BNHC,94,42,20.0,528.5,10570.0,2025-03-18
2025031805012411,HIDCL,1,64,20.0,271.0,5420.0,2025-03-18
2025031804012706,NHDL,88,59,13.0,850.0,11050.0,2025-03-18
2025031804012705,NHDL,88,61,200.0,844.9,168980.0,2025-03-18
2025031804012704,NHDL,88,61,39.0,844.5,32935.5,2025-03-18
2025031803010486,EDBL,99,37,10.0,671.0,6710.0,2025-03-18
2025031804012703,UMHL,21,41,10.0,433.9,4339.0,2025-03-18
2025031804012702,AKJCL,58,17,50.0,208.5,10425.0,2025-03-18
2025031801015076,NABIL,17,38,40.0,491.4,19656.0,2025-03-18
2025031801015075,BHPL,60,49,10.0,1062.0,10620.0,2025-03-18
2025031801015074,RFPL,57,36,24.0,744.0,17856.0,2025-03-18
2025031801015073,USHEC,17,4,10.0,610.0,6100.0,2025-03-18
2025031801015072,SBL,50,49,20.0,288.0,5760.0,2025-03-18
2025031801015071,SBL,50,48,30.0,288.0,8640.0,2025-03-18
2025031804012701,HEI,48,68,10.0,629.0,6290.0,2025-03-18
2025031801015070,MBL,56,44,30.0,228.0,6840.0,2025-03-18
2025031801015069,MKHC,56,58,10.0,536.0,5360.0,2025-03-18
2025031804012700,BARUN,56,21,40.0,514.2,20568.0,2025-03-18
2025031804012699,SHEL,42,48,821.0,261.0,214281.0,2025-03-18
2025031801015068,MMKJL,77,99,360.0,723.0,260280.0,2025-03-18
2025031804012698,RIDI,56,34,319.0,228.0,72732.0,2025-03-18
2025031804012697,RIDI,56,22,181.0,227.9,41249.9,2025-03-18
2025031801015067,HBL,56,49,80.0,237.8,19024.0,2025-03-18
2025031801015066,HBL,56,22,100.0,237.0,23700.0,2025-03-18
2025031801015065,HBL,56,48,40.0,237.0,9480.0,2025-03-18
2025031801015064,HBL,56,63,440.0,236.9,104236.0,2025-03-18
2025031801015063,HBL,56,14,100.0,236.1,23610.0,2025-03-18
2025031804012696,HPPL,58,58,10.0,633.0,6330.0,2025-03-18
2025031804012695,HPPL,58,63,300.0,611.0,183300.0,2025-03-18
2025031804012694,HPPL,58,50,500.0,611.0,305500.0,2025-03-18
2025031804012693,HPPL,58,53,500.0,611.0,305500.0,2025-03-18
2025031804012692,HPPL,58,48,300.0,611.0,183300.0,2025-03-18
2025031804012691,HPPL,58,56,1815.0,601.8,1092267.0,2025-03-18
2025031804012690,HPPL,58,74,424.0,601.8,255163.2,2025-03-18
2025031804012689,HPPL,58,42,200.0,601.0,120200.0,2025-03-18
2025031804012688,HPPL,58,58,134.0,600.7,80493.8,2025-03-18
2025031804012687,HPPL,58,6,1005.0,600.7,603703.5,2025-03-18
2025031804012686,HPPL,58,49,2900.0,600.7,1742030.0,2025-03-18
2025031804012685,HPPL,58,11,200.0,600.7,120140.0,2025-03-18
2025031804012684,HPPL,58,32,500.0,600.7,300350.0,2025-03-18
2025031804012683,HPPL,58,52,134.0,600.7,80493.8,2025-03-18
2025031804012682,HPPL,58,42,10.0,600.7,6007.0,2025-03-18
2025031804012681,HPPL,58,32,500.0,600.7,300350.0,2025-03-18
2025031804012680,HPPL,58,34,10.0,600.0,6000.0,2025-03-18
2025031804012679,HPPL,58,74,100.0,600.0,60000.0,2025-03-18
2025031804012678,HPPL,58,42,50.0,600.0,30000.0,2025-03-18
2025031804012677,HPPL,58,98,490.0,599.7,293853.0,2025-03-18
2025031804012676,HPPL,58,14,50.0,599.7,29985.0,2025-03-18
2025031804012675,HPPL,58,6,50.0,599.7,29985.0,2025-03-18
2025031804012674,HPPL,58,38,159.0,599.7,95352.3,2025-03-18
2025031804012673,MEN,5,69,1000.0,590.1,590100.0,2025-03-18
2025031803010485,NABBC,28,21,10.0,1922.0,19220.0,2025-03-18
2025031801015062,MEHL,34,62,10.0,584.0,5840.0,2025-03-18
2025031805012410,NRIC,49,29,500.0,1283.0,641500.0,2025-03-18
2025031803010484,GRDBL,28,74,125.0,1343.6,167950.0,2025-03-18
2025031803010483,GRDBL,28,33,50.0,1343.6,67180.0,2025-03-18
2025031803010482,GRDBL,28,43,300.0,1342.9,402870.0,2025-03-18
2025031803010481,GRDBL,28,65,100.0,1342.0,134200.0,2025-03-18
2025031803010480,GRDBL,28,45,40.0,1340.0,53600.0,2025-03-18
2025031803010479,GRDBL,28,52,30.0,1337.0,40110.0,2025-03-18
2025031803010478,GRDBL,28,33,610.0,1335.0,814350.0,2025-03-18
2025031801015061,SGHC,34,71,10.0,507.9,5079.0,2025-03-18
2025031803010477,GRDBL,28,49,20.0,1335.0,26700.0,2025-03-18
2025031801015060,SGHC,34,41,10.0,505.0,5050.0,2025-03-18
2025031801015059,SGHC,34,44,10.0,504.0,5040.0,2025-03-18
2025031801015058,SGHC,34,16,20.0,503.9,10078.0,2025-03-18
2025031803010476,GRDBL,28,61,35.0,1335.0,46725.0,2025-03-18
2025031803010475,GRDBL,28,71,500.0,1334.9,667450.0,2025-03-18
2025031803010474,GRDBL,28,34,100.0,1333.0,133300.0,2025-03-18
2025031803010473,GRDBL,28,49,90.0,1331.0,119790.0,2025-03-18
2025031801015057,HHL,34,63,600.0,514.0,308400.0,2025-03-18
2025031801015056,MMKJL,90,65,152.0,719.0,109288.0,2025-03-18
2025031801015055,MMKJL,22,65,115.0,719.0,82685.0,2025-03-18
2025031801015054,MMKJL,13,65,90.0,720.0,64800.0,2025-03-18
2025031801015053,MMKJL,16,65,643.0,720.1,463024.3,2025-03-18
2025031805012409,NIFRA,58,34,10.0,271.4,2714.0,2025-03-18
2025031801015052,TAMOR,58,48,15.0,532.9,7993.5,2025-03-18
2025031801015051,MEHL,5,62,63.0,584.0,36792.0,2025-03-18
2025031801015050,MEHL,5,88,37.0,584.0,21608.0,2025-03-18
2025031804012672,HDHPC,42,22,255.0,202.1,51535.5,2025-03-18
2025031801015049,BHDC,5,59,10.0,607.4,6074.0,2025-03-18
2025031801015048,BHDC,5,49,10.0,605.0,6050.0,2025-03-18
2025031801015047,BHDC,5,49,10.0,605.0,6050.0,2025-03-18
2025031801015046,BHDC,5,34,20.0,601.5,12030.0,2025-03-18
2025031801015045,GMLI,55,7,10.0,1962.0,19620.0,2025-03-18
2025031803010472,MSLB,7,49,10.0,1340.0,13400.0,2025-03-18
2025031804012671,GHL,48,92,324.0,293.0,94932.0,2025-03-18
2025031804012670,GHL,58,92,2000.0,293.0,586000.0,2025-03-18
2025031804012669,GHL,34,92,183.0,293.0,53619.0,2025-03-18
2025031801015044,USHEC,25,62,11.0,680.0,7480.0,2025-03-18
2025031801015043,USHEC,25,38,10.0,671.1,6711.0,2025-03-18
2025031801015042,USHEC,25,19,160.0,671.0,107360.0,2025-03-18
2025031801015041,USHEC,25,38,500.0,671.0,335500.0,2025-03-18
2025031801015040,USHEC,25,95,100.0,670.0,67000.0,2025-03-18
2025031801015039,USHEC,25,19,40.0,670.0,26800.0,2025-03-18
2025031801015038,USHEC,25,19,90.0,669.0,60210.0,2025-03-18
2025031801015037,USHEC,25,37,100.0,668.0,66800.0,2025-03-18
2025031801015036,USHEC,25,48,100.0,656.0,65600.0,2025-03-18
2025031801015035,USHEC,25,32,189.0,643.6,121640.4,2025-03-18
2025031801015034,GBIME,62,55,12.0,221.0,2652.0,2025-03-18
2025031801015033,GBIME,57,55,100.0,221.0,22100.0,2025-03-18
2025031801015032,GBIME,38,55,35.0,221.0,7735.0,2025-03-18
2025031801015031,GBIME,49,55,22.0,221.0,4862.0,2025-03-18
2025031801015030,GBIME,45,55,15.0,221.0,3315.0,2025-03-18
2025031801015029,GBIME,29,55,50.0,221.0,11050.0,2025-03-18
2025031801015028,GBIME,50,55,25.0,221.0,5525.0,2025-03-18
2025031801015027,GBIME,6,55,141.0,221.1,31175.1,2025-03-18
2025031805012408,NRN,91,55,60.0,1407.3,84438.0,2025-03-18
2025031805012407,NRN,34,55,90.0,1407.4,126666.0,2025-03-18
2025031801015026,MHL,14,35,34.0,754.5,25653.0,2025-03-18
2025031801015025,MHL,63,35,128.0,754.6,96588.8,2025-03-18
2025031804012668,UPCL,35,36,20.0,303.8,6076.0,2025-03-18
2025031803010471,SINDU,38,35,275.0,1069.0,293975.0,2025-03-18
2025031803010470,SINDU,44,35,41.0,1069.0,43829.0,2025-03-18
2025031805012406,HIDCL,53,64,10.0,271.0,2710.0,2025-03-18
2025031803010469,SLBSL,72,67,44.0,2369.0,104236.0,2025-03-18
2025031803010468,SLBSL,72,45,10.0,2368.0,23680.0,2025-03-18
2025031803010467,SLBSL,72,45,10.0,2367.0,23670.0,2025-03-18
2025031803010466,SLBSL,72,67,163.0,2365.0,385495.0,2025-03-18
2025031803010465,SLBSL,72,37,100.0,2363.9,236390.0,2025-03-18
2025031803010464,SLBSL,72,37,200.0,2362.0,472400.0,2025-03-18
2025031803010463,SLBSL,72,42,100.0,2360.0,236000.0,2025-03-18
2025031803010462,SLBSL,72,37,100.0,2359.0,235900.0,2025-03-18
2025031803010461,SLBSL,72,48,14.0,2324.0,32536.0,2025-03-18
2025031803010460,SLBSL,72,67,11.0,2324.0,25564.0,2025-03-18
2025031803010459,SLBSL,72,45,100.0,2323.8,232380.0,2025-03-18
2025031803010458,SLBSL,72,25,100.0,2323.8,232380.0,2025-03-18
2025031803010457,SLBSL,72,45,38.0,2323.8,88304.4,2025-03-18
2025031803010456,SLBSL,72,21,10.0,2323.8,23238.0,2025-03-18
2025031803010455,CORBL,72,8,10.0,1869.9,18699.0,2025-03-18
2025031805012405,GCIL,38,51,56.0,553.9,31018.4,2025-03-18
2025031805012404,GCIL,38,4,300.0,553.9,166170.0,2025-03-18
2025031805012403,GCIL,38,21,135.0,553.0,74655.0,2025-03-18
2025031805012402,GCIL,38,58,10.0,552.0,5520.0,2025-03-18
2025031805012401,GCIL,38,16,294.0,551.0,161994.0,2025-03-18
2025031805012400,GCIL,38,26,416.0,550.1,228841.6,2025-03-18
2025031805012399,GCIL,38,58,21.0,550.0,11550.0,2025-03-18
2025031805012398,GCIL,38,54,100.0,550.0,55000.0,2025-03-18
2025031805012397,GCIL,38,58,19.0,550.0,10450.0,2025-03-18
2025031805012396,GCIL,38,58,10.0,550.0,5500.0,2025-03-18
2025031805012395,GCIL,38,32,11.0,550.0,6050.0,2025-03-18
2025031805012394,GCIL,38,36,68.0,550.0,37400.0,2025-03-18
2025031805012393,GCIL,38,4,60.0,549.9,32994.0,2025-03-18
2025031801015024,USHEC,38,32,811.0,643.6,521959.6,2025-03-18
2025031801015023,USHEC,38,1,300.0,643.6,193080.0,2025-03-18
2025031801015022,USHEC,38,52,10.0,642.6,6426.0,2025-03-18
2025031801015021,USHEC,38,35,10.0,642.5,6425.0,2025-03-18
2025031801015020,USHEC,38,32,10.0,640.0,6400.0,2025-03-18
2025031801015019,USHEC,38,42,10.0,637.5,6375.0,2025-03-18
2025031801015018,USHEC,38,58,10.0,637.0,6370.0,2025-03-18
2025031801015017,USHEC,38,3,100.0,637.0,63700.0,2025-03-18
2025031801015016,USHEC,38,55,10.0,636.4,6364.0,2025-03-18
2025031801015015,USHEC,38,58,10.0,635.0,6350.0,2025-03-18
2025031801015014,USHEC,38,38,10.0,635.0,6350.0,2025-03-18
2025031801015013,USHEC,38,58,10.0,635.0,6350.0,2025-03-18
2025031801015012,USHEC,38,58,10.0,634.0,6340.0,2025-03-18
2025031801015011,USHEC,38,94,50.0,634.0,31700.0,2025-03-18
2025031801015010,USHEC,38,51,200.0,633.0,126600.0,2025-03-18
2025031801015009,USHEC,38,32,330.0,631.0,208230.0,2025-03-18
2025031801015008,USHEC,38,32,250.0,630.0,157500.0,2025-03-18
2025031801015007,USHEC,38,11,100.0,630.0,63000.0,2025-03-18
2025031801015006,USHEC,38,32,1000.0,627.3,627300.0,2025-03-18
2025031801015005,USHEC,38,59,100.0,627.0,62700.0,2025-03-18
2025031801015004,USHEC,38,42,10.0,625.0,6250.0,2025-03-18
2025031801015003,USHEC,38,58,10.0,625.0,6250.0,2025-03-18
2025031801015002,USHEC,38,47,100.0,624.0,62400.0,2025-03-18
2025031801015001,USHEC,38,48,509.0,621.0,316089.0,2025-03-18
2025031801015000,USHEC,38,89,50.0,621.0,31050.0,2025-03-18
2025031801014999,USHEC,38,68,980.0,621.0,608580.0,2025-03-18
2025031801014998,PPL,32,49,130.0,530.0,68900.0,2025-03-18
2025031801014997,PPL,32,7,10.0,530.0,5300.0,2025-03-18
2025031801014996,PPL,32,48,300.0,530.0,159000.0,2025-03-18
2025031801014995,PPL,32,58,10.0,528.0,5280.0,2025-03-18
2025031801014994,PPL,32,47,500.0,528.0,264000.0,2025-03-18
2025031801014993,PPL,32,75,10.0,528.0,5280.0,2025-03-18
2025031801014992,PPL,32,58,10.0,528.0,5280.0,2025-03-18
2025031801014991,PPL,32,49,10.0,528.0,5280.0,2025-03-18
2025031801014990,PPL,32,34,10.0,528.0,5280.0,2025-03-18
2025031801014989,PPL,32,4,10.0,528.0,5280.0,2025-03-18
2025031801014988,MKHL,6,32,215.0,702.0,150930.0,2025-03-18
2025031801014987,GMLI,55,13,10.0,1962.0,19620.0,2025-03-18
2025031803010454,SADBL,33,32,50.0,417.9,20895.0,2025-03-18
2025031801014986,BHDC,13,49,10.0,600.0,6000.0,2025-03-18
2025031801014985,MKHC,62,58,400.0,536.0,214400.0,2025-03-18
2025031801014984,NYADI,62,6,10.0,588.0,5880.0,2025-03-18
2025031801014983,MLBS,34,62,10.0,1899.4,18994.0,2025-03-18
2025031801014982,MLBS,74,44,10.0,1945.0,19450.0,2025-03-18
2025031801014981,BGWT,60,92,10.0,1069.9,10699.0,2025-03-18
2025031803010453,USLB,25,57,10.0,1672.0,16720.0,2025-03-18
2025031805012392,HRL,28,81,188.0,985.2,185217.6,2025-03-18
2025031805012391,HRL,7,81,145.0,985.3,142868.5,2025-03-18
2025031805012390,HRL,21,81,30.0,985.4,29562.0,2025-03-18
2025031805012389,HRL,49,81,200.0,985.5,197100.0,2025-03-18
2025031805012388,HRL,50,81,50.0,985.5,49275.0,2025-03-18
2025031805012387,HRL,16,81,210.0,985.6,206976.0,2025-03-18
2025031805012386,HRL,81,81,1000.0,985.8,985800.0,2025-03-18
2025031805012385,HRL,85,81,344.0,985.9,339149.6,2025-03-18
2025031805012384,HRL,44,81,500.0,986.0,493000.0,2025-03-18
2025031805012383,HRL,62,81,1000.0,986.1,986100.0,2025-03-18
2025031805012382,HRL,41,81,120.0,986.1,118332.0,2025-03-18
2025031805012381,HRL,48,81,1000.0,986.1,986100.0,2025-03-18
2025031805012380,HRL,36,81,93.0,986.1,91707.3,2025-03-18
2025031805012379,HRL,46,81,20.0,986.2,19724.0,2025-03-18
2025031805012378,HRL,26,81,50.0,986.6,49330.0,2025-03-18
2025031805012377,HRL,33,81,50.0,986.7,49335.0,2025-03-18
2025031804012667,UMRH,69,43,10.0,639.9,6399.0,2025-03-18
2025031804012666,UMRH,69,10,90.0,639.8,57582.0,2025-03-18
2025031803010452,JSLBB,34,95,10.0,1533.0,15330.0,2025-03-18
2025031803010451,FMDBL,34,21,10.0,794.0,7940.0,2025-03-18
2025031803010450,FMDBL,34,56,20.0,792.0,15840.0,2025-03-18
2025031801014980,DLBS,22,58,49.0,1618.9,79326.1,2025-03-18
2025031801014979,GMLI,55,45,10.0,1962.0,19620.0,2025-03-18
2025031804012665,GHL,41,34,10.0,305.0,3050.0,2025-03-18
2025031803010449,GBBL,45,58,177.0,399.9,70782.3,2025-03-18
2025031803010448,GBBL,45,22,83.0,399.8,33183.4,2025-03-18
2025031803010447,GBBL,45,44,240.0,399.4,95856.0,2025-03-18
2025031801014978,CKHL,14,26,10.0,743.0,7430.0,2025-03-18
2025031803010446,MDB,48,95,256.0,640.0,163840.0,2025-03-18
2025031803010445,MDB,41,95,250.0,640.1,160025.0,2025-03-18
2025031803010444,MDB,13,95,100.0,640.2,64020.0,2025-03-18
2025031803010443,SFCL,39,32,397.0,540.0,214380.0,2025-03-18
2025031804012664,UMHL,1,72,499.0,433.1,216116.9,2025-03-18
2025031804012663,UMHL,91,72,500.0,433.1,216550.0,2025-03-18
2025031804012662,UMHL,8,72,1000.0,433.2,433200.0,2025-03-18
2025031804012661,UMHL,45,72,201.0,433.2,87073.2,2025-03-18
2025031805012376,HATHY,38,38,10.0,1313.0,13130.0,2025-03-18
2025031803010442,ICFC,41,58,50.0,630.0,31500.0,2025-03-18
2025031804012660,PPCL,38,80,250.0,331.3,82825.0,2025-03-18
2025031804012659,PPCL,38,7,50.0,331.3,16565.0,2025-03-18
2025031804012658,PPCL,38,36,100.0,331.0,33100.0,2025-03-18
2025031804012657,PPCL,38,42,100.0,331.0,33100.0,2025-03-18
2025031803010441,SINDU,32,54,10.0,1088.0,10880.0,2025-03-18
2025031803010440,SINDU,32,58,200.0,1085.0,217000.0,2025-03-18
2025031803010439,SINDU,32,57,50.0,1077.0,53850.0,2025-03-18
2025031803010438,SINDU,32,64,50.0,1077.0,53850.0,2025-03-18
2025031803010437,SINDU,32,13,10.0,1076.9,10769.0,2025-03-18
2025031803010436,SINDU,32,59,10.0,1074.9,10749.0,2025-03-18
2025031803010435,SINDU,32,39,50.0,1070.0,53500.0,2025-03-18
2025031803010434,SINDU,32,4,60.0,1070.0,64200.0,2025-03-18
2025031803010433,SINDU,32,54,60.0,1070.0,64200.0,2025-03-18
2025031801014977,PRVU,32,63,10.0,216.5,2165.0,2025-03-18
2025031801014976,MEHL,59,88,300.0,584.0,175200.0,2025-03-18
2025031804012656,HURJA,13,14,100.0,243.5,24350.0,2025-03-18
2025031801014975,MEHL,6,88,100.0,584.0,58400.0,2025-03-18
2025031804012655,TRH,49,72,11.0,1104.0,12144.0,2025-03-18
2025031804012654,TRH,49,55,10.0,1103.8,11038.0,2025-03-18
2025031804012653,TRH,49,42,40.0,1103.0,44120.0,2025-03-18
2025031804012652,TRH,49,42,20.0,1103.0,22060.0,2025-03-18
2025031804012651,TRH,49,1,10.0,1103.0,11030.0,2025-03-18
2025031803010432,GRDBL,1,49,10.0,1331.0,13310.0,2025-03-18
2025031803010431,MLBL,56,1,335.0,416.6,139561.0,2025-03-18
2025031803010430,MLBL,55,1,100.0,416.7,41670.0,2025-03-18
2025031801014974,GMLI,55,21,10.0,1962.0,19620.0,2025-03-18
2025031801014973,NWCL,5,60,185.0,977.0,180745.0,2025-03-18
2025031801014972,NWCL,28,60,100.0,977.2,97720.0,2025-03-18
2025031801014971,NWCL,57,60,15.0,977.3,14659.5,2025-03-18
2025031803010429,LICN,57,57,10.0,1034.0,10340.0,2025-03-18
2025031801014970,RFPL,57,57,30.0,743.0,22290.0,2025-03-18
2025031801014969,MEHL,57,57,313.0,575.1,180006.3,2025-03-18
2025031801014968,MEHL,11,57,200.0,575.2,115040.0,2025-03-18
2025031801014967,MEHL,42,57,497.0,576.0,286272.0,2025-03-18
2025031804012650,SHEL,6,48,179.0,261.0,46719.0,2025-03-18
2025031805012375,VLUCL,14,48,70.0,700.0,49000.0,2025-03-18
2025031805012374,VLUCL,14,48,10.0,700.0,7000.0,2025-03-18
2025031805012373,VLUCL,14,48,30.0,700.0,21000.0,2025-03-18
2025031805012372,VLUCL,25,48,50.0,700.0,35000.0,2025-03-18
2025031805012371,VLUCL,52,48,40.0,700.0,28000.0,2025-03-18
2025031805012370,VLUCL,34,48,200.0,700.1,140020.0,2025-03-18
2025031805012369,VLUCL,1,48,10.0,700.1,7001.0,2025-03-18
2025031805012368,VLUCL,64,48,80.0,700.1,56008.0,2025-03-18
2025031805012367,VLUCL,8,48,100.0,700.2,70020.0,2025-03-18
2025031805012366,VLUCL,1,48,10.0,700.2,7002.0,2025-03-18
2025031803010428,GFCL,42,45,25.0,704.0,17600.0,2025-03-18
2025031803010427,GMFIL,42,32,60.0,513.0,30780.0,2025-03-18
2025031804012649,NHDL,28,61,11.0,844.5,9289.5,2025-03-18
2025031801014966,ULHC,90,3,10.0,526.0,5260.0,2025-03-18
2025031803010426,SMFBS,34,59,10.0,1885.0,18850.0,2025-03-18
2025031803010425,SMFBS,34,49,90.0,1884.9,169641.0,2025-03-18
2025031804012648,GHL,71,34,300.0,305.0,91500.0,2025-03-18
2025031804012647,GLH,41,22,40.0,253.0,10120.0,2025-03-18
2025031803010424,SINDU,22,54,20.0,1070.0,21400.0,2025-03-18
2025031801014965,HHL,57,63,83.0,514.0,42662.0,2025-03-18
2025031804012646,AKJCL,58,42,10.0,208.7,2087.0,2025-03-18
2025031803010423,GBLBS,48,46,100.0,824.1,82410.0,2025-03-18
2025031801014964,SPC,75,46,10.0,559.0,5590.0,2025-03-18
2025031801014963,CITY,56,13,300.0,875.2,262560.0,2025-03-18
2025031801014962,CITY,17,13,40.0,877.0,35080.0,2025-03-18
2025031801014961,CITY,55,13,50.0,877.0,43850.0,2025-03-18
2025031801014960,CITY,26,13,10.0,877.8,8778.0,2025-03-18
2025031801014959,USHEC,17,38,2564.0,610.0,1564040.0,2025-03-18
2025031801014958,USHEC,62,38,20.0,610.0,12200.0,2025-03-18
2025031801014957,USHEC,25,38,50.0,610.0,30500.0,2025-03-18
2025031801014956,USHEC,16,38,40.0,610.0,24400.0,2025-03-18
2025031801014955,USHEC,65,38,300.0,611.1,183330.0,2025-03-18
2025031801014954,USHEC,34,38,84.0,611.2,51340.8,2025-03-18
2025031801014953,USHEC,65,38,300.0,612.1,183630.0,2025-03-18
2025031801014952,USHEC,17,38,1442.0,612.2,882792.4,2025-03-18
2025031801014951,USHEC,51,38,200.0,612.5,122500.0,2025-03-18
2025031801014950,MLBS,74,45,10.0,1944.0,19440.0,2025-03-18
2025031804012645,SGIC,49,48,150.0,675.2,101280.0,2025-03-18
2025031804012644,SGIC,49,57,47.0,675.2,31734.4,2025-03-18
2025031804012643,PPCL,28,51,260.0,330.4,85904.0,2025-03-18
2025031804012642,PPCL,17,51,50.0,330.5,16525.0,2025-03-18
2025031804012641,PPCL,38,51,190.0,330.5,62795.0,2025-03-18
2025031801014949,SCB,93,19,10.0,654.9,6549.0,2025-03-18
2025031803010422,NABBC,20,55,50.0,1921.0,96050.0,2025-03-18
2025031803010421,NABBC,20,5,50.0,1913.0,95650.0,2025-03-18
2025031803010420,EDBL,49,47,49.0,665.0,32585.0,2025-03-18
2025031803010419,EDBL,17,47,100.0,665.0,66500.0,2025-03-18
2025031803010418,EDBL,49,47,20.0,665.1,13302.0,2025-03-18
2025031805012365,HDL,47,34,10.0,1230.0,12300.0,2025-03-18
2025031805012364,HDL,47,17,10.0,1230.0,12300.0,2025-03-18
2025031805012363,HDL,47,26,14.0,1230.0,17220.0,2025-03-18
2025031805012362,HDL,47,44,99.0,1229.9,121760.1,2025-03-18
2025031805012361,HDL,47,42,120.0,1229.5,147540.0,2025-03-18
2025031803010417,KSBBL,56,47,100.0,442.5,44250.0,2025-03-18
2025031803010416,KSBBL,70,47,400.0,442.5,177000.0,2025-03-18
2025031801014948,SGHC,6,17,170.0,503.1,85527.0,2025-03-18
2025031804012640,IGI,17,36,209.0,604.0,126236.0,2025-03-18
2025031804012639,PPCL,38,50,100.0,330.5,33050.0,2025-03-18
2025031803010415,PFL,59,50,600.0,452.0,271200.0,2025-03-18
2025031801014947,SPL,48,8,40.0,905.0,36200.0,2025-03-18
2025031801014946,BEDC,64,28,10.0,901.0,9010.0,2025-03-18
2025031801014945,BEDC,64,64,50.0,901.0,45050.0,2025-03-18
2025031801014944,BEDC,64,34,1000.0,867.0,867000.0,2025-03-18
2025031801014943,BEDC,64,45,21.0,863.4,18131.4,2025-03-18
2025031801014942,BEDC,64,6,150.0,856.8,128520.0,2025-03-18
2025031801014941,BEDC,64,45,400.0,856.8,342720.0,2025-03-18
2025031801014940,BEDC,64,58,10.0,856.0,8560.0,2025-03-18
2025031801014939,BEDC,64,67,1400.0,856.0,1198400.0,2025-03-18
2025031801014938,BEDC,64,14,100.0,854.2,85420.0,2025-03-18
2025031801014937,BEDC,64,1,10.0,854.1,8541.0,2025-03-18
2025031801014936,BEDC,64,49,70.0,853.9,59773.0,2025-03-18
2025031801014935,BEDC,64,16,100.0,853.9,85390.0,2025-03-18
2025031801014934,BEDC,64,71,300.0,853.7,256110.0,2025-03-18
2025031801014933,BEDC,64,51,100.0,853.7,85370.0,2025-03-18
2025031801014932,BEDC,64,33,100.0,853.7,85370.0,2025-03-18
2025031801014931,BEDC,64,94,2000.0,853.1,1706200.0,2025-03-18
2025031801014930,BEDC,64,56,975.0,853.0,831675.0,2025-03-18
2025031801014929,BEDC,64,57,20.0,853.0,17060.0,2025-03-18
2025031801014928,BEDC,64,49,10.0,853.0,8530.0,2025-03-18
2025031801014927,BEDC,64,45,100.0,853.0,85300.0,2025-03-18
2025031801014926,BEDC,64,40,10.0,853.0,8530.0,2025-03-18
2025031801014925,BEDC,64,42,10.0,853.0,8530.0,2025-03-18
2025031801014924,BEDC,64,40,100.0,853.0,85300.0,2025-03-18
2025031801014923,BEDC,64,49,10.0,852.7,8527.0,2025-03-18
2025031801014922,BEDC,64,94,300.0,852.7,255810.0,2025-03-18
2025031801014921,BEDC,64,94,10.0,852.6,8526.0,2025-03-18
2025031801014920,BEDC,64,94,10.0,852.5,8525.0,2025-03-18
2025031801014919,BEDC,64,94,10.0,852.4,8524.0,2025-03-18
2025031801014918,BEDC,64,94,10.0,852.3,8523.0,2025-03-18
2025031801014917,BEDC,64,94,10.0,852.2,8522.0,2025-03-18
2025031801014916,BEDC,64,58,10.0,852.0,8520.0,2025-03-18
2025031801014915,BEDC,64,53,50.0,852.0,42600.0,2025-03-18
2025031801014914,BEDC,64,58,400.0,852.0,340800.0,2025-03-18
2025031801014913,BEDC,64,58,10.0,852.0,8520.0,2025-03-18
2025031801014912,BEDC,64,46,100.0,851.9,85190.0,2025-03-18
2025031801014911,BEDC,64,32,100.0,850.0,85000.0,2025-03-18
2025031801014910,BEDC,64,40,90.0,850.0,76500.0,2025-03-18
2025031801014909,BEDC,64,70,996.0,840.0,836640.0,2025-03-18
2025031805012360,NRIC,14,35,10.0,1287.0,12870.0,2025-03-18
2025031801014908,BGWT,57,92,40.0,1069.9,42796.0,2025-03-18
2025031801014907,BGWT,57,52,90.0,1069.9,96291.0,2025-03-18
2025031803010414,LICN,32,28,50.0,1033.0,51650.0,2025-03-18
2025031801014906,SRLI,42,81,110.0,422.0,46420.0,2025-03-18
2025031801014905,SRLI,42,38,11.0,422.0,4642.0,2025-03-18
2025031801014904,SRLI,42,46,45.0,422.0,18990.0,2025-03-18
2025031803010413,GMFIL,68,29,10.0,513.0,5130.0,2025-03-18
2025031803010412,LBBL,5,62,40.0,448.9,17956.0,2025-03-18
2025031801014903,BGWT,22,52,10.0,1069.9,10699.0,2025-03-18
2025031805012359,MEL,63,4,40.0,333.4,13336.0,2025-03-18
2025031805012358,MEL,63,16,960.0,333.4,320064.0,2025-03-18
2025031803010411,BFC,32,63,75.0,586.0,43950.0,2025-03-18
2025031803010410,BFC,48,63,45.0,586.0,26370.0,2025-03-18
2025031803010409,BFC,58,63,80.0,587.0,46960.0,2025-03-18
2025031805012357,NTC,38,45,23.0,907.0,20861.0,2025-03-18
2025031803010408,KSBBL,45,38,47.0,443.0,20821.0,2025-03-18
2025031804012638,GHL,35,34,300.0,305.0,91500.0,2025-03-18
2025031804012637,UMHL,45,37,16.0,433.2,6931.2,2025-03-18
2025031804012636,UMHL,70,37,69.0,433.4,29904.6,2025-03-18
2025031804012635,UMHL,8,37,15.0,433.5,6502.5,2025-03-18
2025031803010407,ICFC,37,35,10.0,630.0,6300.0,2025-03-18
2025031804012634,KPCL,55,41,10.0,544.0,5440.0,2025-03-18
2025031804012633,KPCL,55,39,40.0,543.9,21756.0,2025-03-18
2025031801014902,PRVU,58,63,10.0,216.5,2165.0,2025-03-18
2025031804012632,AKPL,58,33,600.0,232.5,139500.0,2025-03-18
2025031801014901,MEHL,46,88,63.0,584.0,36792.0,2025-03-18
2025031801014900,MEHL,46,58,50.0,584.0,29200.0,2025-03-18
2025031801014899,MEHL,46,11,87.0,583.0,50721.0,2025-03-18
2025031805012356,HRL,33,58,10.0,986.6,9866.0,2025-03-18
2025031801014898,SARBTM,58,57,100.0,820.0,82000.0,2025-03-18
2025031801014897,SARBTM,58,34,147.0,820.0,120540.0,2025-03-18
2025031801014896,SARBTM,58,34,500.0,819.0,409500.0,2025-03-18
2025031801014895,SARBTM,58,10,30.0,816.0,24480.0,2025-03-18
2025031801014894,SARBTM,58,94,50.0,815.0,40750.0,2025-03-18
2025031801014893,SARBTM,58,10,20.0,815.0,16300.0,2025-03-18
2025031801014892,SARBTM,58,59,420.0,815.0,342300.0,2025-03-18
2025031801014891,SARBTM,58,34,190.0,814.0,154660.0,2025-03-18
2025031801014890,SARBTM,58,58,90.0,814.0,73260.0,2025-03-18
2025031801014889,SARBTM,58,71,136.0,813.0,110568.0,2025-03-18
2025031805012355,GCIL,83,8,84.0,549.5,46158.0,2025-03-18
2025031801014888,SRLI,53,46,20.0,422.0,8440.0,2025-03-18
2025031801014887,NYADI,41,90,94.0,589.9,55450.6,2025-03-18
2025031801014886,NYADI,41,48,75.0,589.5,44212.5,2025-03-18
2025031801014885,NYADI,41,34,425.0,589.5,250537.5,2025-03-18
2025031801014884,NYADI,41,92,124.0,589.0,73036.0,2025-03-18
2025031801014883,NYADI,41,8,1222.0,589.0,719758.0,2025-03-18
2025031801014882,NYADI,41,58,60.0,588.9,35334.0,2025-03-18
2025031803010406,LBBL,100,59,261.0,448.3,117006.3,2025-03-18
2025031803010405,LBBL,29,59,100.0,448.4,44840.0,2025-03-18
2025031803010404,LBBL,25,59,129.0,448.4,57843.6,2025-03-18
2025031804012631,UAIL,45,38,60.0,661.2,39672.0,2025-03-18
2025031804012630,UAIL,51,38,20.0,661.2,13224.0,2025-03-18
2025031804012629,UAIL,49,38,312.0,661.2,206294.4,2025-03-18
2025031804012628,TRH,38,1,10.0,1103.0,11030.0,2025-03-18
2025031804012627,SHEL,6,36,100.0,261.0,26100.0,2025-03-18
2025031804012626,SHEL,6,43,91.0,261.0,23751.0,2025-03-18
2025031804012625,SHEL,6,56,130.0,260.3,33839.0,2025-03-18
2025031804012624,UMHL,94,41,250.0,433.9,108475.0,2025-03-18
2025031804012623,UNHPL,49,62,10.0,318.5,3185.0,2025-03-18
2025031803010403,JBBL,51,21,81.0,353.3,28617.3,2025-03-18
2025031803010402,JBBL,4,21,119.0,353.5,42066.5,2025-03-18
2025031805012354,RNLI,59,51,156.0,565.0,88140.0,2025-03-18
2025031805012353,RNLI,7,51,44.0,565.0,24860.0,2025-03-18
2025031804012622,GHL,60,34,10.0,305.0,3050.0,2025-03-18
2025031801014881,BHPL,60,49,10.0,1062.0,10620.0,2025-03-18
2025031801014880,BHPL,60,57,10.0,1060.0,10600.0,2025-03-18
2025031801014879,BHPL,60,84,10.0,1058.0,10580.0,2025-03-18
2025031801014878,BHPL,60,58,10.0,1055.0,10550.0,2025-03-18
2025031801014877,BHPL,60,20,10.0,1055.0,10550.0,2025-03-18
2025031805012352,GCIL,83,4,10.0,549.5,5495.0,2025-03-18
2025031805012351,GCIL,1,4,10.0,549.5,5495.0,2025-03-18
2025031803010401,BFC,57,55,100.0,587.5,58750.0,2025-03-18
2025031803010400,GRDBL,28,71,130.0,1325.0,172250.0,2025-03-18
2025031803010399,GRDBL,41,71,50.0,1325.1,66255.0,2025-03-18
2025031803010398,JFL,43,38,50.0,529.9,26495.0,2025-03-18
2025031801014876,NESDO,66,33,10.0,1876.0,18760.0,2025-03-18
2025031801014875,GMLI,55,45,10.0,1962.0,19620.0,2025-03-18
2025031804012621,RURU,26,46,170.0,768.0,130560.0,2025-03-18
2025031804012620,RURU,26,13,15.0,767.0,11505.0,2025-03-18
2025031804012619,RURU,26,4,36.0,767.0,27612.0,2025-03-18
2025031804012618,RURU,26,34,10.0,765.8,7658.0,2025-03-18
2025031804012617,RURU,26,34,18.0,765.7,13782.6,2025-03-18
2025031804012616,RURU,26,18,50.0,765.0,38250.0,2025-03-18
2025031804012615,RURU,26,14,13.0,765.0,9945.0,2025-03-18
2025031804012614,RURU,26,34,100.0,760.0,76000.0,2025-03-18
2025031804012613,RURU,26,56,75.0,760.0,57000.0,2025-03-18
2025031804012612,RURU,26,59,293.0,758.0,222094.0,2025-03-18
2025031804012611,RURU,26,14,20.0,757.0,15140.0,2025-03-18
2025031801014874,HHL,57,37,167.0,514.0,85838.0,2025-03-18
2025031801014873,HHL,34,37,90.0,515.9,46431.0,2025-03-18
2025031803010397,MSLB,70,36,10.0,1335.0,13350.0,2025-03-18
2025031804012610,BARUN,58,21,10.0,514.2,5142.0,2025-03-18
2025031805012350,BBC,74,58,10.0,5356.0,53560.0,2025-03-18
2025031803010396,SINDU,44,39,100.0,1069.0,106900.0,2025-03-18
2025031804012609,UAIL,49,36,91.0,661.2,60169.2,2025-03-18
2025031804012608,UAIL,40,36,300.0,661.3,198390.0,2025-03-18
2025031804012607,UAIL,87,36,12.0,661.4,7936.8,2025-03-18
2025031804012606,UAIL,45,36,132.0,661.4,87304.8,2025-03-18
2025031804012605,UAIL,86,36,55.0,661.6,36388.0,2025-03-18
2025031804012604,UAIL,25,36,100.0,661.7,66170.0,2025-03-18
2025031804012603,UAIL,41,36,150.0,661.8,99270.0,2025-03-18
2025031804012602,UAIL,45,36,60.0,662.0,39720.0,2025-03-18
2025031804012601,UAIL,86,36,100.0,662.0,66200.0,2025-03-18
2025031804012600,UNHPL,42,54,400.0,318.0,127200.0,2025-03-18
2025031803010395,NABBC,38,5,50.0,1913.0,95650.0,2025-03-18
2025031804012599,API,62,45,20.0,278.1,5562.0,2025-03-18
2025031801014872,MEHL,6,11,113.0,583.0,65879.0,2025-03-18
2025031801014871,MEHL,6,70,200.0,582.0,116400.0,2025-03-18
2025031801014870,MEHL,6,52,127.0,582.0,73914.0,2025-03-18
2025031801014869,MEHL,6,58,10.0,582.0,5820.0,2025-03-18
2025031801014868,MEHL,6,48,10.0,582.0,5820.0,2025-03-18
2025031801014867,MEHL,6,21,10.0,582.0,5820.0,2025-03-18
2025031801014866,MEHL,6,45,30.0,581.9,17457.0,2025-03-18
2025031804012598,RHPL,38,1,100.0,397.6,39760.0,2025-03-18
2025031801014865,SARBTM,11,71,25.0,813.0,20325.0,2025-03-18
2025031804012597,UMHL,8,4,35.0,433.5,15172.5,2025-03-18
2025031801014864,BEDC,10,64,20.0,803.7,16074.0,2025-03-18
2025031801014863,BEDC,64,64,700.0,804.0,562800.0,2025-03-18
2025031801014862,BEDC,28,64,10.0,805.6,8056.0,2025-03-18
2025031801014861,BEDC,38,64,100.0,806.7,80670.0,2025-03-18
2025031801014860,BEDC,34,64,50.0,806.7,40335.0,2025-03-18
2025031801014859,BEDC,58,64,100.0,807.2,80720.0,2025-03-18
2025031801014858,BEDC,54,64,100.0,808.0,80800.0,2025-03-18
2025031801014857,BEDC,45,64,300.0,809.0,242700.0,2025-03-18
2025031801014856,BEDC,48,64,500.0,810.0,405000.0,2025-03-18
2025031801014855,BEDC,34,64,500.0,810.0,405000.0,2025-03-18
2025031801014854,BEDC,77,64,50.0,815.0,40750.0,2025-03-18
2025031801014853,BEDC,26,64,90.0,818.0,73620.0,2025-03-18
2025031801014852,BEDC,5,64,100.0,818.4,81840.0,2025-03-18
2025031801014851,BEDC,51,64,50.0,818.4,40920.0,2025-03-18
2025031801014850,BEDC,5,64,100.0,819.0,81900.0,2025-03-18
2025031801014849,BEDC,4,64,1000.0,819.3,819300.0,2025-03-18
2025031801014848,BEDC,17,64,30.0,819.4,24582.0,2025-03-18
2025031801014847,BEDC,25,64,200.0,819.4,163880.0,2025-03-18
2025031801014846,BEDC,1,64,100.0,819.6,81960.0,2025-03-18
2025031801014845,BEDC,68,64,100.0,819.6,81960.0,2025-03-18
2025031801014844,BEDC,72,64,50.0,819.6,40980.0,2025-03-18
2025031801014843,BEDC,6,64,280.0,819.6,229488.0,2025-03-18
2025031801014842,BEDC,58,64,500.0,819.7,409850.0,2025-03-18
2025031801014841,BEDC,6,64,100.0,820.0,82000.0,2025-03-18
2025031801014840,BEDC,14,64,100.0,820.0,82000.0,2025-03-18
2025031801014839,BEDC,56,64,50.0,820.0,41000.0,2025-03-18
2025031801014838,BEDC,56,64,500.0,820.0,410000.0,2025-03-18
2025031801014837,BEDC,8,64,50.0,820.0,41000.0,2025-03-18
2025031801014836,BEDC,53,64,200.0,820.3,164060.0,2025-03-18
2025031801014835,BEDC,29,64,200.0,820.5,164100.0,2025-03-18
2025031801014834,BEDC,47,64,400.0,820.5,328200.0,2025-03-18
2025031801014833,BEDC,53,64,30.0,820.7,24621.0,2025-03-18
2025031801014832,BEDC,8,64,200.0,821.0,164200.0,2025-03-18
2025031801014831,BEDC,50,64,50.0,821.0,41050.0,2025-03-18
2025031801014830,BEDC,14,64,400.0,821.0,328400.0,2025-03-18
2025031801014829,BEDC,63,64,1000.0,821.0,821000.0,2025-03-18
2025031801014828,BEDC,49,64,20.0,821.0,16420.0,2025-03-18
2025031801014827,BEDC,49,64,30.0,821.0,24630.0,2025-03-18
2025031801014826,BEDC,49,64,20.0,821.0,16420.0,2025-03-18
2025031801014825,BEDC,42,64,30.0,821.0,24630.0,2025-03-18
2025031801014824,BEDC,49,64,40.0,821.0,32840.0,2025-03-18
2025031801014823,BEDC,41,64,10.0,821.0,8210.0,2025-03-18
2025031801014822,BEDC,6,64,300.0,821.2,246360.0,2025-03-18
2025031801014821,BEDC,49,64,30.0,821.3,24639.0,2025-03-18
2025031801014820,BEDC,8,64,300.0,821.3,246390.0,2025-03-18
2025031801014819,BEDC,26,64,90.0,821.5,73935.0,2025-03-18
2025031801014818,BEDC,66,64,100.0,822.0,82200.0,2025-03-18
2025031801014817,BEDC,4,64,50.0,822.1,41105.0,2025-03-18
2025031801014816,BEDC,5,64,100.0,825.0,82500.0,2025-03-18
2025031801014815,BEDC,47,64,1000.0,825.0,825000.0,2025-03-18
2025031801014814,BEDC,45,64,200.0,825.0,165000.0,2025-03-18
2025031801014813,BEDC,28,64,70.0,830.0,58100.0,2025-03-18
2025031801014812,BEDC,11,64,50.0,830.0,41500.0,2025-03-18
2025031801014811,BEDC,45,64,500.0,830.0,415000.0,2025-03-18
2025031801014810,BEDC,58,64,20.0,830.0,16600.0,2025-03-18
2025031801014809,BEDC,16,64,48.0,831.0,39888.0,2025-03-18
2025031801014808,BEDC,75,64,42.0,832.0,34944.0,2025-03-18
2025031801014807,BEDC,64,64,150.0,832.0,124800.0,2025-03-18
2025031801014806,BEDC,48,64,380.0,835.1,317338.0,2025-03-18
2025031801014805,BEDC,19,64,100.0,836.0,83600.0,2025-03-18
2025031801014804,BEDC,8,64,50.0,836.0,41800.0,2025-03-18
2025031801014803,BEDC,38,64,155.0,836.1,129595.5,2025-03-18
2025031801014802,BEDC,57,64,60.0,836.3,50178.0,2025-03-18
2025031801014801,BEDC,42,64,70.0,836.3,58541.0,2025-03-18
2025031801014800,BEDC,6,64,50.0,836.3,41815.0,2025-03-18
2025031805012349,SEF,44,16,800.0,9.8,7840.0,2025-03-18
2025031803010394,MLBBL,58,58,100.0,1810.0,181000.0,2025-03-18
2025031803010393,MLBBL,58,38,50.0,1662.6,83130.0,2025-03-18
2025031803010392,MLBBL,58,45,50.0,1662.6,83130.0,2025-03-18
2025031803010391,MLBBL,58,34,60.0,1662.0,99720.0,2025-03-18
2025031803010390,MLBBL,58,42,300.0,1662.0,498600.0,2025-03-18
2025031803010389,MLBBL,58,42,300.0,1662.0,498600.0,2025-03-18
2025031803010388,MLBBL,58,42,300.0,1662.0,498600.0,2025-03-18
2025031803010387,MLBBL,58,42,300.0,1662.0,498600.0,2025-03-18
2025031803010386,MLBBL,58,42,300.0,1662.0,498600.0,2025-03-18
2025031803010385,MLBBL,58,42,300.0,1662.0,498600.0,2025-03-18
2025031803010384,MLBBL,58,40,50.0,1662.0,83100.0,2025-03-18
2025031803010383,MLBBL,58,45,50.0,1661.0,83050.0,2025-03-18
2025031803010382,MLBBL,58,34,350.0,1660.4,581140.0,2025-03-18
2025031803010381,MLBBL,58,45,100.0,1660.0,166000.0,2025-03-18
2025031803010380,MLBBL,58,5,20.0,1660.0,33200.0,2025-03-18
2025031803010379,MLBBL,58,13,10.0,1660.0,16600.0,2025-03-18
2025031803010378,MLBBL,58,57,215.0,1659.0,356685.0,2025-03-18
2025031803010377,MLBBL,58,34,554.0,1658.0,918532.0,2025-03-18
2025031803010376,MLBBL,58,34,100.0,1657.0,165700.0,2025-03-18
2025031803010375,MLBBL,58,45,200.0,1656.0,331200.0,2025-03-18
2025031803010374,MLBBL,58,63,400.0,1650.0,660000.0,2025-03-18
2025031803010373,MLBBL,58,21,50.0,1650.0,82500.0,2025-03-18
2025031803010372,MLBBL,58,39,100.0,1645.0,164500.0,2025-03-18
2025031803010371,MLBBL,58,21,50.0,1645.0,82250.0,2025-03-18
2025031803010370,MLBBL,58,42,14.0,1644.9,23028.6,2025-03-18
2025031803010369,MLBBL,58,39,100.0,1630.0,163000.0,2025-03-18
2025031803010368,MLBBL,58,14,100.0,1630.0,163000.0,2025-03-18
2025031803010367,MLBBL,58,36,150.0,1630.0,244500.0,2025-03-18
2025031803010366,MLBBL,58,39,80.0,1630.0,130400.0,2025-03-18
2025031801014799,SMHL,45,42,10.0,974.1,9741.0,2025-03-18
2025031803010365,PROFL,29,26,500.0,545.5,272750.0,2025-03-18
2025031801014798,MEHL,34,57,95.0,580.0,55100.0,2025-03-18
2025031801014797,MEHL,34,57,10.0,580.0,5800.0,2025-03-18
2025031801014796,MEHL,34,58,10.0,580.0,5800.0,2025-03-18
2025031801014795,MEHL,34,75,500.0,580.0,290000.0,2025-03-18
2025031801014794,MEHL,34,48,85.0,579.9,49291.5,2025-03-18
2025031804012596,CHL,34,3,37.0,523.9,19384.3,2025-03-18
2025031804012595,CHL,34,3,500.0,523.0,261500.0,2025-03-18
2025031804012594,CHL,34,14,50.0,523.0,26150.0,2025-03-18
2025031804012593,CHL,34,28,200.0,523.0,104600.0,2025-03-18
2025031804012592,CHL,34,58,180.0,522.9,94122.0,2025-03-18
2025031804012591,CHL,34,19,133.0,522.0,69426.0,2025-03-18
2025031801014793,SRLI,39,58,1.0,415.0,415.0,2025-03-18
2025031804012590,SHEL,54,56,10.0,260.3,2603.0,2025-03-18
2025031804012589,NGPL,48,32,10.0,279.0,2790.0,2025-03-18
2025031804012588,NGPL,22,32,50.0,279.0,13950.0,2025-03-18
2025031801014792,EBL,38,46,20.0,613.0,12260.0,2025-03-18
2025031805012348,RNLI,33,29,100.0,568.0,56800.0,2025-03-18
2025031801014791,NESDO,1,58,10.0,1875.0,18750.0,2025-03-18
2025031801014790,GMLI,55,4,10.0,1962.0,19620.0,2025-03-18
2025031803010364,GBBL,48,58,10.0,399.9,3999.0,2025-03-18
2025031804012587,SGIC,26,48,52.0,675.0,35100.0,2025-03-18
2025031804012586,SGIC,25,48,98.0,675.0,66150.0,2025-03-18
2025031805012347,CHDC,96,56,75.0,2269.9,170242.5,2025-03-18
2025031805012346,CHDC,96,5,500.0,2269.8,1134900.0,2025-03-18
2025031805012345,CHDC,96,50,80.0,2268.7,181496.0,2025-03-18
2025031805012344,CHDC,96,56,50.0,2265.9,113295.0,2025-03-18
2025031805012343,CHDC,96,83,340.0,2265.0,770100.0,2025-03-18
2025031805012342,CHDC,96,21,115.0,2264.9,260463.5,2025-03-18
2025031805012341,CHDC,96,19,30.0,2264.8,67944.0,2025-03-18
2025031805012340,CHDC,96,34,10.0,2264.0,22640.0,2025-03-18
2025031804012585,SSHL,42,59,10.0,236.0,2360.0,2025-03-18
2025031801014789,UHEWA,88,43,500.0,884.0,442000.0,2025-03-18
2025031803010363,HLBSL,55,43,50.0,975.0,48750.0,2025-03-18
2025031803010362,HLBSL,49,43,60.0,975.0,58500.0,2025-03-18
2025031803010361,HLBSL,42,43,10.0,975.0,9750.0,2025-03-18
2025031803010360,HLBSL,10,43,91.0,975.0,88725.0,2025-03-18
2025031803010359,HLBSL,40,43,250.0,975.4,243850.0,2025-03-18
2025031801014788,SIGS3,25,49,100.0,10.0,1000.0,2025-03-18
2025031801014787,SIGS3,25,74,100.0,9.9,990.0,2025-03-18
2025031804012584,CGH,42,45,20.0,890.0,17800.0,2025-03-18
2025031804012583,HURJA,11,35,30.0,243.2,7296.0,2025-03-18
2025031804012582,HURJA,41,35,50.0,243.3,12165.0,2025-03-18
2025031804012581,AKJCL,58,25,50.0,208.4,10420.0,2025-03-18
2025031804012580,AKJCL,58,17,10.0,208.1,2081.0,2025-03-18
2025031804012579,NHPC,40,50,100.0,214.0,21400.0,2025-03-18
2025031805012339,STC,54,17,10.0,5350.0,53500.0,2025-03-18
2025031804012578,AKJCL,33,13,947.0,207.0,196029.0,2025-03-18
2025031804012577,AKJCL,35,13,500.0,207.0,103500.0,2025-03-18
2025031804012576,AKJCL,11,13,100.0,207.0,20700.0,2025-03-18
2025031804012575,AKJCL,38,13,30.0,207.1,6213.0,2025-03-18
2025031804012574,AKJCL,41,13,150.0,207.1,31065.0,2025-03-18
2025031804012573,AKJCL,7,13,100.0,207.1,20710.0,2025-03-18
2025031804012572,AKJCL,48,13,50.0,207.1,10355.0,2025-03-18
2025031804012571,AKJCL,35,13,20.0,207.2,4144.0,2025-03-18
2025031804012570,AKJCL,7,13,33.0,207.3,6840.9,2025-03-18
2025031804012569,AKJCL,21,13,100.0,207.3,20730.0,2025-03-18
2025031804012568,AKJCL,1,13,100.0,207.5,20750.0,2025-03-18
2025031804012567,AKJCL,57,13,666.0,207.5,138195.0,2025-03-18
2025031804012566,AKJCL,57,13,49.0,207.6,10172.4,2025-03-18
2025031804012565,AKJCL,49,13,30.0,207.6,6228.0,2025-03-18
2025031804012564,AKJCL,4,13,100.0,207.7,20770.0,2025-03-18
2025031804012563,AKJCL,45,13,500.0,207.7,103850.0,2025-03-18
2025031804012562,AKJCL,14,13,500.0,207.7,103850.0,2025-03-18
2025031804012561,AKJCL,58,13,50.0,207.8,10390.0,2025-03-18
2025031804012560,AKJCL,4,13,100.0,207.9,20790.0,2025-03-18
2025031804012559,AKJCL,45,13,1800.0,208.0,374400.0,2025-03-18
2025031804012558,AKJCL,48,13,114.0,208.0,23712.0,2025-03-18
2025031804012557,AKJCL,54,13,100.0,208.0,20800.0,2025-03-18
2025031804012556,AKJCL,42,13,90.0,208.0,18720.0,2025-03-18
2025031801014786,NIMB,42,32,200.0,215.6,43120.0,2025-03-18
2025031804012555,SHEL,67,49,70.0,260.1,18207.0,2025-03-18
2025031805012338,SAHAS,14,49,10.0,507.5,5075.0,2025-03-18
2025031804012554,HDHPC,51,62,101.0,202.2,20422.2,2025-03-18
2025031805012337,SAHAS,48,1,54.0,510.0,27540.0,2025-03-18
2025031805012336,SAHAS,48,3,21.0,510.0,10710.0,2025-03-18
2025031805012335,SAHAS,48,40,10.0,510.0,5100.0,2025-03-18
2025031805012334,SAHAS,48,58,10.0,510.0,5100.0,2025-03-18
2025031805012333,SAHAS,48,22,1012.0,510.0,516120.0,2025-03-18
2025031805012332,SAHAS,48,33,20.0,510.0,10200.0,2025-03-18
2025031805012331,SAHAS,48,7,10.0,510.0,5100.0,2025-03-18
2025031805012330,SAHAS,48,49,653.0,510.0,333030.0,2025-03-18
2025031805012329,SAHAS,48,18,700.0,510.0,357000.0,2025-03-18
2025031805012328,SAHAS,48,1,1180.0,510.0,601800.0,2025-03-18
2025031805012327,SAHAS,48,50,151.0,510.0,77010.0,2025-03-18
2025031805012326,SAHAS,48,51,50.0,510.0,25500.0,2025-03-18
2025031805012325,SAHAS,48,50,54.0,510.0,27540.0,2025-03-18
2025031805012324,SAHAS,48,32,10.0,510.0,5100.0,2025-03-18
2025031805012323,SAHAS,48,6,10.0,510.0,5100.0,2025-03-18
2025031805012322,SAHAS,48,45,10.0,510.0,5100.0,2025-03-18
2025031805012321,SAHAS,48,45,290.0,510.0,147900.0,2025-03-18
2025031805012320,SAHAS,48,52,10.0,510.0,5100.0,2025-03-18
2025031805012319,SAHAS,48,52,10.0,510.0,5100.0,2025-03-18
2025031805012318,SAHAS,48,22,25.0,510.0,12750.0,2025-03-18
2025031805012317,SAHAS,48,54,200.0,510.0,102000.0,2025-03-18
2025031805012316,SAHAS,48,49,150.0,510.0,76500.0,2025-03-18
2025031805012315,SAHAS,48,50,500.0,509.9,254950.0,2025-03-18
2025031805012314,SAHAS,48,51,990.0,509.9,504801.0,2025-03-18
2025031801014785,BEDC,6,64,10.0,836.3,8363.0,2025-03-18
2025031805012313,SAHAS,48,44,200.0,509.7,101940.0,2025-03-18
2025031805012312,SAHAS,48,45,600.0,509.0,305400.0,2025-03-18
2025031805012311,SAHAS,48,7,10.0,509.0,5090.0,2025-03-18
2025031805012310,SAHAS,48,34,265.0,509.0,134885.0,2025-03-18
2025031805012309,SAHAS,48,58,43.0,509.0,21887.0,2025-03-18
2025031805012308,SAHAS,48,21,10.0,509.0,5090.0,2025-03-18
2025031805012307,SAHAS,48,39,10.0,509.0,5090.0,2025-03-18
2025031805012306,SAHAS,48,58,10.0,509.0,5090.0,2025-03-18
2025031805012305,SAHAS,48,70,1000.0,509.0,509000.0,2025-03-18
2025031805012304,SAHAS,48,49,50.0,509.0,25450.0,2025-03-18
2025031805012303,SAHAS,48,63,35.0,509.0,17815.0,2025-03-18
2025031805012302,SAHAS,48,51,1194.0,508.9,607626.6,2025-03-18
2025031805012301,SAHAS,48,42,500.0,508.9,254450.0,2025-03-18
2025031805012300,SAHAS,48,42,500.0,508.9,254450.0,2025-03-18
2025031805012299,SAHAS,48,6,50.0,508.5,25425.0,2025-03-18
2025031805012298,SAHAS,48,58,54.0,508.5,27459.0,2025-03-18
2025031805012297,SAHAS,48,45,500.0,508.0,254000.0,2025-03-18
2025031805012296,SAHAS,48,95,200.0,508.0,101600.0,2025-03-18
2025031805012295,SAHAS,48,94,70.0,508.0,35560.0,2025-03-18
2025031805012294,SAHAS,48,57,123.0,508.0,62484.0,2025-03-18
2025031805012293,SAHAS,48,22,100.0,508.0,50800.0,2025-03-18
2025031805012292,SAHAS,48,34,500.0,508.0,254000.0,2025-03-18
2025031805012291,SAHAS,48,19,75.0,508.0,38100.0,2025-03-18
2025031803010358,SAPDBL,75,16,70.0,1153.0,80710.0,2025-03-18
2025031803010357,SAPDBL,4,16,250.0,1154.0,288500.0,2025-03-18
2025031803010356,SAPDBL,6,16,10.0,1155.0,11550.0,2025-03-18
2025031803010355,SAPDBL,26,16,50.0,1155.0,57750.0,2025-03-18
2025031803010354,SAPDBL,45,16,30.0,1155.0,34650.0,2025-03-18
2025031803010353,SAPDBL,62,16,20.0,1155.0,23100.0,2025-03-18
2025031803010352,SAPDBL,59,16,90.0,1155.0,103950.0,2025-03-18
2025031801014784,BEDC,42,28,10.0,836.5,8365.0,2025-03-18
2025031804012553,UPCL,5,46,1000.0,303.0,303000.0,2025-03-18
2025031805012290,MBJC,37,22,1000.0,334.0,334000.0,2025-03-18
2025031804012552,UMHL,70,56,1031.0,433.4,446835.4,2025-03-18
2025031805012289,HIDCL,6,43,100.0,270.1,27010.0,2025-03-18
2025031801014783,GVL,35,44,90.0,498.0,44820.0,2025-03-18
2025031801014782,GVL,35,42,150.0,498.0,74700.0,2025-03-18
2025031801014781,GVL,35,42,10.0,497.0,4970.0,2025-03-18
2025031803010351,FMDBL,13,45,10.0,790.0,7900.0,2025-03-18
2025031801014780,CITY,45,39,30.0,878.0,26340.0,2025-03-18
2025031804012551,NHPC,17,45,914.0,213.8,195413.2,2025-03-18
2025031804012550,NHPC,66,45,86.0,213.8,18386.8,2025-03-18
2025031804012549,MHNL,19,57,10.0,273.0,2730.0,2025-03-18
2025031801014779,MKCL,46,59,99.0,1603.1,158706.9,2025-03-18
2025031804012548,CHCL,94,51,300.0,502.3,150690.0,2025-03-18
2025031801014778,PRVU,36,63,150.0,216.5,32475.0,2025-03-18
2025031801014777,PRVU,36,17,50.0,216.2,10810.0,2025-03-18
2025031801014776,BNHC,14,91,500.0,524.0,262000.0,2025-03-18
2025031804012547,CHL,77,19,367.0,522.0,191574.0,2025-03-18
2025031804012546,CHL,77,10,500.0,522.0,261000.0,2025-03-18
2025031804012545,CHL,77,42,15.0,520.9,7813.5,2025-03-18
2025031804012544,CHL,77,50,100.0,520.0,52000.0,2025-03-18
2025031804012543,CHL,77,49,13.0,517.0,6721.0,2025-03-18
2025031804012542,CHL,77,25,100.0,515.0,51500.0,2025-03-18
2025031804012541,CHL,77,61,389.0,513.0,199557.0,2025-03-18
2025031804012540,CHL,77,64,516.0,512.9,264656.4,2025-03-18
2025031804012539,HURJA,41,57,50.0,243.3,12165.0,2025-03-18
2025031804012538,HURJA,52,57,150.0,243.3,36495.0,2025-03-18
2025031804012537,HURJA,29,57,100.0,243.4,24340.0,2025-03-18
2025031805012288,CHDC,28,34,10.0,2264.0,22640.0,2025-03-18
2025031803010350,NFS,29,40,12.0,723.0,8676.0,2025-03-18
2025031803010349,MPFL,42,32,15.0,655.0,9825.0,2025-03-18
2025031804012536,AHPC,58,43,30.0,260.1,7803.0,2025-03-18
2025031804012535,AHPC,48,43,63.0,260.1,16386.3,2025-03-18
2025031805012287,SMJC,56,25,700.0,619.1,433370.0,2025-03-18
2025031803010348,SMPDA,35,62,10.0,957.9,9579.0,2025-03-18
2025031803010347,SMPDA,35,34,50.0,957.0,47850.0,2025-03-18
2025031803010346,SMPDA,35,62,10.0,956.9,9569.0,2025-03-18
2025031803010345,SMPDA,35,6,30.0,956.5,28695.0,2025-03-18
2025031803010344,MLBBL,45,58,100.0,1587.0,158700.0,2025-03-18
2025031803010343,MLBBL,19,58,10.0,1593.5,15935.0,2025-03-18
2025031803010342,MLBBL,53,58,10.0,1594.0,15940.0,2025-03-18
2025031803010341,MLBBL,32,58,10.0,1595.0,15950.0,2025-03-18
2025031803010340,MLBBL,32,58,10.0,1595.0,15950.0,2025-03-18
2025031803010339,MLBBL,4,58,100.0,1597.4,159740.0,2025-03-18
2025031803010338,MLBBL,63,58,20.0,1597.8,31956.0,2025-03-18
2025031803010337,MLBBL,19,58,10.0,1598.0,15980.0,2025-03-18
2025031803010336,MLBBL,25,58,100.0,1598.0,159800.0,2025-03-18
2025031803010335,MLBBL,36,58,100.0,1600.0,160000.0,2025-03-18
2025031803010334,MLBBL,25,58,100.0,1600.0,160000.0,2025-03-18
2025031803010333,MLBBL,43,58,10.0,1600.0,16000.0,2025-03-18
2025031803010332,MLBBL,19,58,50.0,1600.0,80000.0,2025-03-18
2025031803010331,MLBBL,45,58,10.0,1600.0,16000.0,2025-03-18
2025031803010330,MLBBL,53,58,65.0,1600.0,104000.0,2025-03-18
2025031803010329,MLBBL,6,58,10.0,1600.0,16000.0,2025-03-18
2025031803010328,MLBBL,13,58,10.0,1600.0,16000.0,2025-03-18
2025031803010327,MLBBL,99,58,500.0,1600.0,800000.0,2025-03-18
2025031803010326,MLBBL,36,58,300.0,1601.0,480300.0,2025-03-18
2025031803010325,MLBBL,11,58,30.0,1601.0,48030.0,2025-03-18
2025031803010324,MLBBL,53,58,250.0,1605.0,401250.0,2025-03-18
2025031803010323,MLBBL,39,58,10.0,1611.0,16110.0,2025-03-18
2025031803010322,MLBBL,55,58,50.0,1615.0,80750.0,2025-03-18
2025031803010321,MLBBL,83,58,10.0,1615.0,16150.0,2025-03-18
2025031803010320,MLBBL,48,58,40.0,1620.0,64800.0,2025-03-18
2025031803010319,MLBBL,43,58,40.0,1620.0,64800.0,2025-03-18
2025031803010318,MLBBL,58,58,10.0,1620.0,16200.0,2025-03-18
2025031803010317,MLBBL,44,58,500.0,1621.0,810500.0,2025-03-18
2025031803010316,MLBBL,29,58,50.0,1622.3,81115.0,2025-03-18
2025031803010315,MLBBL,22,58,50.0,1622.4,81120.0,2025-03-18
2025031803010314,MLBBL,38,58,30.0,1625.0,48750.0,2025-03-18
2025031803010313,MLBBL,57,58,30.0,1625.0,48750.0,2025-03-18
2025031803010312,MLBBL,50,58,10.0,1625.3,16253.0,2025-03-18
2025031803010311,MLBBL,5,58,10.0,1625.4,16254.0,2025-03-18
2025031803010310,LBBL,21,62,10.0,448.9,4489.0,2025-03-18
2025031803010309,LICN,32,48,10.0,1033.0,10330.0,2025-03-18
2025031804012534,GHL,41,48,1210.0,311.0,376310.0,2025-03-18
2025031801014775,UHEWA,88,14,500.0,884.0,442000.0,2025-03-18
2025031804012533,SHPC,45,14,330.0,471.0,155430.0,2025-03-18
2025031805012286,SMJC,57,51,90.0,620.0,55800.0,2025-03-18
2025031805012285,SMJC,57,46,10.0,620.0,6200.0,2025-03-18
2025031803010308,SKBBL,57,4,50.0,813.0,40650.0,2025-03-18
2025031804012532,IGI,42,35,20.0,603.0,12060.0,2025-03-18
2025031804012531,IGI,44,35,20.0,603.0,12060.0,2025-03-18
2025031801014774,SRLI,52,46,185.0,422.0,78070.0,2025-03-18
2025031801014773,SRLI,52,34,34.0,422.0,14348.0,2025-03-18
2025031801014772,SRLI,52,18,65.0,421.9,27423.5,2025-03-18
2025031805012284,SHIVM,25,19,13.0,539.0,7007.0,2025-03-18
2025031803010307,LICN,32,45,177.0,1038.0,183726.0,2025-03-18
2025031801014771,IHL,74,47,30.0,683.8,20514.0,2025-03-18
2025031805012283,NIFRA,32,91,11.0,270.0,2970.0,2025-03-18
2025031805012282,NIFRA,34,91,200.0,270.0,54000.0,2025-03-18
2025031805012281,NIFRA,62,91,200.0,270.0,54000.0,2025-03-18
2025031805012280,NIFRA,41,91,400.0,270.0,108000.0,2025-03-18
2025031805012279,NIFRA,45,91,40.0,270.0,10800.0,2025-03-18
2025031805012278,NIFRA,1,91,500.0,270.0,135000.0,2025-03-18
2025031804012530,SHEL,67,91,380.0,260.1,98838.0,2025-03-18
2025031804012529,SHEL,20,91,80.0,260.1,20808.0,2025-03-18
2025031805012277,NIFRA,59,91,20.0,270.0,5400.0,2025-03-18
2025031804012528,SHEL,33,91,40.0,260.2,10408.0,2025-03-18
2025031805012276,NIFRA,36,91,500.0,270.1,135050.0,2025-03-18
2025031805012275,NIFRA,87,91,100.0,270.1,27010.0,2025-03-18
2025031805012274,NIFRA,58,91,200.0,270.1,54020.0,2025-03-18
2025031805012273,NIFRA,17,91,20.0,270.1,5402.0,2025-03-18
2025031805012272,NIFRA,52,91,797.0,270.1,215269.7,2025-03-18
2025031805012271,NIFRA,14,91,50.0,270.2,13510.0,2025-03-18
2025031805012270,NIFRA,32,91,76.0,270.2,20535.2,2025-03-18
2025031805012269,NIFRA,16,91,80.0,270.3,21624.0,2025-03-18
2025031805012268,NIFRA,45,91,100.0,270.4,27040.0,2025-03-18
2025031805012267,NIFRA,22,91,70.0,270.5,18935.0,2025-03-18
2025031805012266,NIFRA,41,91,600.0,271.0,162600.0,2025-03-18
2025031805012265,NIFRA,59,91,36.0,271.0,9756.0,2025-03-18
2025031805012264,NRN,34,4,10.0,1407.4,14074.0,2025-03-18
2025031805012263,NRN,45,4,20.0,1407.4,28148.0,2025-03-18
2025031805012262,NRN,14,4,30.0,1407.4,42222.0,2025-03-18
2025031805012261,NRN,29,4,40.0,1408.0,56320.0,2025-03-18
2025031801014770,NMB,14,49,38.0,254.0,9652.0,2025-03-18
2025031801014769,NMB,14,42,80.0,254.0,20320.0,2025-03-18
2025031801014768,SPC,28,32,710.0,557.0,395470.0,2025-03-18
2025031804012527,GHL,41,29,1000.0,311.0,311000.0,2025-03-18
2025031805012260,SAHAS,42,19,25.0,508.0,12700.0,2025-03-18
2025031805012259,SAHAS,42,58,10.0,508.0,5080.0,2025-03-18
2025031805012258,SAHAS,42,45,30.0,507.9,15237.0,2025-03-18
2025031805012257,SAHAS,42,26,35.0,507.7,17769.5,2025-03-18
2025031805012256,NRM,43,51,265.0,499.9,132473.5,2025-03-18
2025031805012255,NRM,43,57,100.0,499.9,49990.0,2025-03-18
2025031805012254,NRM,43,75,135.0,499.8,67473.0,2025-03-18
2025031804012526,LEC,64,34,155.0,215.9,33464.5,2025-03-18
2025031803010306,GBLBS,25,19,10.0,832.0,8320.0,2025-03-18
2025031804012525,SPDL,26,48,65.0,332.0,21580.0,2025-03-18
2025031804012524,SPDL,26,3,875.0,332.0,290500.0,2025-03-18
2025031801014767,CZBIL,48,45,83.0,211.0,17513.0,2025-03-18
2025031801014766,CZBIL,43,45,17.0,211.0,3587.0,2025-03-18
2025031803010305,SJLIC,41,45,33.0,450.0,14850.0,2025-03-18
2025031803010304,SJLIC,54,45,12.0,450.0,5400.0,2025-03-18
2025031801014765,GMLI,55,7,10.0,1962.0,19620.0,2025-03-18
2025031805012253,HIDCL,54,64,60.0,271.0,16260.0,2025-03-18
2025031803010303,MATRI,33,13,10.0,1247.2,12472.0,2025-03-18
2025031803010302,MATRI,5,13,10.0,1247.3,12473.0,2025-03-18
2025031803010301,MATRI,8,13,137.0,1247.3,170880.1,2025-03-18
2025031803010300,MATRI,22,13,20.0,1247.4,24948.0,2025-03-18
2025031803010299,MATRI,16,13,29.0,1247.5,36177.5,2025-03-18
2025031804012523,GHL,41,45,700.0,310.0,217000.0,2025-03-18
2025031804012522,GHL,41,5,1000.0,310.0,310000.0,2025-03-18
2025031804012521,GHL,41,52,300.0,308.0,92400.0,2025-03-18
2025031804012520,GHL,41,4,10000.0,306.0,3060000.0,2025-03-18
2025031804012519,GHL,41,6,2400.0,305.0,732000.0,2025-03-18
2025031804012518,GHL,41,91,3390.0,305.0,1033950.0,2025-03-18
2025031804012517,UPPER,6,17,165.0,203.5,33577.5,2025-03-18
2025031801014764,SNLI,51,33,90.0,687.0,61830.0,2025-03-18
2025031804012516,SHEL,33,49,360.0,260.2,93672.0,2025-03-18
2025031804012515,SHEL,22,49,200.0,260.2,52040.0,2025-03-18
2025031804012514,SHEL,49,49,240.0,260.2,62448.0,2025-03-18
2025031801014763,HBL,51,48,100.0,236.1,23610.0,2025-03-18
2025031805012252,HATHY,42,42,20.0,1315.0,26300.0,2025-03-18
2025031805012251,HATHY,1,42,50.0,1316.0,65800.0,2025-03-18
2025031805012250,HATHY,13,42,50.0,1316.0,65800.0,2025-03-18
2025031805012249,HATHY,22,42,20.0,1317.2,26344.0,2025-03-18
2025031805012248,HATHY,40,42,15.0,1317.2,19758.0,2025-03-18
2025031805012247,HATHY,44,42,40.0,1318.0,52720.0,2025-03-18
2025031805012246,HATHY,89,42,100.0,1318.0,131800.0,2025-03-18
2025031804012513,SHEL,49,22,400.0,260.2,104080.0,2025-03-18
2025031804012512,LEC,64,34,85.0,215.9,18351.5,2025-03-18
2025031804012511,LEC,57,34,415.0,215.9,89598.5,2025-03-18
2025031801014762,IHL,61,34,20.0,682.1,13642.0,2025-03-18
2025031801014761,KBL,34,44,10.0,207.0,2070.0,2025-03-18
2025031801014760,KBL,34,41,175.0,206.9,36207.5,2025-03-18
2025031803010298,SHINE,57,45,524.0,427.0,223748.0,2025-03-18
2025031803010297,SHINE,57,44,289.0,427.0,123403.0,2025-03-18
2025031803010296,SHINE,57,95,100.0,426.9,42690.0,2025-03-18
2025031805012245,HIDCL,58,64,14.0,271.0,3794.0,2025-03-18
2025031804012510,RIDI,7,22,100.0,227.9,22790.0,2025-03-18
2025031803010295,GMFBS,63,13,88.0,1688.0,148544.0,2025-03-18
2025031803010294,GMFBS,44,13,18.0,1690.0,30420.0,2025-03-18
2025031803010293,GMFBS,41,13,10.0,1690.0,16900.0,2025-03-18
2025031803010292,GMFBS,5,13,10.0,1690.0,16900.0,2025-03-18
2025031803010291,GMFBS,49,13,10.0,1690.0,16900.0,2025-03-18
2025031803010290,GMFBS,26,13,50.0,1690.1,84505.0,2025-03-18
2025031803010289,GMFBS,29,13,15.0,1691.0,25365.0,2025-03-18
2025031803010288,HLBSL,1,59,40.0,976.0,39040.0,2025-03-18
2025031803010287,HLBSL,42,59,10.0,977.0,9770.0,2025-03-18
2025031801014759,BEDC,6,70,40.0,840.0,33600.0,2025-03-18
2025031805012244,HRL,33,49,40.0,986.6,39464.0,2025-03-18
2025031805012243,HRL,42,49,10.0,987.0,9870.0,2025-03-18
2025031803010286,SLBSL,49,5,4.0,2323.8,9295.2,2025-03-18
2025031803010285,SLBSL,49,21,10.0,2323.8,23238.0,2025-03-18
2025031803010284,SLBSL,49,4,11.0,2323.8,25561.8,2025-03-18
2025031804012509,GLH,41,48,110.0,253.0,27830.0,2025-03-18
2025031804012508,GLH,19,48,290.0,253.0,73370.0,2025-03-18
2025031801014758,USHEC,22,68,10.0,621.0,6210.0,2025-03-18
2025031803010283,SKBBL,34,4,50.0,813.0,40650.0,2025-03-18
2025031801014757,CKHL,34,55,10.0,751.0,7510.0,2025-03-18
2025031804012507,HDHPC,34,62,103.0,202.2,20826.6,2025-03-18
2025031804012506,HDHPC,34,36,297.0,202.2,60053.4,2025-03-18
2025031801014756,GBIME,45,38,175.0,221.5,38762.5,2025-03-18
2025031801014755,GBIME,45,38,720.0,221.5,159480.0,2025-03-18
2025031803010282,SFCL,36,45,170.0,535.1,90967.0,2025-03-18
2025031803010281,SFCL,35,45,30.0,540.0,16200.0,2025-03-18
2025031801014754,NYADI,42,8,278.0,589.0,163742.0,2025-03-18
2025031804012505,SHEL,48,59,70.0,260.3,18221.0,2025-03-18
2025031804012504,SHEL,54,59,28.0,260.4,7291.2,2025-03-18
2025031801014753,BHL,32,50,120.0,344.9,41388.0,2025-03-18
2025031805012242,ILI,6,38,13.0,476.9,6199.7,2025-03-18
2025031804012503,MEN,10,63,500.0,590.5,295250.0,2025-03-18
2025031801014752,BHL,1,50,290.0,344.9,100021.0,2025-03-18
2025031801014751,BHL,1,49,10.0,344.9,3449.0,2025-03-18
2025031805012241,SMJC,56,4,10.0,619.1,6191.0,2025-03-18
2025031805012240,HRL,14,51,26.0,987.9,25685.4,2025-03-18
2025031805012239,HRL,14,38,50.0,987.3,49365.0,2025-03-18
2025031805012238,HRL,14,61,100.0,987.0,98700.0,2025-03-18
2025031805012237,HRL,14,44,10.0,987.0,9870.0,2025-03-18
2025031805012236,HRL,14,44,10.0,987.0,9870.0,2025-03-18
2025031805012235,HRL,14,45,10.0,987.0,9870.0,2025-03-18
2025031805012234,HRL,14,45,94.0,986.6,92740.4,2025-03-18
2025031801014750,MKJC,29,6,10.0,557.7,5577.0,2025-03-18
2025031805012233,ILI,65,42,200.0,476.6,95320.0,2025-03-18
2025031801014749,SPL,7,8,10.0,905.0,9050.0,2025-03-18
2025031805012232,MBJC,57,36,16.0,335.0,5360.0,2025-03-18
2025031801014748,MMKJL,39,99,160.0,723.0,115680.0,2025-03-18
2025031801014747,PPL,32,14,50.0,527.9,26395.0,2025-03-18
2025031801014746,PPL,32,16,10.0,527.0,5270.0,2025-03-18
2025031801014745,PPL,32,48,200.0,527.0,105400.0,2025-03-18
2025031801014744,PPL,32,49,10.0,526.0,5260.0,2025-03-18
2025031801014743,PPL,32,26,424.0,526.0,223024.0,2025-03-18
2025031804012502,HDHPC,41,36,70.0,202.2,14154.0,2025-03-18
2025031804012501,GHL,60,91,10.0,305.0,3050.0,2025-03-18
2025031801014742,DLBS,25,58,40.0,1618.9,64756.0,2025-03-18
2025031801014741,GMLI,55,45,10.0,1962.0,19620.0,2025-03-18
2025031803010280,GLBSL,8,58,20.0,2870.0,57400.0,2025-03-18
2025031805012231,NIFRA,59,74,250.0,271.0,67750.0,2025-03-18
2025031803010279,GFCL,45,49,351.0,703.0,246753.0,2025-03-18
2025031803010278,GFCL,42,49,49.0,703.1,34451.9,2025-03-18
2025031803010277,GFCL,42,49,20.0,703.1,14062.0,2025-03-18
2025031803010276,GFCL,55,49,30.0,703.3,21099.0,2025-03-18
2025031803010275,GFCL,42,49,50.0,703.5,35175.0,2025-03-18
2025031805012230,HDL,47,49,85.0,1228.0,104380.0,2025-03-18
2025031805012229,HDL,45,49,50.0,1229.0,61450.0,2025-03-18
2025031805012228,HDL,39,49,50.0,1229.0,61450.0,2025-03-18
2025031805012227,HDL,1,49,15.0,1229.0,18435.0,2025-03-18
2025031804012500,AKJCL,42,17,240.0,208.0,49920.0,2025-03-18
2025031804012499,AKJCL,42,17,60.0,208.1,12486.0,2025-03-18
2025031805012226,SMJC,56,49,85.0,619.1,52623.5,2025-03-18
2025031801014740,C30MF,58,4,3500.0,9.1,31850.0,2025-03-18
2025031804012498,GHL,59,16,100.0,293.3,29330.0,2025-03-18
2025031804012497,GHL,49,16,99.0,295.0,29205.0,2025-03-18
2025031801014739,MEHL,48,48,15.0,579.9,8698.5,2025-03-18
2025031801014738,MEHL,48,72,10.0,579.9,5799.0,2025-03-18
2025031801014737,MEHL,48,44,150.0,578.0,86700.0,2025-03-18
2025031801014736,MEHL,48,58,185.0,576.0,106560.0,2025-03-18
2025031801014735,MEHL,48,51,140.0,576.0,80640.0,2025-03-18
2025031804012496,UMRH,4,29,950.0,636.5,604675.0,2025-03-18
2025031804012495,UMRH,33,29,50.0,636.5,31825.0,2025-03-18
2025031803010274,MLBBL,5,39,10.0,1630.0,16300.0,2025-03-18
2025031801014734,CYCL,34,22,19.0,1630.0,30970.0,2025-03-18
2025031803010273,SINDU,44,42,159.0,1069.0,169971.0,2025-03-18
2025031803010272,SINDU,58,42,10.0,1069.0,10690.0,2025-03-18
2025031803010271,SINDU,53,42,11.0,1069.0,11759.0,2025-03-18
2025031803010270,MLBL,55,42,100.0,416.7,41670.0,2025-03-18
2025031803010269,MLBL,1,42,150.0,416.7,62505.0,2025-03-18
2025031803010268,MLBL,29,42,50.0,416.7,20835.0,2025-03-18
2025031801014733,AHL,45,56,98.0,707.1,69295.8,2025-03-18
2025031801014732,AHL,60,56,71.0,708.0,50268.0,2025-03-18
2025031801014731,AHL,49,56,70.0,708.0,49560.0,2025-03-18
2025031801014730,AHL,58,56,51.0,708.0,36108.0,2025-03-18
2025031804012494,BARUN,56,38,26.0,514.0,13364.0,2025-03-18
2025031804012493,BPCL,45,57,103.0,398.0,40994.0,2025-03-18
2025031804012492,HPPL,35,38,241.0,599.7,144527.7,2025-03-18
2025031804012491,HPPL,35,26,10.0,599.7,5997.0,2025-03-18
2025031804012490,HPPL,35,36,50.0,599.7,29985.0,2025-03-18
2025031804012489,HPPL,35,57,10.0,599.0,5990.0,2025-03-18
2025031804012488,HPPL,35,33,200.0,599.0,119800.0,2025-03-18
2025031804012487,HPPL,35,55,100.0,599.0,59900.0,2025-03-18
2025031804012486,HPPL,35,34,10.0,599.0,5990.0,2025-03-18
2025031804012485,HPPL,35,35,2000.0,598.9,1197800.0,2025-03-18
2025031804012484,HPPL,35,6,200.0,598.6,119720.0,2025-03-18
2025031804012483,HPPL,35,38,2900.0,597.7,1733330.0,2025-03-18
2025031804012482,HPPL,35,18,50.0,597.7,29885.0,2025-03-18
2025031804012481,HPPL,35,45,100.0,597.7,59770.0,2025-03-18
2025031804012480,HPPL,35,48,500.0,597.0,298500.0,2025-03-18
2025031804012479,HPPL,35,58,10.0,597.0,5970.0,2025-03-18
2025031804012478,HPPL,35,44,100.0,597.0,59700.0,2025-03-18
2025031804012477,HPPL,35,35,5000.0,597.0,2985000.0,2025-03-18
2025031804012476,HPPL,35,45,118.0,596.7,70410.6,2025-03-18
2025031804012475,HPPL,35,39,2000.0,596.7,1193400.0,2025-03-18
2025031804012474,HPPL,35,17,40.0,596.7,23868.0,2025-03-18
2025031804012473,HPPL,35,39,100.0,596.7,59670.0,2025-03-18
2025031804012472,HPPL,35,83,500.0,596.0,298000.0,2025-03-18
2025031804012471,HPPL,35,25,20.0,596.0,11920.0,2025-03-18
2025031804012470,HPPL,35,39,500.0,596.0,298000.0,2025-03-18
2025031804012469,HPPL,35,41,202.0,596.0,120392.0,2025-03-18
2025031804012468,HPPL,35,94,200.0,595.6,119120.0,2025-03-18
2025031804012467,HPPL,35,14,500.0,595.0,297500.0,2025-03-18
2025031804012466,HPPL,35,58,100.0,595.0,59500.0,2025-03-18
2025031804012465,HPPL,35,35,150.0,595.0,89250.0,2025-03-18
2025031804012464,HPPL,35,48,1000.0,594.6,594600.0,2025-03-18
2025031804012463,HPPL,35,58,200.0,594.0,118800.0,2025-03-18
2025031804012462,HPPL,35,80,100.0,594.0,59400.0,2025-03-18
2025031804012461,HPPL,35,13,1000.0,594.0,594000.0,2025-03-18
2025031804012460,HPPL,35,57,500.0,594.0,297000.0,2025-03-18
2025031804012459,HPPL,35,48,500.0,593.6,296800.0,2025-03-18
2025031804012458,HPPL,35,18,50.0,593.6,29680.0,2025-03-18
2025031804012457,HPPL,35,5,200.0,593.5,118700.0,2025-03-18
2025031804012456,HPPL,35,5,199.0,593.3,118066.7,2025-03-18
2025031804012455,HPPL,35,11,50.0,593.1,29655.0,2025-03-18
2025031804012454,HPPL,35,13,100.0,593.0,59300.0,2025-03-18
2025031804012453,HPPL,35,67,500.0,593.0,296500.0,2025-03-18
2025031804012452,HPPL,35,56,20.0,593.0,11860.0,2025-03-18
2025031804012451,HPPL,35,42,70.0,593.0,41510.0,2025-03-18
2025031804012450,HPPL,35,38,1500.0,592.8,889200.0,2025-03-18
2025031804012449,HPPL,35,32,85.0,592.8,50388.0,2025-03-18
2025031804012448,HPPL,35,58,10.0,592.7,5927.0,2025-03-18
2025031804012447,HPPL,35,57,200.0,592.7,118540.0,2025-03-18
2025031804012446,HPPL,35,8,20.0,592.7,11854.0,2025-03-18
2025031804012445,HPPL,35,94,1000.0,592.0,592000.0,2025-03-18
2025031804012444,HPPL,35,34,100.0,592.0,59200.0,2025-03-18
2025031804012443,HPPL,35,49,50.0,590.0,29500.0,2025-03-18
2025031804012442,HPPL,35,43,1120.0,590.0,660800.0,2025-03-18
2025031804012441,HPPL,35,34,405.0,590.0,238950.0,2025-03-18
2025031804012440,HPPL,35,34,10.0,586.0,5860.0,2025-03-18
2025031804012439,HPPL,35,44,100.0,585.0,58500.0,2025-03-18
2025031803010267,GBLBS,48,46,15.0,824.1,12361.5,2025-03-18
2025031803010266,GBLBS,35,46,100.0,824.2,82420.0,2025-03-18
2025031803010265,GBLBS,58,46,30.0,825.0,24750.0,2025-03-18
2025031803010264,GBLBS,46,46,55.0,825.0,45375.0,2025-03-18
2025031801014729,BHDC,13,8,10.0,600.0,6000.0,2025-03-18
2025031805012225,NICFC,58,1,500.0,9.27,4635.0,2025-03-18
2025031805012224,HRL,58,45,97.0,986.6,95700.2,2025-03-18
2025031805012223,HRL,58,38,13.0,986.6,12825.8,2025-03-18
2025031804012438,GHL,39,91,1000.0,305.0,305000.0,2025-03-18
2025031805012222,RNLI,33,62,370.0,569.0,210530.0,2025-03-18
2025031805012221,RNLI,33,42,130.0,568.0,73840.0,2025-03-18
2025031804012437,SSHL,25,4,1700.0,235.4,400180.0,2025-03-18
2025031805012220,NRIC,49,48,200.0,1283.0,256600.0,2025-03-18
2025031804012436,RADHI,38,14,200.0,389.0,77800.0,2025-03-18
2025031805012219,NBF3,42,5,10000.0,9.25,92500.0,2025-03-18
2025031801014728,NYADI,42,48,50.0,589.0,29450.0,2025-03-18
2025031801014727,NYADI,42,35,272.0,589.0,160208.0,2025-03-18
2025031803010263,LLBS,43,56,52.0,1107.1,57569.2,2025-03-18
2025031803010262,PMLI,34,13,167.0,589.0,98363.0,2025-03-18
2025031803010261,GUFL,19,34,50.0,614.5,30725.0,2025-03-18
2025031803010260,GUFL,19,45,190.0,614.0,116660.0,2025-03-18
2025031803010259,SIFC,7,40,23.0,540.0,12420.0,2025-03-18
2025031803010258,SIFC,7,48,34.0,540.0,18360.0,2025-03-18
2025031804012435,UNHPL,58,52,300.0,318.0,95400.0,2025-03-18
2025031803010257,MLBL,58,39,12.0,417.0,5004.0,2025-03-18
2025031804012434,UNHPL,21,52,10.0,318.0,3180.0,2025-03-18
2025031803010256,RSDC,57,17,80.0,705.0,56400.0,2025-03-18
2025031803010255,RSDC,57,17,20.0,705.0,14100.0,2025-03-18
2025031805012218,NRIC,49,29,247.0,1289.0,318383.0,2025-03-18
2025031805012217,NRIC,49,34,50.0,1289.0,64450.0,2025-03-18
2025031805012216,NRIC,49,13,26.0,1288.5,33501.0,2025-03-18
2025031805012215,NRIC,49,58,100.0,1288.5,128850.0,2025-03-18
2025031805012214,NRIC,49,20,100.0,1288.5,128850.0,2025-03-18
2025031805012213,NRIC,49,56,53.0,1288.0,68264.0,2025-03-18
2025031805012212,NRIC,49,22,28.0,1288.0,36064.0,2025-03-18
2025031805012211,NRIC,49,58,43.0,1288.0,55384.0,2025-03-18
2025031805012210,NRIC,49,58,100.0,1288.0,128800.0,2025-03-18
2025031805012209,NRIC,49,58,87.0,1288.0,112056.0,2025-03-18
2025031805012208,NRIC,49,42,100.0,1287.0,128700.0,2025-03-18
2025031805012207,NRIC,49,34,20.0,1285.0,25700.0,2025-03-18
2025031805012206,NRIC,49,58,200.0,1285.0,257000.0,2025-03-18
2025031805012205,NRIC,49,49,53.0,1285.0,68105.0,2025-03-18
2025031805012204,NRIC,49,50,50.0,1285.0,64250.0,2025-03-18
2025031805012203,NRIC,49,85,200.0,1285.0,257000.0,2025-03-18
2025031805012202,NRIC,49,49,43.0,1285.0,55255.0,2025-03-18
2025031801014726,SARBTM,13,91,500.0,813.7,406850.0,2025-03-18
2025031804012433,GHL,29,91,100.0,305.0,30500.0,2025-03-18
2025031801014725,NYADI,80,35,69.0,589.0,40641.0,2025-03-18
2025031803010254,ICFC,48,42,150.0,628.0,94200.0,2025-03-18
2025031805012201,CIT,25,14,14.0,1977.0,27678.0,2025-03-18
2025031804012432,NHPC,66,34,14.0,213.8,2993.2,2025-03-18
2025031804012431,NHPC,25,34,60.0,213.8,12828.0,2025-03-18
2025031801014724,NICA,34,16,91.0,374.9,34115.9,2025-03-18
2025031801014723,NICA,34,41,200.0,374.9,74980.0,2025-03-18
2025031801014722,NICA,34,51,509.0,374.9,190824.1,2025-03-18
2025031801014721,SPHL,72,80,10.0,764.0,7640.0,2025-03-18
2025031804012430,SHEL,54,43,10.0,261.0,2610.0,2025-03-18
2025031804012429,SHEL,54,25,40.0,260.9,10436.0,2025-03-18
2025031803010253,RLFL,13,34,50.0,537.0,26850.0,2025-03-18
2025031801014720,CITY,57,39,10.0,878.3,8783.0,2025-03-18
2025031805012200,HRL,36,60,407.0,986.0,401302.0,2025-03-18
2025031804012428,SPIL,44,44,11.0,864.0,9504.0,2025-03-18
2025031804012427,SPIL,44,39,30.0,862.0,25860.0,2025-03-18
2025031801014719,SPC,88,32,290.0,557.0,161530.0,2025-03-18
2025031801014718,SPC,88,44,210.0,557.0,116970.0,2025-03-18
2025031804012426,BARUN,58,38,74.0,514.0,38036.0,2025-03-18
2025031805012199,HRL,58,60,93.0,986.0,91698.0,2025-03-18
2025031803010252,NMBMF,57,38,20.0,739.0,14780.0,2025-03-18
2025031805012198,NIFRA,41,34,46.0,271.4,12484.4,2025-03-18
2025031805012197,NIFRA,41,58,54.0,271.4,14655.6,2025-03-18
2025031805012196,HRL,56,60,50.0,986.0,49300.0,2025-03-18
2025031805012195,HRL,32,60,100.0,986.0,98600.0,2025-03-18
2025031805012194,HRL,50,60,350.0,986.1,345135.0,2025-03-18
2025031803010251,MLBBL,57,58,400.0,1625.5,650200.0,2025-03-18
2025031803010250,MSLB,57,51,10.0,1334.5,13345.0,2025-03-18
2025031803010249,SAPDBL,61,49,10.0,1163.0,11630.0,2025-03-18
2025031804012425,UNHPL,16,52,25.0,318.0,7950.0,2025-03-18
2025031804012424,SALICO,18,48,200.0,720.1,144020.0,2025-03-18
2025031805012193,CHDC,28,83,10.0,2265.0,22650.0,2025-03-18
2025031805012192,HRL,25,42,100.0,986.0,98600.0,2025-03-18
2025031804012423,LEC,26,57,561.0,216.0,121176.0,2025-03-18
2025031804012422,LEC,26,66,439.0,216.0,94824.0,2025-03-18
2025031801014717,TAMOR,57,56,40.0,530.5,21220.0,2025-03-18
2025031801014716,TAMOR,56,56,100.0,530.6,53060.0,2025-03-18
2025031804012421,SHPC,8,57,200.0,472.0,94400.0,2025-03-18
2025031804012420,SHPC,8,28,70.0,472.0,33040.0,2025-03-18
2025031804012419,SHPC,8,32,100.0,472.0,47200.0,2025-03-18
2025031804012418,SHPC,8,44,350.0,471.9,165165.0,2025-03-18
2025031804012417,SHPC,8,50,140.0,471.9,66066.0,2025-03-18
2025031804012416,SHPC,8,45,140.0,471.8,66052.0,2025-03-18
2025031803010248,GMFIL,84,29,10.0,510.0,5100.0,2025-03-18
2025031801014715,HHL,32,37,10.0,516.0,5160.0,2025-03-18
2025031805012191,ILI,6,38,50.0,476.9,23845.0,2025-03-18
2025031803010247,JFL,25,58,15.0,529.1,7936.5,2025-03-18
2025031801014714,MKHC,42,58,50.0,536.0,26800.0,2025-03-18
2025031801014713,MKHC,8,58,50.0,536.1,26805.0,2025-03-18
2025031801014712,MKHC,58,58,20.0,536.2,10724.0,2025-03-18
2025031801014711,MKHC,58,58,20.0,536.3,10726.0,2025-03-18
2025031801014710,MKHC,58,58,20.0,536.4,10728.0,2025-03-18
2025031801014709,MKHC,62,58,500.0,536.5,268250.0,2025-03-18
2025031801014708,MKHC,14,58,200.0,536.5,107300.0,2025-03-18
2025031801014707,PRVU,7,33,40.0,216.1,8644.0,2025-03-18
2025031801014706,PRVU,53,33,10.0,216.4,2164.0,2025-03-18
2025031805012190,MBJC,57,64,59.0,335.0,19765.0,2025-03-18
2025031805012189,MBJC,38,64,31.0,335.0,10385.0,2025-03-18
2025031803010246,JBBL,4,55,81.0,353.5,28633.5,2025-03-18
2025031804012415,PPCL,48,42,200.0,331.0,66200.0,2025-03-18
2025031803010245,HLI,56,42,30.0,429.0,12870.0,2025-03-18
2025031804012414,PPCL,35,42,500.0,331.0,165500.0,2025-03-18
2025031803010244,SADBL,45,32,10.0,417.9,4179.0,2025-03-18
2025031804012413,PRIN,45,50,15.0,993.0,14895.0,2025-03-18
2025031804012412,IGI,7,36,91.0,604.0,54964.0,2025-03-18
2025031801014705,GMLI,55,40,330.0,1962.0,647460.0,2025-03-18
2025031801014704,GMLI,56,40,110.0,1962.1,215831.0,2025-03-18
2025031804012411,GHL,39,70,100.0,306.0,30600.0,2025-03-18
2025031804012410,GHL,39,42,500.0,306.0,153000.0,2025-03-18
2025031804012409,GHL,39,1,50.0,306.0,15300.0,2025-03-18
2025031804012408,GHL,39,51,70.0,306.0,21420.0,2025-03-18
2025031804012407,GHL,39,46,200.0,306.0,61200.0,2025-03-18
2025031804012406,GHL,39,46,50.0,306.0,15300.0,2025-03-18
2025031804012405,GHL,39,8,55.0,306.0,16830.0,2025-03-18
2025031804012404,GHL,39,56,100.0,306.0,30600.0,2025-03-18
2025031804012403,GHL,39,26,200.0,306.0,61200.0,2025-03-18
2025031804012402,GHL,39,10,3300.0,306.0,1009800.0,2025-03-18
2025031804012401,GHL,39,39,500.0,306.0,153000.0,2025-03-18
2025031804012400,GHL,39,49,10.0,306.0,3060.0,2025-03-18
2025031804012399,GHL,39,16,20.0,306.0,6120.0,2025-03-18
2025031804012398,GHL,39,38,1000.0,306.0,306000.0,2025-03-18
2025031804012397,GHL,39,42,400.0,306.0,122400.0,2025-03-18
2025031804012396,GHL,39,47,266.0,306.0,81396.0,2025-03-18
2025031804012395,GHL,39,56,5000.0,306.0,1530000.0,2025-03-18
2025031804012394,GHL,39,34,100.0,306.0,30600.0,2025-03-18
2025031804012393,GHL,39,39,100.0,306.0,30600.0,2025-03-18
2025031804012392,GHL,39,49,100.0,306.0,30600.0,2025-03-18
2025031804012391,GHL,39,56,500.0,306.0,153000.0,2025-03-18
2025031804012390,GHL,39,6,1650.0,306.0,504900.0,2025-03-18
2025031804012389,GHL,39,35,1000.0,306.0,306000.0,2025-03-18
2025031804012388,GHL,39,6,700.0,305.7,213990.0,2025-03-18
2025031804012387,GHL,39,48,3170.0,305.0,966850.0,2025-03-18
2025031803010243,EDBL,49,59,430.0,665.1,285993.0,2025-03-18
2025031803010242,EDBL,49,59,100.0,665.2,66520.0,2025-03-18
2025031803010241,EDBL,21,59,30.0,666.0,19980.0,2025-03-18
2025031803010240,EDBL,5,59,40.0,667.5,26700.0,2025-03-18
2025031801014703,NMB,34,36,400.0,253.1,101240.0,2025-03-18
2025031803010239,NFS,77,40,40.0,723.0,28920.0,2025-03-18
2025031803010238,NFS,77,43,160.0,722.9,115664.0,2025-03-18
2025031803010237,SMPDA,14,58,10.0,956.0,9560.0,2025-03-18
2025031803010236,SMPDA,14,48,10.0,955.0,9550.0,2025-03-18
2025031801014702,SPHL,14,80,150.0,764.0,114600.0,2025-03-18
2025031801014701,SPHL,62,80,100.0,764.1,76410.0,2025-03-18
2025031801014700,SPHL,49,80,50.0,765.0,38250.0,2025-03-18
2025031801014699,SPHL,32,80,50.0,765.0,38250.0,2025-03-18
2025031801014698,SPHL,32,80,40.0,765.0,30600.0,2025-03-18
2025031804012386,UMRH,33,43,300.0,636.5,190950.0,2025-03-18
2025031801014697,NABIL,42,38,300.0,491.4,147420.0,2025-03-18
2025031801014696,GMLI,56,42,10.0,1962.1,19621.0,2025-03-18
2025031804012385,AKJCL,37,25,50.0,208.4,10420.0,2025-03-18
2025031804012384,NGPL,22,35,400.0,279.0,111600.0,2025-03-18
2025031804012383,AHPC,48,8,80.0,260.1,20808.0,2025-03-18
2025031804012382,AKJCL,42,13,50.0,208.1,10405.0,2025-03-18
2025031804012381,GHL,39,48,10830.0,305.0,3303150.0,2025-03-18
2025031804012380,GHL,39,4,500.0,305.0,152500.0,2025-03-18
2025031804012379,GHL,39,48,100.0,305.0,30500.0,2025-03-18
2025031804012378,GHL,39,21,100.0,305.0,30500.0,2025-03-18
2025031804012377,GHL,39,70,1000.0,304.9,304900.0,2025-03-18
2025031804012376,GHL,39,67,1000.0,304.6,304600.0,2025-03-18
2025031804012375,GHL,39,57,25.0,303.9,7597.5,2025-03-18
2025031804012374,GHL,39,51,50.0,303.9,15195.0,2025-03-18
2025031804012373,GHL,39,13,450.0,303.9,136755.0,2025-03-18
2025031804012372,GHL,39,19,200.0,303.9,60780.0,2025-03-18
2025031804012371,GHL,39,55,500.0,303.9,151950.0,2025-03-18
2025031804012370,GHL,39,34,250.0,303.9,75975.0,2025-03-18
2025031804012369,GHL,39,29,500.0,303.9,151950.0,2025-03-18
2025031804012368,GHL,39,6,100.0,303.9,30390.0,2025-03-18
2025031804012367,GHL,39,44,274.0,303.8,83241.2,2025-03-18
2025031804012366,GHL,39,74,500.0,303.5,151750.0,2025-03-18
2025031804012365,GHL,39,5,10.0,303.5,3035.0,2025-03-18
2025031804012364,GHL,39,39,10.0,303.5,3035.0,2025-03-18
2025031804012363,GHL,39,16,100.0,303.2,30320.0,2025-03-18
2025031804012362,GHL,39,66,100.0,303.2,30320.0,2025-03-18
2025031804012361,GHL,39,39,200.0,303.0,60600.0,2025-03-18
2025031804012360,GHL,39,39,100.0,303.0,30300.0,2025-03-18
2025031804012359,GHL,39,7,2000.0,303.0,606000.0,2025-03-18
2025031804012358,GHL,39,51,1000.0,303.0,303000.0,2025-03-18
2025031804012357,GHL,39,49,40.0,303.0,12120.0,2025-03-18
2025031804012356,GHL,39,61,5000.0,303.0,1515000.0,2025-03-18
2025031804012355,GHL,39,36,200.0,303.0,60600.0,2025-03-18
2025031804012354,GHL,39,5,100.0,303.0,30300.0,2025-03-18
2025031804012353,GHL,39,13,10.0,303.0,3030.0,2025-03-18
2025031804012352,GHL,39,64,50.0,303.0,15150.0,2025-03-18
2025031804012351,GHL,39,56,5000.0,302.9,1514500.0,2025-03-18
2025031804012350,GHL,39,29,250.0,302.9,75725.0,2025-03-18
2025031804012349,GHL,39,49,40.0,302.9,12116.0,2025-03-18
2025031804012348,GHL,39,49,1500.0,302.9,454350.0,2025-03-18
2025031804012347,GHL,39,51,50.0,302.9,15145.0,2025-03-18
2025031804012346,GHL,39,35,30.0,302.9,9087.0,2025-03-18
2025031804012345,GHL,39,7,20.0,302.9,6058.0,2025-03-18
2025031804012344,GHL,39,91,500.0,302.9,151450.0,2025-03-18
2025031804012343,GHL,39,22,10.0,302.9,3029.0,2025-03-18
2025031804012342,GHL,39,36,20.0,302.9,6058.0,2025-03-18
2025031804012341,GHL,39,41,10.0,302.9,3029.0,2025-03-18
2025031804012340,GHL,39,14,50.0,302.9,15145.0,2025-03-18
2025031804012339,GHL,39,98,80.0,302.8,24224.0,2025-03-18
2025031804012338,GHL,39,48,1400.0,302.0,422800.0,2025-03-18
2025031804012337,GHL,39,42,10.0,302.0,3020.0,2025-03-18
2025031804012336,GHL,39,3,100.0,302.0,30200.0,2025-03-18
2025031804012335,GHL,39,17,200.0,302.0,60400.0,2025-03-18
2025031804012334,GHL,39,5,200.0,302.0,60400.0,2025-03-18
2025031804012333,GHL,39,22,200.0,301.9,60380.0,2025-03-18
2025031804012332,GHL,39,48,2000.0,301.9,603800.0,2025-03-18
2025031804012331,GHL,39,94,940.0,301.9,283786.0,2025-03-18
2025031804012330,GHL,39,49,90.0,301.9,27171.0,2025-03-18
2025031804012329,GHL,39,16,500.0,301.9,150950.0,2025-03-18
2025031804012328,GHL,39,49,300.0,301.9,90570.0,2025-03-18
2025031804012327,GHL,39,41,300.0,301.9,90570.0,2025-03-18
2025031804012326,GHL,39,1,10.0,301.9,3019.0,2025-03-18
2025031804012325,GHL,39,22,90.0,301.4,27126.0,2025-03-18
2025031804012324,GHL,39,3,100.0,301.0,30100.0,2025-03-18
2025031804012323,GHL,39,5,10.0,301.0,3010.0,2025-03-18
2025031804012322,GHL,39,51,200.0,301.0,60200.0,2025-03-18
2025031804012321,GHL,39,45,500.0,301.0,150500.0,2025-03-18
2025031804012320,GHL,39,29,100.0,301.0,30100.0,2025-03-18
2025031804012319,GHL,39,43,3000.0,301.0,903000.0,2025-03-18
2025031804012318,GHL,39,25,75.0,301.0,22575.0,2025-03-18
2025031804012317,GHL,39,20,50.0,301.0,15050.0,2025-03-18
2025031804012316,GHL,39,66,1000.0,300.9,300900.0,2025-03-18
2025031804012315,GHL,39,39,500.0,300.9,150450.0,2025-03-18
2025031804012314,GHL,39,55,300.0,300.9,90270.0,2025-03-18
2025031804012313,GHL,39,17,100.0,300.9,30090.0,2025-03-18
2025031804012312,GHL,39,45,1000.0,300.9,300900.0,2025-03-18
2025031804012311,GHL,39,22,250.0,300.9,75225.0,2025-03-18
2025031804012310,GHL,39,39,500.0,300.7,150350.0,2025-03-18
2025031804012309,GHL,39,10,1000.0,300.3,300300.0,2025-03-18
2025031804012308,GHL,39,34,90.0,300.3,27027.0,2025-03-18
2025031804012307,GHL,39,34,2000.0,300.3,600600.0,2025-03-18
2025031804012306,GHL,39,74,26.0,300.3,7807.8,2025-03-18
2025031804012305,GHL,39,74,274.0,300.3,82282.2,2025-03-18
2025031804012304,GHL,39,19,2000.0,300.0,600000.0,2025-03-18
2025031804012303,GHL,39,59,126.0,300.0,37800.0,2025-03-18
2025031804012302,GHL,39,44,1000.0,300.0,300000.0,2025-03-18
2025031804012301,GHL,39,29,50.0,300.0,15000.0,2025-03-18
2025031804012300,GHL,39,35,1000.0,300.0,300000.0,2025-03-18
2025031804012299,GHL,39,14,8000.0,300.0,2400000.0,2025-03-18
2025031804012298,GHL,39,49,100.0,300.0,30000.0,2025-03-18
2025031804012297,GHL,39,38,1000.0,300.0,300000.0,2025-03-18
2025031804012296,GHL,39,53,300.0,300.0,90000.0,2025-03-18
2025031804012295,GHL,39,45,1500.0,300.0,450000.0,2025-03-18
2025031804012294,GHL,39,32,1000.0,300.0,300000.0,2025-03-18
2025031804012293,GHL,39,45,10.0,300.0,3000.0,2025-03-18
2025031804012292,GHL,39,61,800.0,300.0,240000.0,2025-03-18
2025031804012291,GHL,39,46,100.0,300.0,30000.0,2025-03-18
2025031804012290,GHL,39,32,1590.0,300.0,477000.0,2025-03-18
2025031804012289,GHL,39,29,400.0,300.0,120000.0,2025-03-18
2025031804012288,GHL,39,64,500.0,300.0,150000.0,2025-03-18
2025031804012287,GHL,39,43,2000.0,300.0,600000.0,2025-03-18
2025031804012286,GHL,39,42,1500.0,300.0,450000.0,2025-03-18
2025031804012285,GHL,39,58,300.0,300.0,90000.0,2025-03-18
2025031804012284,GHL,39,6,300.0,300.0,90000.0,2025-03-18
2025031804012283,GHL,39,7,10.0,300.0,3000.0,2025-03-18
2025031804012282,GHL,39,5,20.0,300.0,6000.0,2025-03-18
2025031804012281,GHL,39,34,1000.0,300.0,300000.0,2025-03-18
2025031804012280,GHL,39,11,120.0,300.0,36000.0,2025-03-18
2025031805012188,NRIC,49,32,200.0,1283.0,256600.0,2025-03-18
2025031805012187,NRIC,49,32,100.0,1283.1,128310.0,2025-03-18
2025031801014695,MKHC,62,56,63.0,537.0,33831.0,2025-03-18
2025031801014694,MKHC,62,16,37.0,537.0,19869.0,2025-03-18
2025031803010235,SFCL,35,38,20.0,540.0,10800.0,2025-03-18
2025031803010234,NFS,48,58,63.0,722.0,45486.0,2025-03-18
2025031803010233,NLICL,81,58,100.0,639.0,63900.0,2025-03-18
2025031803010232,NLICL,81,45,200.0,639.0,127800.0,2025-03-18
2025031801014693,MKJC,68,6,10.0,557.7,5577.0,2025-03-18
2025031803010231,NFS,48,1,122.0,722.0,88084.0,2025-03-18
2025031803010230,NFS,13,1,20.0,722.0,14440.0,2025-03-18
2025031803010229,NFS,45,1,58.0,722.0,41876.0,2025-03-18
2025031804012279,GHL,71,11,30.0,300.0,9000.0,2025-03-18
2025031804012278,GHL,71,34,60.0,300.0,18000.0,2025-03-18
2025031804012277,GHL,71,56,100.0,299.9,29990.0,2025-03-18
2025031804012276,GHL,71,17,100.0,299.9,29990.0,2025-03-18
2025031804012275,GHL,71,60,100.0,299.9,29990.0,2025-03-18
2025031804012274,GHL,71,77,100.0,299.9,29990.0,2025-03-18
2025031804012273,GHL,71,64,100.0,299.9,29990.0,2025-03-18
2025031804012272,GHL,71,62,100.0,299.9,29990.0,2025-03-18
2025031804012271,GHL,71,56,100.0,299.9,29990.0,2025-03-18
2025031804012270,GHL,71,56,200.0,299.9,59980.0,2025-03-18
2025031804012269,GHL,71,56,200.0,299.9,59980.0,2025-03-18
2025031804012268,GHL,71,48,200.0,299.9,59980.0,2025-03-18
2025031804012267,GHL,71,62,200.0,299.9,59980.0,2025-03-18
2025031804012266,GHL,71,56,300.0,299.9,89970.0,2025-03-18
2025031804012265,GHL,71,58,170.0,299.8,50966.0,2025-03-18
2025031804012264,GHL,71,52,1150.0,299.8,344770.0,2025-03-18
2025031804012263,GHL,71,90,200.0,299.8,59960.0,2025-03-18
2025031804012262,GHL,71,65,1590.0,299.8,476682.0,2025-03-18
2025031804012261,HDHPC,42,5,45.0,202.1,9094.5,2025-03-18
2025031804012260,NHPC,34,50,940.0,214.0,201160.0,2025-03-18
2025031803010228,GFCL,22,45,20.0,704.0,14080.0,2025-03-18
2025031803010227,GFCL,14,45,27.0,704.0,19008.0,2025-03-18
2025031804012259,LEC,44,66,500.0,216.0,108000.0,2025-03-18
2025031801014692,ULBSL,62,45,10.0,3774.0,37740.0,2025-03-18
2025031803010226,KSBBL,49,38,50.0,443.0,22150.0,2025-03-18
2025031801014691,BGWT,60,29,81.0,1065.0,86265.0,2025-03-18
2025031804012258,SHEL,48,17,30.0,260.3,7809.0,2025-03-18
2025031804012257,SHEL,42,17,20.0,260.3,5206.0,2025-03-18
2025031801014690,SNLI,43,48,190.0,686.2,130378.0,2025-03-18
2025031801014689,SNLI,41,48,27.0,686.3,18530.1,2025-03-18
2025031801014688,SNLI,40,48,50.0,686.3,34315.0,2025-03-18
2025031801014687,SNLI,29,48,235.0,686.3,161280.5,2025-03-18
2025031801014686,SNLI,58,48,10.0,686.4,6864.0,2025-03-18
2025031801014685,SNLI,48,48,88.0,686.4,60403.2,2025-03-18
2025031804012256,UMRH,28,10,160.0,639.8,102368.0,2025-03-18
2025031804012255,UMRH,28,84,90.0,639.0,57510.0,2025-03-18
2025031804012254,UMRH,28,29,10.0,639.0,6390.0,2025-03-18
2025031804012253,UMRH,28,67,300.0,638.0,191400.0,2025-03-18
2025031804012252,UMRH,28,5,1000.0,637.9,637900.0,2025-03-18
2025031804012251,UMRH,28,48,450.0,637.9,287055.0,2025-03-18
2025031804012250,UMRH,28,43,40.0,637.9,25516.0,2025-03-18
2025031804012249,UMRH,28,35,150.0,637.0,95550.0,2025-03-18
2025031801014684,HIDCLP,42,49,200.0,179.0,35800.0,2025-03-18
2025031801014683,ULHC,42,3,10.0,526.0,5260.0,2025-03-18
2025031804012248,API,25,39,196.0,278.0,54488.0,2025-03-18
2025031804012247,CGH,42,57,100.0,890.0,89000.0,2025-03-18
2025031804012246,SICL,34,42,10.0,793.5,7935.0,2025-03-18
2025031804012245,SICL,34,94,50.0,790.0,39500.0,2025-03-18
2025031804012244,UMHL,45,34,283.0,433.2,122595.6,2025-03-18
2025031804012243,UMHL,26,34,1500.0,433.3,649950.0,2025-03-18
2025031804012242,UMHL,67,34,10.0,433.3,4333.0,2025-03-18
2025031804012241,UMHL,70,34,198.0,433.4,85813.2,2025-03-18
2025031804012240,PPCL,8,42,150.0,331.0,49650.0,2025-03-18
2025031801014682,GBIME,52,38,10.0,221.5,2215.0,2025-03-18
2025031803010225,MLBL,47,39,200.0,417.0,83400.0,2025-03-18
2025031803010224,MLBL,62,39,10.0,417.0,4170.0,2025-03-18
2025031803010223,MLBL,57,39,15.0,417.0,6255.0,2025-03-18
2025031803010222,MLBL,44,39,200.0,417.0,83400.0,2025-03-18
2025031803010221,MLBL,53,39,34.0,417.1,14181.4,2025-03-18
2025031804012239,UMHL,94,41,210.0,433.9,91119.0,2025-03-18
2025031804012238,UMHL,94,37,40.0,433.5,17340.0,2025-03-18
2025031804012237,RURU,62,34,70.0,757.3,53011.0,2025-03-18
2025031803010220,ALBSL,62,39,10.0,858.0,8580.0,2025-03-18
2025031804012236,GHL,60,65,10.0,299.8,2998.0,2025-03-18
2025031801014681,USHEC,17,17,558.0,612.2,341607.6,2025-03-18
2025031801014680,USHEC,17,17,70.0,612.3,42861.0,2025-03-18
2025031804012235,UMHL,58,37,10.0,433.5,4335.0,2025-03-18
2025031803010219,PFL,49,21,50.0,454.0,22700.0,2025-03-18
2025031801014679,AVYAN,13,33,40.0,1085.4,43416.0,2025-03-18
2025031801014678,AVYAN,58,33,10.0,1085.4,10854.0,2025-03-18
2025031801014677,AVYAN,22,33,40.0,1085.5,43420.0,2025-03-18
2025031801014676,AVYAN,42,33,10.0,1086.0,10860.0,2025-03-18
2025031801014675,MBL,61,44,10.0,228.0,2280.0,2025-03-18
2025031805012186,HRL,81,38,18.0,986.6,17758.8,2025-03-18
2025031805012185,HRL,81,42,10.0,986.1,9861.0,2025-03-18
2025031805012184,HRL,81,26,50.0,986.0,49300.0,2025-03-18
2025031805012183,HRL,81,99,922.0,986.0,909092.0,2025-03-18
2025031801014674,EBL,47,14,31.0,611.5,18956.5,2025-03-18
2025031801014673,EBL,91,14,69.0,611.5,42193.5,2025-03-18
2025031805012182,CLI,36,5,10.0,530.3,5303.0,2025-03-18
2025031803010218,JBBL,42,55,320.0,353.5,113120.0,2025-03-18
2025031801014672,JBLB,42,26,20.0,1362.0,27240.0,2025-03-18
2025031801014671,GMLI,56,56,10.0,1962.1,19621.0,2025-03-18
2025031801014670,GMLI,56,45,10.0,1962.1,19621.0,2025-03-18
2025031804012234,GHL,88,65,2400.0,299.8,719520.0,2025-03-18
2025031804012233,GHL,88,10,900.0,299.8,269820.0,2025-03-18
2025031804012232,GHL,88,85,3000.0,299.8,899400.0,2025-03-18
2025031804012231,GHL,88,48,1000.0,299.8,299800.0,2025-03-18
2025031804012230,GHL,88,33,1000.0,299.8,299800.0,2025-03-18
2025031804012229,GHL,88,7,1000.0,299.8,299800.0,2025-03-18
2025031804012228,GHL,88,49,200.0,299.8,59960.0,2025-03-18
2025031804012227,GHL,88,33,500.0,299.8,149900.0,2025-03-18
2025031804012226,GHL,88,21,200.0,299.8,59960.0,2025-03-18
2025031804012225,GHL,88,53,1000.0,299.8,299800.0,2025-03-18
2025031804012224,GHL,88,60,5000.0,299.8,1499000.0,2025-03-18
2025031804012223,GHL,88,10,1000.0,299.7,299700.0,2025-03-18
2025031804012222,GHL,88,13,500.0,299.6,149800.0,2025-03-18
2025031804012221,GHL,88,21,500.0,299.5,149750.0,2025-03-18
2025031804012220,GHL,88,39,250.0,299.4,74850.0,2025-03-18
2025031804012219,GHL,88,89,500.0,299.3,149650.0,2025-03-18
2025031804012218,GHL,88,39,1000.0,299.3,299300.0,2025-03-18
2025031804012217,GHL,88,88,1000.0,299.3,299300.0,2025-03-18
2025031804012216,GHL,88,70,1000.0,299.3,299300.0,2025-03-18
2025031804012215,GHL,88,38,490.0,299.3,146657.0,2025-03-18
2025031804012214,GHL,88,22,500.0,299.0,149500.0,2025-03-18
2025031804012213,GHL,88,19,100.0,299.0,29900.0,2025-03-18
2025031804012212,GHL,88,14,100.0,299.0,29900.0,2025-03-18
2025031804012211,GHL,88,4,500.0,299.0,149500.0,2025-03-18
2025031804012210,GHL,88,58,50.0,299.0,14950.0,2025-03-18
2025031804012209,GHL,88,65,1310.0,299.0,391690.0,2025-03-18
2025031805012181,HATHY,11,42,30.0,1320.0,39600.0,2025-03-18
2025031805012180,SMATA,51,21,100.0,825.0,82500.0,2025-03-18
2025031805012179,RNLI,7,41,10.0,565.0,5650.0,2025-03-18
2025031803010217,GBBL,65,29,223.0,399.0,88977.0,2025-03-18
2025031803010216,GBBL,34,29,1000.0,399.2,399200.0,2025-03-18
2025031803010215,GBBL,19,29,200.0,399.3,79860.0,2025-03-18
2025031803010214,GBBL,52,29,150.0,399.4,59910.0,2025-03-18
2025031803010213,GBBL,52,22,500.0,399.4,199700.0,2025-03-18
2025031803010212,MLBL,53,25,70.0,417.1,29197.0,2025-03-18
2025031804012208,SSHL,57,48,1000.0,235.9,235900.0,2025-03-18
2025031801014669,SMHL,45,55,50.0,974.1,48705.0,2025-03-18
2025031803010211,GBBL,52,35,100.0,399.4,39940.0,2025-03-18
2025031804012207,GHL,35,65,690.0,299.0,206310.0,2025-03-18
2025031804012206,GHL,35,22,90.0,299.0,26910.0,2025-03-18
2025031804012205,GHL,35,41,500.0,299.0,149500.0,2025-03-18
2025031804012204,GHL,35,22,90.0,299.0,26910.0,2025-03-18
2025031804012203,GHL,35,5,135.0,299.0,40365.0,2025-03-18
2025031804012202,GHL,35,63,10.0,299.0,2990.0,2025-03-18
2025031804012201,GHL,35,70,50.0,299.0,14950.0,2025-03-18
2025031804012200,GHL,35,8,997.0,299.0,298103.0,2025-03-18
2025031804012199,GHL,35,14,400.0,299.0,119600.0,2025-03-18
2025031804012198,GHL,35,67,1100.0,298.8,328680.0,2025-03-18
2025031804012197,GHL,35,35,27.0,298.8,8067.6,2025-03-18
2025031804012196,GHL,35,34,50.0,298.8,14940.0,2025-03-18
2025031804012195,GHL,35,17,500.0,298.8,149400.0,2025-03-18
2025031804012194,GHL,35,99,2000.0,298.8,597600.0,2025-03-18
2025031804012193,GHL,35,38,1000.0,298.8,298800.0,2025-03-18
2025031804012192,GHL,35,60,1000.0,298.8,298800.0,2025-03-18
2025031804012191,GHL,35,50,300.0,298.8,89640.0,2025-03-18
2025031804012190,GHL,35,42,100.0,298.8,29880.0,2025-03-18
2025031804012189,GHL,35,21,500.0,298.8,149400.0,2025-03-18
2025031804012188,GHL,35,49,17.0,298.7,5077.9,2025-03-18
2025031804012187,GHL,35,56,350.0,298.7,104545.0,2025-03-18
2025031804012186,GHL,35,26,1400.0,298.4,417760.0,2025-03-18
2025031804012185,GHL,35,70,30.0,298.1,8943.0,2025-03-18
2025031804012184,GHL,35,14,300.0,298.0,89400.0,2025-03-18
2025031804012183,GHL,35,41,120.0,298.0,35760.0,2025-03-18
2025031804012182,GHL,35,18,800.0,298.0,238400.0,2025-03-18
2025031804012181,GHL,35,13,50.0,298.0,14900.0,2025-03-18
2025031804012180,GHL,35,17,500.0,298.0,149000.0,2025-03-18
2025031804012179,GHL,35,39,1243.0,298.0,370414.0,2025-03-18
2025031804012178,GHL,35,54,651.0,298.0,193998.0,2025-03-18
2025031805012178,NIFRA,59,52,104.0,271.0,28184.0,2025-03-18
2025031804012177,RURU,52,54,117.0,755.0,88335.0,2025-03-18
2025031804012176,RURU,80,54,100.0,755.0,75500.0,2025-03-18
2025031804012175,RURU,1,54,300.0,755.1,226530.0,2025-03-18
2025031804012174,RURU,98,54,46.0,755.1,34734.6,2025-03-18
2025031804012173,RURU,21,54,10.0,755.2,7552.0,2025-03-18
2025031801014668,PPL,32,26,16.0,526.0,8416.0,2025-03-18
2025031801014667,PPL,32,34,54.0,525.0,28350.0,2025-03-18
2025031803010210,LBBL,38,62,50.0,448.9,22445.0,2025-03-18
2025031801014666,SRLI,34,47,290.0,421.2,122148.0,2025-03-18
2025031801014665,SRLI,29,47,10.0,421.9,4219.0,2025-03-18
2025031801014664,MANDU,38,47,10.0,919.7,9197.0,2025-03-18
2025031803010209,BFC,48,58,55.0,586.0,32230.0,2025-03-18
2025031803010208,BFC,35,58,20.0,587.0,11740.0,2025-03-18
2025031804012172,BARUN,57,50,802.0,513.1,411506.2,2025-03-18
2025031804012171,BARUN,11,50,198.0,513.2,101613.6,2025-03-18
2025031804012170,GHL,49,57,51.0,295.0,15045.0,2025-03-18
2025031803010207,GBLBS,46,46,55.0,825.0,45375.0,2025-03-18
2025031803010206,GBLBS,43,46,45.0,825.0,37125.0,2025-03-18
2025031805012177,HRL,45,56,1.0,985.0,985.0,2025-03-18
2025031801014663,SBL,50,6,53.0,287.0,15211.0,2025-03-18
2025031804012169,AKPL,38,33,190.0,232.5,44175.0,2025-03-18
2025031805012176,SMATA,58,21,10.0,825.0,8250.0,2025-03-18
2025031801014662,C30MF,58,4,500.0,9.1,4550.0,2025-03-18
2025031801014661,C30MF,29,4,2000.0,9.11,18220.0,2025-03-18
2025031801014660,C30MF,10,4,2000.0,9.12,18240.0,2025-03-18
2025031803010205,SLBSL,49,4,40.0,2323.8,92952.0,2025-03-18
2025031801014659,MHL,1,45,55.0,755.0,41525.0,2025-03-18
2025031801014658,MHL,1,35,45.0,755.0,33975.0,2025-03-18
2025031805012175,STC,64,1,10.0,5320.0,53200.0,2025-03-18
2025031801014657,GMLI,56,95,50.0,1962.1,98105.0,2025-03-18
2025031801014656,KBL,57,41,225.0,206.9,46552.5,2025-03-18
2025031803010204,SWMF,17,57,15.0,756.0,11340.0,2025-03-18
2025031804012168,JOSHI,59,57,20.0,380.0,7600.0,2025-03-18
2025031801014655,PRVU,53,58,10.0,216.4,2164.0,2025-03-18
2025031804012167,NHDL,7,85,155.0,836.2,129611.0,2025-03-18
2025031804012166,NHDL,28,85,100.0,836.4,83640.0,2025-03-18
2025031804012165,NHDL,42,85,50.0,836.5,41825.0,2025-03-18
2025031804012164,NHDL,45,85,15.0,836.5,12547.5,2025-03-18
2025031804012163,GLH,19,54,10.0,253.0,2530.0,2025-03-18
2025031805012174,SONA,8,45,10.0,476.2,4762.0,2025-03-18
2025031801014654,BNHC,94,42,38.0,528.5,20083.0,2025-03-18
2025031805012173,HRL,47,99,500.0,986.0,493000.0,2025-03-18
2025031805012172,HRL,7,99,10.0,986.0,9860.0,2025-03-18
2025031805012171,HRL,42,99,103.0,986.0,101558.0,2025-03-18
2025031805012170,HRL,33,99,15.0,986.0,14790.0,2025-03-18
2025031801014653,RHGCL,6,35,500.0,586.0,293000.0,2025-03-18
2025031801014652,BEDC,42,64,10.0,836.5,8365.0,2025-03-18
2025031801014651,GMLI,56,51,10.0,1962.1,19621.0,2025-03-18
2025031805012169,CHDC,28,83,10.0,2265.0,22650.0,2025-03-18
2025031801014650,MKHL,10,14,500.0,702.1,351050.0,2025-03-18
2025031801014649,GMLI,56,29,100.0,1962.1,196210.0,2025-03-18
2025031804012162,HURJA,29,36,200.0,243.4,48680.0,2025-03-18
2025031803010203,PMLI,1,45,1.0,577.3,577.3,2025-03-18
2025031801014648,KBL,6,63,100.0,206.9,20690.0,2025-03-18
2025031803010202,PROFL,46,26,100.0,545.5,54550.0,2025-03-18
2025031805012168,MBJC,67,51,200.0,335.9,67180.0,2025-03-18
2025031804012161,GHL,41,54,349.0,298.0,104002.0,2025-03-18
2025031804012160,GHL,41,6,800.0,298.0,238400.0,2025-03-18
2025031804012159,GHL,41,21,4000.0,298.0,1192000.0,2025-03-18
2025031804012158,GHL,41,22,200.0,298.0,59600.0,2025-03-18
2025031804012157,GHL,41,80,1000.0,298.0,298000.0,2025-03-18
2025031804012156,GHL,41,67,1000.0,298.0,298000.0,2025-03-18
2025031804012155,GHL,41,45,500.0,298.0,149000.0,2025-03-18
2025031804012154,GHL,41,41,1000.0,298.0,298000.0,2025-03-18
2025031804012153,GHL,41,77,500.0,298.0,149000.0,2025-03-18
2025031804012152,GHL,41,60,1000.0,298.0,298000.0,2025-03-18
2025031804012151,GHL,41,8,500.0,298.0,149000.0,2025-03-18
2025031804012150,GHL,41,14,50.0,298.0,14900.0,2025-03-18
2025031804012149,GHL,41,4,165.0,298.0,49170.0,2025-03-18
2025031804012148,GHL,41,57,700.0,298.0,208600.0,2025-03-18
2025031804012147,GHL,41,36,117.0,298.0,34866.0,2025-03-18
2025031804012146,GHL,41,41,300.0,298.0,89400.0,2025-03-18
2025031804012145,GHL,41,70,30.0,298.0,8940.0,2025-03-18
2025031804012144,GHL,41,39,300.0,298.0,89400.0,2025-03-18
2025031804012143,GHL,41,91,300.0,297.9,89370.0,2025-03-18
2025031804012142,GHL,41,57,1000.0,297.8,297800.0,2025-03-18
2025031804012141,GHL,41,28,100.0,297.8,29780.0,2025-03-18
2025031804012140,GHL,41,60,5000.0,297.8,1489000.0,2025-03-18
2025031804012139,GHL,41,28,260.0,297.8,77428.0,2025-03-18
2025031804012138,GHL,41,39,3000.0,297.0,891000.0,2025-03-18
2025031804012137,GHL,41,14,1000.0,297.0,297000.0,2025-03-18
2025031804012136,GHL,41,18,50.0,297.0,14850.0,2025-03-18
2025031804012135,GHL,41,62,1600.0,297.0,475200.0,2025-03-18
2025031804012134,GHL,41,28,200.0,297.0,59400.0,2025-03-18
2025031804012133,GHL,41,33,100.0,297.0,29700.0,2025-03-18
2025031804012132,GHL,41,53,1000.0,297.0,297000.0,2025-03-18
2025031804012131,GHL,41,57,1000.0,297.0,297000.0,2025-03-18
2025031804012130,GHL,41,35,1000.0,297.0,297000.0,2025-03-18
2025031804012129,GHL,41,58,150.0,297.0,44550.0,2025-03-18
2025031804012128,GHL,41,13,90.0,297.0,26730.0,2025-03-18
2025031804012127,GHL,41,45,50.0,297.0,14850.0,2025-03-18
2025031804012126,GHL,41,48,60.0,297.0,17820.0,2025-03-18
2025031804012125,GHL,41,19,50.0,297.0,14850.0,2025-03-18
2025031804012124,GHL,41,53,1000.0,296.9,296900.0,2025-03-18
2025031804012123,GHL,41,26,85.0,296.8,25228.0,2025-03-18
2025031804012122,GHL,41,39,500.0,296.8,148400.0,2025-03-18
2025031804012121,GHL,41,51,1420.0,296.5,421030.0,2025-03-18
2025031804012120,GHL,41,6,2000.0,296.5,593000.0,2025-03-18
2025031804012119,GHL,41,21,500.0,296.3,148150.0,2025-03-18
