transaction,symbol,buyer,seller,quantity,rate,amount,date
2025041303009263,MFIL,45,75,75.0,597.3,44797.5,2025-04-13
2025041303009262,MFIL,62,75,100.0,597.5,59750.0,2025-04-13
2025041303009261,MFIL,57,75,75.0,597.5,44812.5,2025-04-13
2025041301015118,BHDC,52,40,160.0,555.0,88800.0,2025-04-13
2025041303009260,NABBC,20,77,10.0,1786.0,17860.0,2025-04-13
2025041303009259,NABBC,20,77,50.0,1775.0,88750.0,2025-04-13
2025041303009258,SAPDBL,66,47,221.0,990.0,218790.0,2025-04-13
2025041303009257,SAPDBL,38,47,500.0,990.0,495000.0,2025-04-13
2025041303009256,SAPDBL,14,47,20.0,1004.5,20090.0,2025-04-13
2025041303009255,SAPDBL,38,47,100.0,1005.0,100500.0,2025-04-13
2025041303009254,SAPDBL,57,47,200.0,1005.9,201180.0,2025-04-13
2025041303009253,SAPDBL,26,47,50.0,1005.9,50295.0,2025-04-13
2025041303009252,SAPDBL,14,47,20.0,1005.9,20118.0,2025-04-13
2025041303009251,SAPDBL,14,47,30.0,1005.9,30177.0,2025-04-13
2025041303009250,SAPDBL,16,47,59.0,1006.0,59354.0,2025-04-13
2025041303009249,SAPDBL,26,47,100.0,1007.0,100700.0,2025-04-13
2025041301015117,RFPL,47,11,10.0,686.9,6869.0,2025-04-13
2025041301015116,UNLB,47,47,20.0,2232.8,44656.0,2025-04-13
2025041305015729,HRL,33,60,19.0,1010.1,19191.9,2025-04-13
2025041305015728,HRL,45,60,450.0,1010.1,454545.0,2025-04-13
2025041305015727,HRL,32,60,50.0,1010.1,50505.0,2025-04-13
2025041305015726,HRL,45,60,100.0,1010.1,101010.0,2025-04-13
2025041305015725,HRL,50,60,180.0,1010.1,181818.0,2025-04-13
2025041305015724,HRL,26,60,250.0,1010.2,252550.0,2025-04-13
2025041305015723,HRL,34,60,91.0,1010.2,91928.2,2025-04-13
2025041305015722,HRL,32,60,100.0,1010.2,101020.0,2025-04-13
2025041305015721,HRL,39,60,50.0,1010.2,50510.0,2025-04-13
2025041305015720,HRL,38,60,10.0,1010.2,10102.0,2025-04-13
2025041305015719,HRL,26,60,230.0,1010.2,232346.0,2025-04-13
2025041305015718,HRL,94,60,300.0,1010.7,303210.0,2025-04-13
2025041305015717,HRL,34,60,50.0,1011.0,50550.0,2025-04-13
2025041305015716,HRL,65,60,1000.0,1011.0,1011000.0,2025-04-13
2025041305015715,HRL,51,60,100.0,1011.0,101100.0,2025-04-13
2025041305015714,HRL,45,60,50.0,1011.0,50550.0,2025-04-13
2025041305015713,HRL,53,60,100.0,1011.0,101100.0,2025-04-13
2025041305015712,HRL,50,60,300.0,1011.0,303300.0,2025-04-13
2025041305015711,HRL,21,60,240.0,1011.0,242640.0,2025-04-13
2025041305015710,HRL,50,60,130.0,1011.1,131443.0,2025-04-13
2025041305015709,HRL,32,60,200.0,1011.3,202260.0,2025-04-13
2025041305015708,NIFRA,64,60,500.0,276.1,138050.0,2025-04-13
2025041301015115,NIBLGF,65,57,100.0,8.6,860.0,2025-04-13
2025041304014251,UMHL,53,82,50.0,462.0,23100.0,2025-04-13
2025041304014250,UMHL,53,22,50.0,462.0,23100.0,2025-04-13
2025041301015114,HEIP,17,26,410.0,360.0,147600.0,2025-04-13
2025041304014249,RIDI,26,39,10.0,219.9,2199.0,2025-04-13
2025041303009248,MLBL,26,55,223.0,393.0,87639.0,2025-04-13
2025041303009247,MLBL,26,91,90.0,392.0,35280.0,2025-04-13
2025041303009246,MLBL,26,41,100.0,392.0,39200.0,2025-04-13
2025041303009245,MLBL,26,5,500.0,392.0,196000.0,2025-04-13
2025041303009244,MLBL,26,50,87.0,392.0,34104.0,2025-04-13
2025041305015707,SONA,38,34,190.0,466.0,88540.0,2025-04-13
2025041305015706,CHDC,39,50,190.0,2557.0,485830.0,2025-04-13
2025041305015705,CHDC,39,16,10.0,2557.0,25570.0,2025-04-13
2025041301015113,BNHC,4,34,185.0,496.5,91852.5,2025-04-13
2025041301015112,BNHC,4,34,15.0,497.0,7455.0,2025-04-13
2025041301015111,TPC,52,39,144.0,527.9,76017.6,2025-04-13
2025041301015110,GMLI,45,34,10.0,2412.0,24120.0,2025-04-13
2025041301015109,CKHL,34,51,20.0,714.0,14280.0,2025-04-13
2025041301015108,MEHL,34,32,10.0,526.5,5265.0,2025-04-13
2025041304014248,GHL,4,34,100.0,269.1,26910.0,2025-04-13
2025041301015107,RFPL,45,19,20.0,684.5,13690.0,2025-04-13
2025041305015704,NRN,99,51,10.0,1760.0,17600.0,2025-04-13
2025041304014247,HDHPC,49,13,50.0,195.2,9760.0,2025-04-13
2025041304014246,CHL,51,13,80.0,448.9,35912.0,2025-04-13
2025041304014245,CHL,51,4,80.0,448.0,35840.0,2025-04-13
2025041301015106,MKCL,45,51,50.0,1606.0,80300.0,2025-04-13
2025041301015105,MKCL,58,51,50.0,1607.0,80350.0,2025-04-13
2025041301015104,ULHC,42,4,40.0,510.0,20400.0,2025-04-13
2025041301015103,ULHC,42,60,20.0,510.0,10200.0,2025-04-13
2025041303009243,GMFIL,42,59,10.0,502.0,5020.0,2025-04-13
2025041301015102,SMH,42,42,175.0,925.0,161875.0,2025-04-13
2025041303009242,SHINE,1,42,135.0,406.0,54810.0,2025-04-13
2025041303009241,SHINE,58,42,65.0,406.0,26390.0,2025-04-13
2025041303009240,FMDBL,42,21,160.0,770.0,123200.0,2025-04-13
2025041303009239,FMDBL,42,35,15.0,770.0,11550.0,2025-04-13
2025041303009238,FMDBL,42,49,200.0,770.0,154000.0,2025-04-13
2025041303009237,FMDBL,42,1,20.0,769.9,15398.0,2025-04-13
2025041303009236,FMDBL,42,42,10.0,769.0,7690.0,2025-04-13
2025041303009235,FMDBL,42,57,11.0,768.0,8448.0,2025-04-13
2025041303009234,FMDBL,42,82,484.0,768.0,371712.0,2025-04-13
2025041303009233,FMDBL,42,45,43.0,765.0,32895.0,2025-04-13
2025041303009232,FMDBL,42,49,57.0,765.0,43605.0,2025-04-13
2025041301015101,HEIP,42,52,45.0,367.0,16515.0,2025-04-13
2025041301015100,HEIP,42,47,55.0,366.9,20179.5,2025-04-13
2025041303009231,PMLI,45,51,12.0,554.0,6648.0,2025-04-13
2025041303009230,PMLI,45,17,10.0,554.0,5540.0,2025-04-13
2025041303009229,PMLI,45,21,10.0,554.0,5540.0,2025-04-13
2025041303009228,PMLI,45,21,12.0,554.0,6648.0,2025-04-13
2025041303009227,PMLI,45,58,12.0,553.3,6639.6,2025-04-13
2025041303009226,PMLI,45,29,36.0,553.2,19915.2,2025-04-13
2025041303009225,GILB,45,68,17.0,1239.0,21063.0,2025-04-13
2025041301015099,TVCL,42,41,800.0,550.0,440000.0,2025-04-13
2025041301015098,TVCL,29,41,80.0,551.0,44080.0,2025-04-13
2025041304014244,BARUN,41,34,10.0,534.0,5340.0,2025-04-13
2025041301015097,PCBL,57,45,126.0,249.4,31424.4,2025-04-13
2025041301015096,PCBL,33,45,50.0,249.5,12475.0,2025-04-13
2025041301015095,PCBL,36,45,500.0,249.9,124950.0,2025-04-13
2025041301015094,RHGCL,58,45,500.0,515.0,257500.0,2025-04-13
2025041304014243,JOSHI,48,33,140.0,380.3,53242.0,2025-04-13
2025041304014242,JOSHI,43,33,200.0,380.4,76080.0,2025-04-13
2025041304014241,JOSHI,58,33,80.0,380.5,30440.0,2025-04-13
2025041304014240,JOSHI,1,33,200.0,380.6,76120.0,2025-04-13
2025041304014239,JOSHI,68,33,10.0,381.0,3810.0,2025-04-13
2025041301015093,NABIL,57,37,20.0,487.1,9742.0,2025-04-13
2025041301015092,RHGCL,58,58,700.0,515.0,360500.0,2025-04-13
2025041301015091,PRVU,52,58,300.0,207.2,62160.0,2025-04-13
2025041301015090,MEHL,58,32,10.0,526.5,5265.0,2025-04-13
2025041303009224,SFCL,11,58,100.0,525.1,52510.0,2025-04-13
2025041301015089,KBSH,58,45,18.0,2190.0,39420.0,2025-04-13
2025041304014238,AKPL,32,58,500.0,225.6,112800.0,2025-04-13
2025041301015088,BHL,22,58,500.0,255.2,127600.0,2025-04-13
2025041303009223,SWBBL,80,57,10.0,829.0,8290.0,2025-04-13
2025041301015087,BHL,57,58,100.0,255.2,25520.0,2025-04-13
2025041304014237,HPPL,86,62,2500.0,601.8,1504500.0,2025-04-13
2025041301015086,CYCL,62,34,10.0,1595.0,15950.0,2025-04-13
2025041301015085,HIDCLP,28,94,8656.0,181.0,1566736.0,2025-04-13
2025041301015084,HIDCLP,28,94,739.0,181.0,133759.0,2025-04-13
2025041301015083,HIDCLP,28,51,55.0,180.9,9949.5,2025-04-13
2025041301015082,HIDCLP,28,60,400.0,180.5,72200.0,2025-04-13
2025041301015081,HIDCLP,28,60,150.0,180.5,27075.0,2025-04-13
2025041303009222,NABBC,22,57,100.0,1772.0,177200.0,2025-04-13
2025041301015080,MEHL,59,32,11.0,526.5,5791.5,2025-04-13
2025041305015703,NRIC,57,50,50.0,1300.0,65000.0,2025-04-13
2025041304014236,CHCL,55,94,150.0,475.0,71250.0,2025-04-13
2025041304014235,CHCL,51,94,50.0,475.1,23755.0,2025-04-13
2025041303009221,PFL,88,49,10.0,417.0,4170.0,2025-04-13
2025041303009220,ALICL,85,91,244.0,742.9,181267.6,2025-04-13
2025041303009219,ALICL,85,38,1156.0,742.0,857752.0,2025-04-13
2025041303009218,ALICL,85,45,200.0,741.1,148220.0,2025-04-13
2025041301015079,SBI,44,16,10.0,421.0,4210.0,2025-04-13
2025041301015078,SBI,44,59,24.0,419.0,10056.0,2025-04-13
2025041304014234,UMHL,62,48,500.0,461.9,230950.0,2025-04-13
2025041301015077,IHL,74,82,50.0,656.0,32800.0,2025-04-13
2025041301015076,GMLI,34,21,360.0,2410.0,867600.0,2025-04-13
2025041305015702,NRN,21,62,14.0,1761.0,24654.0,2025-04-13
2025041305015701,NRN,21,80,151.0,1760.9,265895.9,2025-04-13
2025041305015700,NRN,21,38,100.0,1760.0,176000.0,2025-04-13
2025041305015699,NRN,21,98,35.0,1760.0,61600.0,2025-04-13
2025041303009217,CFCL,45,17,35.0,600.1,21003.5,2025-04-13
2025041303009216,CFCL,21,17,50.0,602.0,30100.0,2025-04-13
2025041303009215,CFCL,3,17,15.0,602.0,9030.0,2025-04-13
2025041304014233,NLG,63,38,500.0,888.2,444100.0,2025-04-13
2025041301015075,NICA,43,45,200.0,375.5,75100.0,2025-04-13
2025041305015698,NIFRA,43,59,50.0,276.3,13815.0,2025-04-13
2025041301015074,GBIME,52,7,45.0,218.6,9837.0,2025-04-13
2025041305015697,HRL,50,36,200.0,1011.1,202220.0,2025-04-13
2025041305015696,HRL,41,36,100.0,1012.0,101200.0,2025-04-13
2025041305015695,HRL,25,36,100.0,1012.0,101200.0,2025-04-13
2025041305015694,CHDC,16,16,10.0,2557.0,25570.0,2025-04-13
2025041305015693,ILI,16,34,12.0,462.0,5544.0,2025-04-13
2025041304014232,CHL,29,4,10.0,448.0,4480.0,2025-04-13
2025041303009214,USLB,7,25,10.0,1720.0,17200.0,2025-04-13
2025041305015692,CHDC,69,16,20.0,2557.0,51140.0,2025-04-13
2025041303009213,JFL,49,35,400.0,503.0,201200.0,2025-04-13
2025041301015073,MKHL,35,14,75.0,675.0,50625.0,2025-04-13
2025041301015072,MKHL,35,77,160.0,675.0,108000.0,2025-04-13
2025041301015071,USHEC,45,53,65.0,562.0,36530.0,2025-04-13
2025041304014231,SALICO,43,13,100.0,714.6,71460.0,2025-04-13
2025041304014230,UMHL,62,65,1000.0,461.9,461900.0,2025-04-13
2025041304014229,GHL,39,67,438.0,270.0,118260.0,2025-04-13
2025041305015691,HDL,26,58,100.0,1195.0,119500.0,2025-04-13
2025041304014228,GHL,39,46,937.0,271.8,254676.6,2025-04-13
2025041304014227,GHL,39,53,900.0,271.7,244530.0,2025-04-13
2025041304014226,GHL,39,39,600.0,271.7,163020.0,2025-04-13
2025041304014225,GHL,39,39,550.0,271.6,149380.0,2025-04-13
2025041304014224,GHL,39,66,500.0,271.0,135500.0,2025-04-13
2025041304014223,GHL,39,41,73.0,271.0,19783.0,2025-04-13
2025041304014222,GHL,39,36,500.0,271.0,135500.0,2025-04-13
2025041304014221,GHL,39,56,940.0,270.9,254646.0,2025-04-13
2025041304014220,NLG,34,44,20.0,890.0,17800.0,2025-04-13
2025041303009212,SLBSL,39,34,10.0,1722.0,17220.0,2025-04-13
2025041303009211,SLBSL,34,34,20.0,1722.0,34440.0,2025-04-13
2025041301015070,MEHL,34,1,10.0,524.0,5240.0,2025-04-13
2025041305015690,PHCL,19,36,20.0,584.0,11680.0,2025-04-13
2025041305015689,PHCL,19,38,10.0,584.0,5840.0,2025-04-13
2025041305015688,PHCL,19,22,40.0,582.0,23280.0,2025-04-13
2025041301015069,NWCL,77,34,10.0,975.0,9750.0,2025-04-13
2025041305015687,HIDCL,19,19,54.0,287.2,15508.8,2025-04-13
2025041305015686,NBF3,42,51,500.0,9.35,4675.0,2025-04-13
2025041304014219,BARUN,49,34,10.0,534.0,5340.0,2025-04-13
2025041303009210,MPFL,51,94,380.0,628.9,238982.0,2025-04-13
2025041303009209,MPFL,51,57,110.0,628.9,69179.0,2025-04-13
2025041303009208,MPFL,51,41,10.0,628.8,6288.0,2025-04-13
2025041303009207,HLI,14,49,170.0,424.0,72080.0,2025-04-13
2025041305015685,HDL,25,49,15.0,1194.5,17917.5,2025-04-13
2025041301015068,SMHL,57,49,50.0,901.2,45060.0,2025-04-13
2025041304014218,SPIL,6,42,28.0,838.0,23464.0,2025-04-13
2025041304014217,GLH,58,36,70.0,237.0,16590.0,2025-04-13
2025041304014216,GLH,58,34,50.0,237.0,11850.0,2025-04-13
2025041301015067,AHL,58,70,10.0,722.7,7227.0,2025-04-13
2025041301015066,TVCL,29,22,100.0,551.0,55100.0,2025-04-13
2025041304014215,UPCL,22,49,10.0,306.6,3066.0,2025-04-13
2025041305015684,HIDCL,19,22,110.0,287.2,31592.0,2025-04-13
2025041303009206,BFC,8,62,100.0,545.0,54500.0,2025-04-13
2025041301015065,CYCL,62,51,10.0,1590.0,15900.0,2025-04-13
2025041304014214,UMRH,28,44,10.0,594.9,5949.0,2025-04-13
2025041301015064,RHGCL,58,57,210.0,515.0,108150.0,2025-04-13
2025041303009205,GMFIL,43,59,60.0,502.0,30120.0,2025-04-13
2025041303009204,GMFIL,88,59,40.0,502.1,20084.0,2025-04-13
2025041303009203,GMFIL,88,59,100.0,502.2,50220.0,2025-04-13
2025041303009202,GMFIL,38,59,30.0,502.5,15075.0,2025-04-13
2025041301015063,KBL,57,56,50.0,205.7,10285.0,2025-04-13
2025041304014213,RHPL,59,48,582.0,377.0,219414.0,2025-04-13
2025041303009201,MLBBL,8,48,200.0,1495.0,299000.0,2025-04-13
2025041301015062,ULBSL,38,48,30.0,3205.0,96150.0,2025-04-13
2025041301015061,ULBSL,7,48,20.0,3205.0,64100.0,2025-04-13
2025041303009200,GUFL,6,5,25.0,580.0,14500.0,2025-04-13
2025041301015060,SIGS3,42,6,500.0,10.1,5050.0,2025-04-13
2025041305015683,NRIC,6,71,338.0,1301.0,439738.0,2025-04-13
2025041305015682,NRIC,6,58,662.0,1301.0,861262.0,2025-04-13
2025041303009199,SKBBL,49,6,23.0,799.0,18377.0,2025-04-13
2025041301015059,BHPL,92,34,10.0,1040.0,10400.0,2025-04-13
2025041301015058,BHPL,92,55,10.0,1040.0,10400.0,2025-04-13
2025041303009198,EDBL,8,81,50.0,608.5,30425.0,2025-04-13
2025041301015057,HIDCLP,8,60,100.0,180.5,18050.0,2025-04-13
2025041305015681,SHIVM,58,61,600.0,521.0,312600.0,2025-04-13
2025041304014212,BARUN,43,34,10.0,534.0,5340.0,2025-04-13
2025041301015056,SPL,7,61,10.0,871.0,8710.0,2025-04-13
2025041301015055,SPL,7,36,30.0,865.0,25950.0,2025-04-13
2025041301015054,BHDC,38,38,50.0,555.1,27755.0,2025-04-13
2025041305015680,SONA,38,38,10.0,466.0,4660.0,2025-04-13
2025041303009197,NLIC,14,38,156.0,765.0,119340.0,2025-04-13
2025041303009196,NLIC,29,38,144.0,765.0,110160.0,2025-04-13
2025041303009195,SJLIC,76,55,90.0,440.9,39681.0,2025-04-13
2025041303009194,SJLIC,76,58,10.0,440.0,4400.0,2025-04-13
2025041303009193,SJLIC,76,53,10.0,440.0,4400.0,2025-04-13
2025041303009192,SJLIC,76,49,10.0,440.0,4400.0,2025-04-13
2025041303009191,SJLIC,76,41,10.0,440.0,4400.0,2025-04-13
2025041303009190,SMB,49,14,25.0,2386.1,59652.5,2025-04-13
2025041303009189,SMB,47,14,20.0,2388.1,47762.0,2025-04-13
2025041303009188,SMB,56,14,10.0,2388.2,23882.0,2025-04-13
2025041303009187,SMB,29,14,30.0,2391.0,71730.0,2025-04-13
2025041304014211,GHL,16,56,10.0,270.9,2709.0,2025-04-13
2025041301015053,NIBLGF,66,57,100.0,8.6,860.0,2025-04-13
2025041304014210,HPPL,86,16,50.0,601.8,30090.0,2025-04-13
2025041303009186,NLIC,29,16,356.0,765.0,272340.0,2025-04-13
2025041303009185,NLIC,51,16,10.0,765.0,7650.0,2025-04-13
2025041303009184,NLIC,87,16,40.0,765.2,30608.0,2025-04-13
2025041303009183,NLIC,1,16,200.0,765.3,153060.0,2025-04-13
2025041303009182,NLIC,17,16,100.0,765.3,76530.0,2025-04-13
2025041303009181,NLIC,57,16,20.0,765.3,15306.0,2025-04-13
2025041303009180,NLIC,55,16,11.0,765.4,8419.4,2025-04-13
2025041303009179,NLIC,55,16,200.0,766.0,153200.0,2025-04-13
2025041303009178,NLIC,58,16,10.0,766.0,7660.0,2025-04-13
2025041303009177,NLIC,34,16,313.0,766.0,239758.0,2025-04-13
2025041304014209,LEC,34,3,155.0,207.0,32085.0,2025-04-13
2025041304014208,LEC,58,3,10.0,207.1,2071.0,2025-04-13
2025041304014207,LEC,42,3,135.0,207.1,27958.5,2025-04-13
2025041301015052,TAMOR,41,69,500.0,523.0,261500.0,2025-04-13
2025041301015051,TAMOR,33,69,100.0,523.0,52300.0,2025-04-13
2025041301015050,TAMOR,57,69,200.0,523.0,104600.0,2025-04-13
2025041304014206,UPPER,20,35,100.0,197.1,19710.0,2025-04-13
2025041305015679,NRN,34,98,65.0,1760.0,114400.0,2025-04-13
2025041303009176,MLBL,60,50,10.0,392.0,3920.0,2025-04-13
2025041304014205,AHPC,38,26,100.0,249.7,24970.0,2025-04-13
2025041305015678,NRN,26,80,10.0,1760.9,17609.0,2025-04-13
2025041303009175,GBLBS,40,39,20.0,817.0,16340.0,2025-04-13
2025041304014204,HEI,57,39,20.0,592.0,11840.0,2025-04-13
2025041301015049,MCHL,38,34,225.0,625.0,140625.0,2025-04-13
2025041301015048,BHL,19,58,75.0,255.2,19140.0,2025-04-13
2025041301015047,NYADI,51,21,50.0,570.0,28500.0,2025-04-13
2025041304014203,HPPL,86,50,500.0,601.8,300900.0,2025-04-13
2025041301015046,SRLI,47,38,1.0,413.0,413.0,2025-04-13
2025041301015045,SRLI,47,49,40.0,413.0,16520.0,2025-04-13
2025041304014202,HPPL,86,42,310.0,601.8,186558.0,2025-04-13
2025041304014201,HPPL,6,42,90.0,601.8,54162.0,2025-04-13
2025041303009174,GBBL,3,42,31.0,396.0,12276.0,2025-04-13
2025041304014200,JOSHI,68,42,90.0,381.0,34290.0,2025-04-13
2025041303009173,GBLBS,40,33,50.0,817.0,40850.0,2025-04-13
2025041305015677,CHDC,45,16,50.0,2557.0,127850.0,2025-04-13
2025041303009172,SAPDBL,58,46,10.0,1010.0,10100.0,2025-04-13
2025041305015676,CLI,58,41,16.0,497.0,7952.0,2025-04-13
2025041301015044,SPC,58,72,20.0,517.9,10358.0,2025-04-13
2025041305015675,GCIL,32,58,900.0,527.4,474660.0,2025-04-13
2025041305015674,GCIL,17,58,100.0,528.0,52800.0,2025-04-13
2025041304014199,SHEL,22,47,530.0,247.7,131281.0,2025-04-13
2025041304014198,SHEL,22,34,200.0,247.4,49480.0,2025-04-13
2025041305015673,HRL,25,22,110.0,1012.0,111320.0,2025-04-13
2025041301015043,ULHC,41,22,10.0,507.3,5073.0,2025-04-13
2025041305015672,NRN,34,58,25.0,1760.0,44000.0,2025-04-13
2025041301015042,HIDCLP,28,62,349.0,180.4,62959.6,2025-04-13
2025041301015041,HIDCLP,28,62,1000.0,180.4,180400.0,2025-04-13
2025041301015040,HIDCLP,51,62,1051.0,180.4,189600.4,2025-04-13
2025041301015039,HIDCLP,91,62,1400.0,180.4,252560.0,2025-04-13
2025041301015038,HIDCLP,65,62,200.0,180.5,36100.0,2025-04-13
2025041301015037,HIDCLP,32,62,1000.0,180.5,180500.0,2025-04-13
2025041301015036,BEDC,71,63,10.0,756.0,7560.0,2025-04-13
2025041304014197,CHCL,94,58,20.0,475.9,9518.0,2025-04-13
2025041301015035,MBL,57,34,303.0,226.0,68478.0,2025-04-13
2025041301015034,MBL,57,16,97.0,226.0,21922.0,2025-04-13
2025041301015033,NABIL,57,26,1090.0,487.8,531702.0,2025-04-13
2025041301015032,NABIL,57,32,100.0,487.5,48750.0,2025-04-13
2025041301015031,NABIL,57,17,10.0,487.5,4875.0,2025-04-13
2025041304014196,GLH,32,34,300.0,237.0,71100.0,2025-04-13
2025041304014195,UMHL,62,48,500.0,461.9,230950.0,2025-04-13
2025041305015671,SMJC,48,22,101.0,560.0,56560.0,2025-04-13
2025041305015670,SMJC,48,65,218.0,560.0,122080.0,2025-04-13
2025041305015669,SMJC,48,26,50.0,559.0,27950.0,2025-04-13
2025041305015668,SMJC,48,64,100.0,559.0,55900.0,2025-04-13
2025041305015667,CHDC,36,16,10.0,2557.0,25570.0,2025-04-13
2025041305015666,HRL,6,8,10.0,1012.8,10128.0,2025-04-13
2025041301015030,NYADI,6,21,29.0,570.0,16530.0,2025-04-13
2025041304014194,GLH,11,11,100.0,236.3,23630.0,2025-04-13
2025041301015029,UHEWA,74,22,125.0,651.0,81375.0,2025-04-13
2025041305015665,HRL,25,21,80.0,1012.0,80960.0,2025-04-13
2025041301015028,SMH,89,42,10.0,934.0,9340.0,2025-04-13
2025041304014193,UMHL,8,22,150.0,462.0,69300.0,2025-04-13
2025041301015027,NESDO,57,81,20.0,1791.1,35822.0,2025-04-13
2025041303009171,SINDU,41,55,20.0,1080.8,21616.0,2025-04-13
2025041301015026,JBLB,17,58,50.0,1325.0,66250.0,2025-04-13
2025041301015025,MAKAR,56,17,10.0,692.0,6920.0,2025-04-13
2025041304014192,NGPL,19,56,103.0,285.5,29406.5,2025-04-13
2025041301015024,LSL,57,7,780.0,218.0,170040.0,2025-04-13
2025041304014191,AHPC,38,38,78.0,249.7,19476.6,2025-04-13
2025041304014190,AHPC,42,38,200.0,249.7,49940.0,2025-04-13
2025041304014189,AHPC,58,38,10.0,250.0,2500.0,2025-04-13
2025041304014188,AHPC,19,38,200.0,250.0,50000.0,2025-04-13
2025041304014187,AHPC,11,38,200.0,250.0,50000.0,2025-04-13
2025041301015023,SCB,14,38,16.0,629.1,10065.6,2025-04-13
2025041303009170,FMDBL,38,49,94.0,765.0,71910.0,2025-04-13
2025041305015664,HRL,25,38,10.0,1012.0,10120.0,2025-04-13
2025041304014186,RADHI,8,77,584.0,494.1,288554.4,2025-04-13
2025041304014185,RADHI,99,77,265.0,494.1,130936.5,2025-04-13
2025041304014184,RADHI,62,77,100.0,494.2,49420.0,2025-04-13
2025041304014183,RADHI,14,77,290.0,494.4,143376.0,2025-04-13
2025041304014182,RADHI,14,77,200.0,494.5,98900.0,2025-04-13
2025041304014181,RADHI,39,77,200.0,495.0,99000.0,2025-04-13
2025041304014180,RADHI,20,77,361.0,495.0,178695.0,2025-04-13
2025041305015663,MBJC,53,77,840.0,313.5,263340.0,2025-04-13
2025041305015662,MBJC,58,77,160.0,313.6,50176.0,2025-04-13
2025041303009169,GMFBS,14,22,14.0,1614.0,22596.0,2025-04-13
2025041303009168,LICN,66,4,20.0,978.0,19560.0,2025-04-13
2025041304014179,PPCL,16,49,300.0,317.8,95340.0,2025-04-13
2025041304014178,PPCL,16,51,200.0,317.5,63500.0,2025-04-13
2025041305015661,SMATA,4,16,95.0,813.9,77320.5,2025-04-13
2025041304014177,RADHI,96,17,120.0,496.0,59520.0,2025-04-13
2025041304014176,RADHI,96,58,100.0,496.0,49600.0,2025-04-13
2025041304014175,RADHI,96,42,180.0,496.0,89280.0,2025-04-13
2025041304014174,RADHI,96,34,100.0,495.8,49580.0,2025-04-13
2025041301015022,TPC,52,58,56.0,527.9,29562.4,2025-04-13
2025041304014173,NGPL,19,52,100.0,285.5,28550.0,2025-04-13
2025041304014172,DHPL,47,35,100.0,392.8,39280.0,2025-04-13
2025041304014171,DHPL,47,41,63.0,391.0,24633.0,2025-04-13
2025041304014170,DHPL,47,5,197.0,390.0,76830.0,2025-04-13
2025041304014169,DHPL,47,45,40.0,389.1,15564.0,2025-04-13
2025041303009167,SWBBL,80,57,10.0,829.0,8290.0,2025-04-13
2025041305015660,HRL,13,25,10.0,1012.5,10125.0,2025-04-13
2025041305015659,HRL,13,71,50.0,1012.0,50600.0,2025-04-13
2025041305015658,HRL,13,45,31.0,1011.6,31359.6,2025-04-13
2025041305015657,HRL,50,39,150.0,1011.1,151665.0,2025-04-13
2025041304014168,GHL,39,4,100.0,270.0,27000.0,2025-04-13
2025041304014167,GHL,39,71,300.0,270.0,81000.0,2025-04-13
2025041304014166,GHL,39,44,10.0,270.0,2700.0,2025-04-13
2025041304014165,GHL,39,59,152.0,270.0,41040.0,2025-04-13
2025041305015656,ILI,39,33,50.0,463.0,23150.0,2025-04-13
2025041305015655,CHDC,49,39,100.0,2556.0,255600.0,2025-04-13
2025041304014164,RADHI,36,41,50.0,495.7,24785.0,2025-04-13
2025041304014163,RADHI,36,49,100.0,495.5,49550.0,2025-04-13
2025041305015654,HRL,50,19,20.0,1011.1,20222.0,2025-04-13
2025041303009166,NFS,77,34,250.0,682.4,170600.0,2025-04-13
2025041303009165,NFS,58,34,105.0,683.0,71715.0,2025-04-13
2025041301015021,NICA,57,34,40.0,375.0,15000.0,2025-04-13
2025041303009164,MFIL,58,34,20.0,598.0,11960.0,2025-04-13
2025041305015653,CHDC,49,50,90.0,2556.0,230040.0,2025-04-13
2025041305015652,CHDC,11,50,10.0,2557.0,25570.0,2025-04-13
2025041305015651,SAHAS,49,42,270.0,501.9,135513.0,2025-04-13
2025041303009163,SINDU,41,33,515.0,1080.8,556612.0,2025-04-13
2025041303009162,SINDU,41,33,20.0,1080.8,21616.0,2025-04-13
2025041303009161,GUFL,48,5,39.0,580.0,22620.0,2025-04-13
2025041303009160,GUFL,57,5,377.0,580.0,218660.0,2025-04-13
2025041303009159,EDBL,41,97,10.0,608.0,6080.0,2025-04-13
2025041305015650,NRM,45,58,400.0,470.0,188000.0,2025-04-13
2025041301015020,NIMB,56,58,205.0,211.1,43275.5,2025-04-13
2025041301015019,NIMB,58,58,10.0,211.5,2115.0,2025-04-13
2025041303009158,NFS,58,34,40.0,683.1,27324.0,2025-04-13
2025041305015649,SMATA,34,22,55.0,811.0,44605.0,2025-04-13
2025041304014162,UPPER,22,35,10.0,197.1,1971.0,2025-04-13
2025041301015018,MAKAR,56,22,10.0,692.0,6920.0,2025-04-13
2025041304014161,UMHL,62,22,300.0,462.0,138600.0,2025-04-13
2025041304014160,UMRH,28,38,10.0,594.0,5940.0,2025-04-13
2025041301015017,LSL,57,52,24.0,218.0,5232.0,2025-04-13
2025041301015016,PRVU,57,52,37.0,208.0,7696.0,2025-04-13
2025041301015015,PRVU,57,42,13.0,207.5,2697.5,2025-04-13
2025041303009157,PMLI,58,94,455.0,545.9,248384.5,2025-04-13
2025041303009156,PMLI,6,94,19.0,546.0,10374.0,2025-04-13
2025041303009155,PMLI,29,94,50.0,546.0,27300.0,2025-04-13
2025041303009154,PMLI,65,94,728.0,546.0,397488.0,2025-04-13
2025041301015014,BEDC,28,63,120.0,756.0,90720.0,2025-04-13
2025041301015013,BEDC,38,63,140.0,756.0,105840.0,2025-04-13
2025041304014159,UMRH,48,55,50.0,591.0,29550.0,2025-04-13
2025041305015648,ILI,84,3,2.0,462.0,924.0,2025-04-13
2025041305015647,ILI,84,6,18.0,462.0,8316.0,2025-04-13
2025041305015646,ILI,32,6,15.0,462.0,6930.0,2025-04-13
2025041305015645,ILI,39,6,17.0,462.0,7854.0,2025-04-13
2025041305015644,CHDC,64,11,17.0,2555.1,43436.7,2025-04-13
2025041305015643,CHDC,64,11,58.0,2555.1,148195.8,2025-04-13
2025041305015642,CHDC,38,11,30.0,2555.1,76653.0,2025-04-13
2025041301015012,NYADI,6,21,100.0,570.0,57000.0,2025-04-13
2025041305015641,CHDC,38,11,18.0,2555.1,45991.8,2025-04-13
2025041305015640,CHDC,34,11,69.0,2555.2,176308.8,2025-04-13
2025041305015639,CHDC,17,11,100.0,2555.2,255520.0,2025-04-13
2025041305015638,CHDC,7,11,708.0,2555.3,1809152.4,2025-04-13
2025041303009153,NMFBS,21,41,10.0,1233.8,12338.0,2025-04-13
2025041305015637,HRL,21,52,10.0,1011.0,10110.0,2025-04-13
2025041301015011,CZBIL,22,82,142.0,210.0,29820.0,2025-04-13
2025041301015010,CZBIL,34,82,74.0,210.0,15540.0,2025-04-13
2025041303009152,EDBL,8,81,10.0,608.5,6085.0,2025-04-13
2025041304014158,RADHI,17,42,220.0,496.0,109120.0,2025-04-13
2025041304014157,RADHI,17,35,100.0,496.0,49600.0,2025-04-13
2025041304014156,RADHI,17,1,47.0,496.0,23312.0,2025-04-13
2025041304014155,RADHI,17,28,10.0,496.0,4960.0,2025-04-13
2025041304014154,RADHI,17,41,20.0,496.0,9920.0,2025-04-13
2025041304014153,RADHI,17,88,11.0,496.0,5456.0,2025-04-13
2025041304014152,RADHI,17,4,342.0,496.0,169632.0,2025-04-13
2025041304014151,RADHI,17,16,250.0,495.5,123875.0,2025-04-13
2025041301015009,PBLD87,84,43,50.0,1050.0,52500.0,2025-04-13
2025041303009151,NADEP,43,45,95.0,897.0,85215.0,2025-04-13
2025041303009150,NADEP,43,34,100.0,893.5,89350.0,2025-04-13
2025041303009149,NADEP,43,34,10.0,893.0,8930.0,2025-04-13
2025041303009148,NADEP,43,39,50.0,892.5,44625.0,2025-04-13
2025041303009147,NADEP,43,29,110.0,891.9,98109.0,2025-04-13
2025041303009146,NADEP,43,70,30.0,890.0,26700.0,2025-04-13
2025041303009145,NADEP,43,58,555.0,882.0,489510.0,2025-04-13
2025041303009144,NADEP,43,47,50.0,881.0,44050.0,2025-04-13
2025041301015008,NYADI,7,21,50.0,570.0,28500.0,2025-04-13
2025041305015636,CHDC,7,7,292.0,2555.3,746147.6,2025-04-13
2025041305015635,CHDC,39,7,100.0,2555.3,255530.0,2025-04-13
2025041305015634,CHDC,18,7,20.0,2555.4,51108.0,2025-04-13
2025041305015633,CHDC,34,7,88.0,2556.0,224928.0,2025-04-13
2025041301015007,DORDI,17,38,456.0,361.1,164661.6,2025-04-13
2025041301015006,DORDI,57,38,45.0,362.0,16290.0,2025-04-13
2025041304014150,LEC,42,38,284.0,207.1,58816.4,2025-04-13
2025041304014149,LEC,50,38,10.0,207.1,2071.0,2025-04-13
2025041304014148,LEC,42,38,106.0,207.1,21952.6,2025-04-13
2025041305015632,SONA,38,29,70.0,466.0,32620.0,2025-04-13
2025041304014147,OHL,14,71,30.0,885.0,26550.0,2025-04-13
2025041301015005,SGHC,3,14,570.0,507.0,288990.0,2025-04-13
2025041304014146,SSHL,4,45,1000.0,229.0,229000.0,2025-04-13
2025041303009143,RLFL,42,69,10.0,515.0,5150.0,2025-04-13
2025041303009142,RLFL,26,69,25.0,515.0,12875.0,2025-04-13
2025041303009141,DDBL,42,52,16.0,777.0,12432.0,2025-04-13
2025041301015004,GVL,6,35,200.0,485.0,97000.0,2025-04-13
2025041303009140,CFCL,45,35,50.0,600.1,30005.0,2025-04-13
2025041303009139,CFCL,34,35,100.0,600.4,60040.0,2025-04-13
2025041303009138,CFCL,17,35,200.0,601.0,120200.0,2025-04-13
2025041303009137,CFCL,26,35,650.0,602.0,391300.0,2025-04-13
2025041305015631,NRN,26,62,10.0,1761.0,17610.0,2025-04-13
2025041301015003,ULBSL,39,48,40.0,3209.8,128392.0,2025-04-13
2025041304014145,BARUN,58,19,159.0,533.1,84762.9,2025-04-13
2025041304014144,BARUN,47,19,100.0,533.5,53350.0,2025-04-13
2025041304014143,HDHPC,19,13,100.0,195.2,19520.0,2025-04-13
2025041303009136,SFCL,11,51,55.0,525.1,28880.5,2025-04-13
2025041301015002,SBL,50,38,220.0,284.5,62590.0,2025-04-13
2025041301015001,SBL,50,36,100.0,283.0,28300.0,2025-04-13
2025041301015000,SBL,50,58,120.0,283.0,33960.0,2025-04-13
2025041305015630,HRL,26,34,25.0,1010.2,25255.0,2025-04-13
2025041303009135,NMLBBL,34,57,44.0,657.0,28908.0,2025-04-13
2025041303009134,NMLBBL,34,8,10.0,657.0,6570.0,2025-04-13
2025041305015629,NRN,34,8,10.0,1760.0,17600.0,2025-04-13
2025041301014999,HIDCLP,34,94,5000.0,181.0,905000.0,2025-04-13
2025041301014998,AVYAN,13,42,15.0,1044.0,15660.0,2025-04-13
2025041301014997,AVYAN,57,42,44.0,1045.0,45980.0,2025-04-13
2025041304014142,CGH,22,49,60.0,853.0,51180.0,2025-04-13
2025041305015628,GCIL,42,57,279.0,529.4,147702.6,2025-04-13
2025041305015627,GCIL,42,45,11.0,529.0,5819.0,2025-04-13
2025041304014141,RADHI,33,4,129.0,496.0,63984.0,2025-04-13
2025041303009133,MERO,42,34,225.0,705.9,158827.5,2025-04-13
2025041303009132,MERO,42,38,205.0,705.0,144525.0,2025-04-13
2025041303009131,MERO,42,19,70.0,705.0,49350.0,2025-04-13
2025041304014140,RADHI,33,13,42.0,496.0,20832.0,2025-04-13
2025041304014139,RADHI,33,49,100.0,496.0,49600.0,2025-04-13
2025041304014138,RADHI,33,1,219.0,496.0,108624.0,2025-04-13
2025041304014137,RADHI,33,17,860.0,495.9,426474.0,2025-04-13
2025041304014136,RADHI,33,35,150.0,495.8,74370.0,2025-04-13
2025041304014135,CGH,22,42,40.0,853.0,34120.0,2025-04-13
2025041304014134,CGH,41,42,90.0,853.0,76770.0,2025-04-13
2025041301014996,ULHC,41,33,146.0,507.3,74065.8,2025-04-13
2025041301014995,ULHC,14,33,30.0,507.3,15219.0,2025-04-13
2025041301014994,ULHC,90,33,50.0,507.4,25370.0,2025-04-13
2025041301014993,ULHC,48,33,444.0,507.5,225330.0,2025-04-13
2025041301014992,ULHC,14,33,10.0,507.6,5076.0,2025-04-13
2025041301014991,ULHC,65,33,20.0,508.0,10160.0,2025-04-13
2025041303009130,GFCL,49,45,10.0,657.7,6577.0,2025-04-13
2025041303009129,SMPDA,62,58,10.0,970.2,9702.0,2025-04-13
2025041301014990,TVCL,29,58,20.0,551.0,11020.0,2025-04-13
2025041301014989,AHL,6,58,10.0,711.4,7114.0,2025-04-13
2025041301014988,AHL,6,58,20.0,711.5,14230.0,2025-04-13
2025041301014987,NWCL,77,58,35.0,975.0,34125.0,2025-04-13
2025041301014986,SNLI,37,49,1.0,640.0,640.0,2025-04-13
2025041301014985,SNLI,37,58,12.0,640.0,7680.0,2025-04-13
2025041303009128,MNBBL,49,22,100.0,360.0,36000.0,2025-04-13
2025041303009127,GBLBS,40,22,30.0,817.0,24510.0,2025-04-13
2025041301014984,PCBL,36,62,222.0,250.0,55500.0,2025-04-13
2025041305015626,CHDC,34,62,100.0,2556.0,255600.0,2025-04-13
2025041304014133,HDHPC,28,13,100.0,195.2,19520.0,2025-04-13
2025041304014132,HPPL,68,91,380.0,601.7,228646.0,2025-04-13
2025041304014131,UMHL,62,91,100.0,461.9,46190.0,2025-04-13
2025041305015625,SMJC,86,91,200.0,557.5,111500.0,2025-04-13
2025041305015624,SMJC,80,91,300.0,557.6,167280.0,2025-04-13
2025041303009126,MPFL,57,74,265.0,628.0,166420.0,2025-04-13
2025041303009125,SHINE,58,57,347.0,406.0,140882.0,2025-04-13
2025041303009124,SHINE,13,57,653.0,406.1,265183.3,2025-04-13
2025041301014983,HHL,32,52,100.0,480.9,48090.0,2025-04-13
2025041304014130,UPCL,16,32,180.0,305.1,54918.0,2025-04-13
2025041304014129,UPCL,50,32,20.0,305.1,6102.0,2025-04-13
2025041304014128,UPCL,60,32,800.0,305.2,244160.0,2025-04-13
2025041303009123,MLBL,1,50,183.0,392.0,71736.0,2025-04-13
2025041303009122,MLBL,1,17,425.0,392.0,166600.0,2025-04-13
2025041303009121,MLBL,1,33,92.0,391.9,36054.8,2025-04-13
2025041303009120,MLBL,1,11,300.0,389.0,116700.0,2025-04-13
2025041304014127,LEC,42,1,280.0,207.1,57988.0,2025-04-13
2025041304014126,UMHL,62,48,500.0,461.9,230950.0,2025-04-13
2025041303009119,LICN,40,48,50.0,976.0,48800.0,2025-04-13
2025041304014125,AKJCL,48,38,60.0,200.0,12000.0,2025-04-13
2025041301014982,BHL,18,58,20.0,255.2,5104.0,2025-04-13
2025041301014981,BHL,11,58,1100.0,255.2,280720.0,2025-04-13
2025041301014980,MEHL,42,82,100.0,520.4,52040.0,2025-04-13
2025041305015623,GCIL,32,95,356.0,527.4,187754.4,2025-04-13
2025041305015622,GCIL,19,95,200.0,527.5,105500.0,2025-04-13
2025041305015621,GCIL,32,95,1886.0,527.6,995053.6,2025-04-13
2025041305015620,GCIL,34,95,50.0,527.7,26385.0,2025-04-13
2025041305015619,GCIL,62,95,50.0,527.7,26385.0,2025-04-13
2025041305015618,GCIL,68,95,200.0,527.8,105560.0,2025-04-13
2025041305015617,GCIL,46,95,11.0,528.0,5808.0,2025-04-13
2025041305015616,GCIL,22,95,200.0,528.0,105600.0,2025-04-13
2025041305015615,GCIL,35,95,47.0,528.0,24816.0,2025-04-13
2025041304014124,AKJCL,40,38,30.0,200.0,6000.0,2025-04-13
2025041301014979,SNLI,37,38,12.0,640.0,7680.0,2025-04-13
2025041304014123,SALICO,43,38,208.0,714.6,148636.8,2025-04-13
2025041304014122,SALICO,49,38,100.0,715.0,71500.0,2025-04-13
2025041304014121,SALICO,42,38,82.0,715.0,58630.0,2025-04-13
2025041304014120,SALICO,49,38,30.0,716.0,21480.0,2025-04-13
2025041304014119,NLG,14,44,10.0,890.0,8900.0,2025-04-13
2025041305015614,NRIC,55,36,68.0,1299.1,88338.8,2025-04-13
2025041305015613,NRIC,35,36,10.0,1299.2,12992.0,2025-04-13
2025041305015612,NRIC,96,36,40.0,1299.9,51996.0,2025-04-13
2025041305015611,NRIC,13,36,30.0,1300.0,39000.0,2025-04-13
2025041305015610,NRIC,48,36,52.0,1300.0,67600.0,2025-04-13
2025041301014978,EHPL,34,29,100.0,675.0,67500.0,2025-04-13
2025041301014977,EHPL,28,29,14.0,675.0,9450.0,2025-04-13
2025041301014976,KBL,48,3,1700.0,205.0,348500.0,2025-04-13
2025041301014975,KBL,58,3,10.0,205.1,2051.0,2025-04-13
2025041301014974,KBL,58,3,50.0,205.2,10260.0,2025-04-13
2025041301014973,KBL,36,3,100.0,205.2,20520.0,2025-04-13
2025041301014972,KBL,8,3,1000.0,205.3,205300.0,2025-04-13
2025041301014971,KBL,56,3,200.0,205.5,41100.0,2025-04-13
2025041301014970,KBL,51,3,35.0,205.5,7192.5,2025-04-13
2025041301014969,KBL,45,3,905.0,205.5,185977.5,2025-04-13
2025041301014968,SANIMA,41,4,640.0,301.0,192640.0,2025-04-13
2025041301014967,SANIMA,45,4,360.0,301.1,108396.0,2025-04-13
2025041304014118,NGPL,19,25,157.0,285.5,44823.5,2025-04-13
2025041304014117,UMHL,62,25,60.0,461.9,27714.0,2025-04-13
2025041304014116,AKJCL,40,64,20.0,200.0,4000.0,2025-04-13
2025041301014966,DOLTI,35,36,10.0,666.0,6660.0,2025-04-13
2025041305015609,NIFRA,64,60,16857.0,276.1,4654217.7,2025-04-13
2025041305015608,NIFRA,53,60,900.0,276.2,248580.0,2025-04-13
2025041305015607,NIFRA,53,60,598.0,276.9,165586.2,2025-04-13
2025041305015606,HRL,26,60,45.0,1010.2,45459.0,2025-04-13
2025041305015605,HRL,56,60,10.0,1010.3,10103.0,2025-04-13
2025041305015604,HRL,58,60,50.0,1010.3,50515.0,2025-04-13
2025041305015603,HRL,35,60,50.0,1010.5,50525.0,2025-04-13
2025041305015602,HRL,71,60,500.0,1010.5,505250.0,2025-04-13
2025041305015601,HRL,40,60,200.0,1010.6,202120.0,2025-04-13
2025041305015600,HRL,78,60,25.0,1010.8,25270.0,2025-04-13
2025041305015599,HRL,57,60,300.0,1011.0,303300.0,2025-04-13
2025041305015598,HRL,40,60,400.0,1011.0,404400.0,2025-04-13
2025041305015597,HRL,42,60,20.0,1011.0,20220.0,2025-04-13
2025041305015596,HRL,6,60,10.0,1011.0,10110.0,2025-04-13
2025041305015595,HRL,57,60,50.0,1011.0,50550.0,2025-04-13
2025041305015594,HRL,50,60,300.0,1011.0,303300.0,2025-04-13
2025041305015593,HRL,36,60,40.0,1011.0,40440.0,2025-04-13
2025041304014115,SGIC,47,49,40.0,585.0,23400.0,2025-04-13
2025041304014114,BARUN,47,49,100.0,533.5,53350.0,2025-04-13
2025041303009118,SINDU,47,33,100.0,1080.8,108080.0,2025-04-13
2025041304014113,UPPER,45,13,312.0,197.0,61464.0,2025-04-13
2025041304014112,UPPER,13,13,100.0,197.0,19700.0,2025-04-13
2025041304014111,UPPER,50,13,500.0,197.1,98550.0,2025-04-13
2025041304014110,UPPER,42,13,88.0,197.1,17344.8,2025-04-13
2025041305015592,RNLI,13,62,167.0,533.0,89011.0,2025-04-13
2025041304014109,SHL,13,35,500.0,494.8,247400.0,2025-04-13
2025041304014108,SHL,13,42,500.0,494.0,247000.0,2025-04-13
2025041303009117,NLIC,34,51,187.0,766.0,143242.0,2025-04-13
2025041303009116,NLIC,33,51,100.0,766.0,76600.0,2025-04-13
2025041303009115,NLIC,34,51,100.0,766.0,76600.0,2025-04-13
2025041301014965,PRVU,51,42,50.0,207.5,10375.0,2025-04-13
2025041301014964,GBIME,46,7,10.0,218.9,2189.0,2025-04-13
2025041301014963,SGHC,34,14,70.0,507.0,35490.0,2025-04-13
2025041301014962,SPC,49,72,200.0,517.9,103580.0,2025-04-13
2025041301014961,RFPL,45,41,62.0,684.5,42439.0,2025-04-13
2025041301014960,RFPL,45,41,68.0,685.0,46580.0,2025-04-13
2025041301014959,RFPL,36,41,80.0,685.5,54840.0,2025-04-13
2025041301014958,RFPL,42,41,10.0,685.6,6856.0,2025-04-13
2025041301014957,KBL,42,58,60.0,206.0,12360.0,2025-04-13
2025041305015591,NBF2,42,17,5000.0,9.82,49100.0,2025-04-13
2025041305015590,NBF2,42,4,34568.0,9.82,339457.76,2025-04-13
2025041304014107,LEC,42,33,614.0,207.1,127159.4,2025-04-13
2025041304014106,LEC,58,33,886.0,207.1,183490.6,2025-04-13
2025041305015589,HIDCL,42,33,31.0,287.1,8900.1,2025-04-13
2025041303009114,MSLB,43,33,10.0,1240.2,12402.0,2025-04-13
2025041304014105,AKJCL,37,64,150.0,200.0,30000.0,2025-04-13
2025041304014104,HPPL,68,45,25.0,601.7,15042.5,2025-04-13
2025041304014103,NICL,45,45,233.0,801.0,186633.0,2025-04-13
2025041304014102,NICL,42,45,100.0,801.0,80100.0,2025-04-13
2025041304014101,NICL,29,45,50.0,801.0,40050.0,2025-04-13
2025041304014100,NICL,58,45,180.0,801.0,144180.0,2025-04-13
2025041304014099,NICL,56,45,25.0,803.0,20075.0,2025-04-13
2025041304014098,NICL,57,45,112.0,803.0,89936.0,2025-04-13
2025041301014956,NIBD2082,4,45,13.0,1139.0,14807.0,2025-04-13
2025041304014097,SHPC,45,32,192.0,476.0,91392.0,2025-04-13
2025041305015588,NRIC,48,22,20.0,1300.0,26000.0,2025-04-13
2025041301014955,SARBTM,58,18,36.0,790.0,28440.0,2025-04-13
2025041301014954,SARBTM,58,3,64.0,789.9,50553.6,2025-04-13
2025041305015587,HRL,6,71,50.0,1012.0,50600.0,2025-04-13
2025041301014953,MKJC,86,94,200.0,570.0,114000.0,2025-04-13
2025041305015586,HATHY,63,26,56.0,1384.0,77504.0,2025-04-13
2025041305015585,HATHY,63,49,10.0,1383.9,13839.0,2025-04-13
2025041305015584,HATHY,63,63,100.0,1380.0,138000.0,2025-04-13
2025041305015583,HATHY,63,34,20.0,1380.0,27600.0,2025-04-13
2025041305015582,HATHY,63,64,100.0,1380.0,138000.0,2025-04-13
2025041305015581,HATHY,63,62,14.0,1380.0,19320.0,2025-04-13
2025041301014952,BHL,57,58,1000.0,255.2,255200.0,2025-04-13
2025041303009113,NFS,57,34,20.0,683.1,13662.0,2025-04-13
2025041303009112,SFCL,11,58,60.0,525.1,31506.0,2025-04-13
2025041304014096,UMHL,58,62,365.0,462.5,168812.5,2025-04-13
2025041304014095,UMHL,58,58,32.0,462.0,14784.0,2025-04-13
2025041304014094,UMHL,58,35,60.0,462.0,27720.0,2025-04-13
2025041304014093,UMHL,58,62,43.0,462.0,19866.0,2025-04-13
2025041304014092,RHPL,58,21,300.0,380.0,114000.0,2025-04-13
2025041305015580,PHCL,65,58,50.0,580.0,29000.0,2025-04-13
2025041304014091,UMHL,62,32,500.0,461.9,230950.0,2025-04-13
2025041301014951,BHL,54,58,800.0,255.2,204160.0,2025-04-13
2025041305015579,NRIC,6,54,10.0,1300.0,13000.0,2025-04-13
2025041305015578,NRIC,43,54,20.0,1300.0,26000.0,2025-04-13
2025041305015577,NRIC,57,54,35.0,1300.0,45500.0,2025-04-13
2025041301014950,MNMF1,48,6,1000.0,9.02,9020.0,2025-04-13
2025041301014949,UHEWA,74,22,375.0,651.0,244125.0,2025-04-13
2025041301014948,UHEWA,74,45,200.0,649.6,129920.0,2025-04-13
2025041301014947,UHEWA,74,74,165.0,648.0,106920.0,2025-04-13
2025041301014946,UHEWA,74,21,260.0,647.9,168454.0,2025-04-13
2025041305015576,ILI,39,21,33.0,462.0,15246.0,2025-04-13
2025041305015575,ILI,46,21,10.0,462.0,4620.0,2025-04-13
2025041305015574,ILI,45,21,44.0,462.0,20328.0,2025-04-13
2025041303009111,SLBBL,70,16,10.0,961.0,9610.0,2025-04-13
2025041303009110,SLBBL,70,28,10.0,961.0,9610.0,2025-04-13
2025041305015573,NRN,8,41,50.0,1760.0,88000.0,2025-04-13
2025041305015572,NRN,8,45,50.0,1760.0,88000.0,2025-04-13
2025041304014090,OHL,8,71,10.0,885.0,8850.0,2025-04-13
2025041301014945,EBL,34,81,20.0,606.3,12126.0,2025-04-13
2025041305015571,HIDCL,42,17,861.0,287.1,247193.1,2025-04-13
2025041305015570,HIDCL,17,17,1000.0,287.1,287100.0,2025-04-13
2025041305015569,HIDCL,6,17,1000.0,287.2,287200.0,2025-04-13
2025041305015568,HIDCL,58,17,30.0,287.3,8619.0,2025-04-13
2025041305015567,HIDCL,56,17,300.0,287.7,86310.0,2025-04-13
2025041305015566,HIDCL,41,17,282.0,287.9,81187.8,2025-04-13
2025041301014944,NMB,41,43,270.0,251.0,67770.0,2025-04-13
2025041304014089,GHL,43,59,100.0,270.0,27000.0,2025-04-13
2025041303009109,SFCL,11,95,500.0,525.1,262550.0,2025-04-13
2025041304014088,AKJCL,57,64,215.0,200.0,43000.0,2025-04-13
2025041304014087,AKJCL,58,64,115.0,200.0,23000.0,2025-04-13
2025041301014943,MHCL,44,38,10.0,495.0,4950.0,2025-04-13
2025041305015565,SONA,74,38,90.0,465.1,41859.0,2025-04-13
2025041304014086,RADHI,20,14,139.0,495.0,68805.0,2025-04-13
2025041304014085,RADHI,14,14,1861.0,495.0,921195.0,2025-04-13
2025041305015564,MBJC,58,16,40.0,313.6,12544.0,2025-04-13
2025041305015563,MBJC,29,16,50.0,313.6,15680.0,2025-04-13
2025041304014084,SSHL,56,3,40.0,228.8,9152.0,2025-04-13
2025041301014942,SBL,25,58,100.0,283.0,28300.0,2025-04-13
2025041304014083,UPPER,42,25,200.0,197.1,39420.0,2025-04-13
2025041303009108,NFS,35,34,140.0,683.1,95634.0,2025-04-13
2025041303009107,SFCL,11,35,254.0,525.1,133375.4,2025-04-13
2025041303009106,SFCL,58,35,66.0,525.1,34656.6,2025-04-13
2025041305015562,NRIC,57,35,50.0,1300.0,65000.0,2025-04-13
2025041301014941,NIBLGF,65,57,100.0,8.6,860.0,2025-04-13
2025041305015561,NRIC,57,67,15.0,1300.0,19500.0,2025-04-13
2025041305015560,NRIC,38,67,135.0,1300.0,175500.0,2025-04-13
2025041301014940,PCBL,36,21,278.0,250.0,69500.0,2025-04-13
2025041304014082,UMHL,62,34,500.0,461.9,230950.0,2025-04-13
2025041303009105,SLBBL,7,34,10.0,960.5,9605.0,2025-04-13
2025041303009104,JFL,49,98,500.0,503.0,251500.0,2025-04-13
2025041304014081,UNHPL,49,13,30.0,319.8,9594.0,2025-04-13
2025041304014080,UNHPL,49,17,100.0,319.7,31970.0,2025-04-13
2025041304014079,UNHPL,49,14,150.0,319.0,47850.0,2025-04-13
2025041304014078,UNHPL,49,11,50.0,319.0,15950.0,2025-04-13
2025041304014077,UNHPL,49,51,200.0,318.8,63760.0,2025-04-13
2025041304014076,UNHPL,49,32,566.0,318.5,180271.0,2025-04-13
2025041304014075,UNHPL,49,34,128.0,318.4,40755.2,2025-04-13
2025041304014074,UNHPL,49,10,400.0,318.0,127200.0,2025-04-13
2025041304014073,UNHPL,49,55,2836.0,318.0,901848.0,2025-04-13
2025041304014072,UNHPL,49,95,540.0,317.0,171180.0,2025-04-13
2025041301014939,EBL,34,41,107.0,606.3,64874.1,2025-04-13
2025041304014071,HDHPC,16,41,180.0,195.1,35118.0,2025-04-13
2025041304014070,HDHPC,59,41,320.0,195.1,62432.0,2025-04-13
2025041304014069,NHPC,49,57,250.0,207.5,51875.0,2025-04-13
2025041304014068,NHPC,49,45,423.0,207.4,87730.2,2025-04-13
2025041304014067,NHPC,49,26,100.0,207.1,20710.0,2025-04-13
2025041304014066,NHPC,49,45,500.0,207.1,103550.0,2025-04-13
2025041304014065,JOSHI,48,42,400.0,381.0,152400.0,2025-04-13
2025041304014064,JOSHI,11,42,90.0,381.0,34290.0,2025-04-13
2025041304014063,JOSHI,48,42,200.0,381.1,76220.0,2025-04-13
2025041304014062,JOSHI,48,42,150.0,381.5,57225.0,2025-04-13
2025041304014061,JOSHI,1,42,70.0,381.6,26712.0,2025-04-13
2025041301014938,MKHC,56,41,48.0,496.3,23822.4,2025-04-13
2025041301014937,MKHC,94,41,12.0,496.4,5956.8,2025-04-13
2025041301014936,MKHC,42,41,40.0,496.5,19860.0,2025-04-13
2025041301014935,SNLI,37,58,12.0,640.0,7680.0,2025-04-13
2025041301014934,SNLI,37,41,13.0,640.0,8320.0,2025-04-13
2025041303009103,JSLBB,4,5,12.0,1441.0,17292.0,2025-04-13
2025041303009102,JSLBB,29,5,88.0,1442.0,126896.0,2025-04-13
2025041301014933,DOLTI,40,45,30.0,660.2,19806.0,2025-04-13
2025041301014932,DOLTI,21,45,70.0,661.0,46270.0,2025-04-13
2025041305015559,HRL,49,71,345.0,1011.0,348795.0,2025-04-13
2025041305015558,HRL,35,71,50.0,1011.5,50575.0,2025-04-13
2025041305015557,HRL,50,71,70.0,1011.6,70812.0,2025-04-13
2025041304014060,UMHL,71,62,10.0,462.0,4620.0,2025-04-13
2025041301014931,SNLI,48,91,422.0,639.2,269742.4,2025-04-13
2025041301014930,SNLI,45,91,78.0,639.2,49857.6,2025-04-13
2025041305015556,NIFRA,59,46,369.0,277.0,102213.0,2025-04-13
2025041305015555,NIFRA,59,16,738.0,277.0,204426.0,2025-04-13
2025041305015554,NIFRA,59,38,25.0,277.0,6925.0,2025-04-13
2025041305015553,NIFRA,59,94,600.0,276.9,166140.0,2025-04-13
2025041305015552,NIFRA,59,45,2000.0,276.9,553800.0,2025-04-13
2025041305015551,NIFRA,59,1,250.0,276.3,69075.0,2025-04-13
2025041305015550,NIFRA,59,21,18.0,276.3,4973.4,2025-04-13
2025041303009101,ILBS,63,50,20.0,915.0,18300.0,2025-04-13
2025041303009100,BFC,88,41,10.0,548.0,5480.0,2025-04-13
2025041304014059,KKHC,57,57,50.0,342.0,17100.0,2025-04-13
2025041301014929,SGHC,58,14,100.0,507.0,50700.0,2025-04-13
2025041305015549,HRL,50,58,35.0,1011.6,35406.0,2025-04-13
2025041303009099,USLB,32,58,10.0,1719.1,17191.0,2025-04-13
2025041303009098,RSDC,62,44,564.0,702.1,395984.4,2025-04-13
2025041303009097,RSDC,19,44,100.0,702.5,70250.0,2025-04-13
2025041303009096,RSDC,3,44,336.0,703.8,236476.8,2025-04-13
2025041301014928,KBL,45,1,95.0,205.5,19522.5,2025-04-13
2025041301014927,KBL,7,1,200.0,205.5,41100.0,2025-04-13
2025041301014926,KBL,39,1,65.0,205.5,13357.5,2025-04-13
2025041301014925,KBL,38,1,100.0,205.6,20560.0,2025-04-13
2025041301014924,KBL,45,1,20.0,205.6,4112.0,2025-04-13
2025041301014923,KBL,64,1,50.0,205.7,10285.0,2025-04-13
2025041303009095,NICLBSL,42,1,10.0,635.0,6350.0,2025-04-13
2025041303009094,NICLBSL,4,1,10.0,635.0,6350.0,2025-04-13
2025041301014922,IHL,48,82,10.0,656.0,6560.0,2025-04-13
2025041303009093,NMFBS,48,21,10.0,1233.9,12339.0,2025-04-13
2025041301014921,NMBD2085,36,54,3.0,1115.0,3345.0,2025-04-13
2025041301014920,GVL,6,13,10.0,485.0,4850.0,2025-04-13
2025041301014919,GVL,6,57,500.0,485.0,242500.0,2025-04-13
2025041301014918,GVL,6,57,50.0,485.0,24250.0,2025-04-13
2025041301014917,GVL,6,6,20.0,485.0,9700.0,2025-04-13
2025041301014916,GVL,6,58,100.0,485.0,48500.0,2025-04-13
2025041301014915,GVL,6,51,300.0,484.9,145470.0,2025-04-13
2025041301014914,GVL,6,56,500.0,484.0,242000.0,2025-04-13
2025041301014913,GVL,6,29,50.0,482.1,24105.0,2025-04-13
2025041301014912,GVL,6,57,100.0,482.0,48200.0,2025-04-13
2025041301014911,GVL,6,64,10.0,481.5,4815.0,2025-04-13
2025041301014910,SBL,48,81,100.0,282.5,28250.0,2025-04-13
2025041304014058,GHL,39,17,492.0,269.0,132348.0,2025-04-13
2025041304014057,NIL,43,55,30.0,751.0,22530.0,2025-04-13
2025041303009092,GRDBL,43,60,10.0,1244.5,12445.0,2025-04-13
2025041304014056,HPPL,68,56,100.0,601.7,60170.0,2025-04-13
2025041305015548,SHIVM,76,41,134.0,522.9,70068.6,2025-04-13
2025041301014909,TVCL,29,74,100.0,551.0,55100.0,2025-04-13
2025041305015547,SMATA,4,16,91.0,812.0,73892.0,2025-04-13
2025041301014908,UHEWA,49,25,76.0,643.0,48868.0,2025-04-13
2025041301014907,UHEWA,75,25,14.0,643.0,9002.0,2025-04-13
2025041305015546,HRL,50,40,400.0,1011.6,404640.0,2025-04-13
2025041305015545,HRL,50,60,200.0,1011.6,202320.0,2025-04-13
2025041301014906,SPHL,60,96,90.0,769.9,69291.0,2025-04-13
2025041304014055,API,35,58,10.0,273.7,2737.0,2025-04-13
2025041304014054,UPPER,42,13,50.0,197.1,9855.0,2025-04-13
2025041304014053,RADHI,14,13,350.0,495.0,173250.0,2025-04-13
2025041305015544,SAHAS,49,13,200.0,501.9,100380.0,2025-04-13
2025041303009091,SLBBL,57,67,180.0,960.6,172908.0,2025-04-13
2025041305015543,NIFRA,64,36,600.0,276.1,165660.0,2025-04-13
2025041305015542,SMJC,26,64,100.0,559.0,55900.0,2025-04-13
2025041305015541,HRL,50,26,885.0,1011.6,895266.0,2025-04-13
2025041305015540,HRL,58,26,20.0,1012.0,20240.0,2025-04-13
2025041304014052,CHL,7,39,200.0,446.0,89200.0,2025-04-13
2025041305015539,NRIC,38,39,865.0,1300.0,1124500.0,2025-04-13
2025041305015538,NRIC,56,39,70.0,1300.0,91000.0,2025-04-13
2025041305015537,SAHAS,49,19,500.0,501.9,250950.0,2025-04-13
2025041301014905,SPC,13,46,90.0,517.0,46530.0,2025-04-13
2025041304014051,HPPL,68,50,400.0,601.7,240680.0,2025-04-13
2025041304014050,HPPL,32,50,100.0,601.7,60170.0,2025-04-13
2025041303009090,NFS,58,51,41.0,683.0,28003.0,2025-04-13
2025041303009089,NFS,22,51,41.0,683.0,28003.0,2025-04-13
2025041304014049,RHPL,34,21,121.0,380.0,45980.0,2025-04-13
2025041303009088,MLBL,34,33,395.0,391.9,154800.5,2025-04-13
2025041303009087,MLBL,34,47,615.0,391.0,240465.0,2025-04-13
2025041303009086,MLBL,34,91,990.0,389.0,385110.0,2025-04-13
2025041305015536,MEL,52,34,10.0,309.9,3099.0,2025-04-13
2025041304014048,RADHI,14,34,618.0,495.0,305910.0,2025-04-13
2025041304014047,RADHI,17,34,382.0,495.0,189090.0,2025-04-13
2025041303009085,ALICL,34,38,10.0,742.0,7420.0,2025-04-13
2025041303009084,NLIC,42,14,50.0,767.0,38350.0,2025-04-13
2025041304014046,UNHPL,49,95,10.0,317.0,3170.0,2025-04-13
2025041303009083,HLBSL,8,49,22.0,950.0,20900.0,2025-04-13
2025041303009082,HLBSL,58,49,13.0,950.1,12351.3,2025-04-13
2025041303009081,HLBSL,45,49,15.0,950.1,14251.5,2025-04-13
2025041305015535,NTC,33,42,20.0,899.1,17982.0,2025-04-13
2025041304014045,SJCL,38,49,50.0,320.0,16000.0,2025-04-13
2025041303009080,LICN,33,43,10.0,977.0,9770.0,2025-04-13
2025041305015534,SONA,74,49,50.0,465.1,23255.0,2025-04-13
2025041305015533,SONA,49,29,10.0,466.0,4660.0,2025-04-13
2025041304014044,HPPL,86,50,400.0,602.0,240800.0,2025-04-13
2025041303009079,SIFC,45,48,85.0,526.0,44710.0,2025-04-13
2025041304014043,SHEL,45,91,500.0,247.0,123500.0,2025-04-13
2025041304014042,SHEL,45,51,101.0,247.0,24947.0,2025-04-13
2025041303009078,JBBL,22,59,20.0,334.0,6680.0,2025-04-13
2025041305015532,MBJC,22,52,10.0,314.0,3140.0,2025-04-13
2025041303009077,KSBBL,14,21,11.0,438.0,4818.0,2025-04-13
2025041305015531,CHDC,28,41,10.0,2557.0,25570.0,2025-04-13
2025041303009076,MPFL,52,36,90.0,627.0,56430.0,2025-04-13
2025041303009075,MPFL,48,36,10.0,627.0,6270.0,2025-04-13
2025041304014041,UMHL,62,94,1000.0,461.9,461900.0,2025-04-13
2025041303009074,MFIL,91,57,20.0,599.1,11982.0,2025-04-13
2025041301014904,MKJC,86,57,30.0,570.0,17100.0,2025-04-13
2025041301014903,MKJC,50,57,470.0,570.0,267900.0,2025-04-13
2025041301014902,MHCL,44,57,300.0,495.0,148500.0,2025-04-13
2025041303009073,JBBL,57,59,100.0,334.0,33400.0,2025-04-13
2025041301014901,MHL,32,72,50.0,698.0,34900.0,2025-04-13
2025041304014040,UMRH,48,1,70.0,591.0,41370.0,2025-04-13
2025041301014900,HHL,45,6,10.0,476.2,4762.0,2025-04-13
2025041301014899,HHL,13,6,30.0,476.3,14289.0,2025-04-13
2025041301014898,HHL,48,6,100.0,476.4,47640.0,2025-04-13
2025041301014897,HHL,32,6,100.0,479.0,47900.0,2025-04-13
2025041301014896,HHL,32,6,100.0,479.0,47900.0,2025-04-13
2025041304014039,RADHI,17,89,100.0,495.0,49500.0,2025-04-13
2025041301014895,DORDI,17,38,20.0,364.0,7280.0,2025-04-13
2025041304014038,SPIL,17,13,10.0,839.8,8398.0,2025-04-13
2025041301014894,NICA,43,45,40.0,375.5,15020.0,2025-04-13
2025041301014893,UNL,34,7,10.0,46603.1,466031.0,2025-04-13
2025041301014892,MKCL,7,60,300.0,1608.0,482400.0,2025-04-13
2025041304014037,UMHL,62,56,1000.0,461.9,461900.0,2025-04-13
2025041304014036,RADHI,17,14,18.0,495.0,8910.0,2025-04-13
2025041305015530,NTC,14,38,9.0,899.0,8091.0,2025-04-13
2025041305015529,NTC,59,38,11.0,899.0,9889.0,2025-04-13
2025041301014891,JBLB,54,66,25.0,1322.0,33050.0,2025-04-13
2025041301014890,MEHL,16,58,10.0,526.0,5260.0,2025-04-13
2025041301014889,MEHL,16,82,90.0,525.0,47250.0,2025-04-13
2025041301014888,MANDU,16,26,10.0,879.5,8795.0,2025-04-13
2025041301014887,MANDU,16,36,10.0,879.4,8794.0,2025-04-13
2025041301014886,MANDU,16,41,10.0,878.0,8780.0,2025-04-13
2025041301014885,TSHL,6,29,150.0,790.0,118500.0,2025-04-13
2025041304014035,API,3,5,499.0,273.0,136227.0,2025-04-13
2025041305015528,NRM,4,58,40.0,470.0,18800.0,2025-04-13
2025041305015527,NRM,4,35,10.0,469.0,4690.0,2025-04-13
2025041303009072,SHINE,13,75,347.0,406.1,140916.7,2025-04-13
2025041304014034,RADHI,34,75,4.0,495.0,1980.0,2025-04-13
2025041304014033,RADHI,52,75,47.0,495.0,23265.0,2025-04-13
2025041304014032,UPPER,42,25,165.0,197.1,32521.5,2025-04-13
2025041305015526,SONA,74,47,200.0,465.1,93020.0,2025-04-13
2025041305015525,NRIC,56,65,30.0,1300.0,39000.0,2025-04-13
2025041301014884,MCHL,83,34,10.0,626.0,6260.0,2025-04-13
2025041301014883,PRVU,13,60,42.0,207.0,8694.0,2025-04-13
2025041301014882,PRVU,18,60,50.0,207.0,10350.0,2025-04-13
2025041301014881,PRVU,51,60,250.0,207.0,51750.0,2025-04-13
2025041301014880,PRVU,35,60,240.0,207.0,49680.0,2025-04-13
2025041301014879,PRVU,88,60,500.0,207.0,103500.0,2025-04-13
2025041301014878,PRVU,4,60,10.0,207.0,2070.0,2025-04-13
2025041301014877,PRVU,54,60,200.0,207.0,41400.0,2025-04-13
2025041301014876,PRVU,38,60,500.0,207.0,103500.0,2025-04-13
2025041301014875,PRVU,65,60,708.0,207.0,146556.0,2025-04-13
2025041301014874,MKCL,39,60,10.0,1608.0,16080.0,2025-04-13
2025041301014873,MKCL,18,60,30.0,1608.0,48240.0,2025-04-13
2025041301014872,MKCL,18,60,200.0,1608.1,321620.0,2025-04-13
2025041301014871,MKCL,55,60,80.0,1608.6,128688.0,2025-04-13
2025041301014870,MKCL,18,60,30.0,1608.7,48261.0,2025-04-13
2025041301014869,MKCL,18,60,95.0,1608.7,152826.5,2025-04-13
2025041301014868,MKCL,45,60,60.0,1608.8,96528.0,2025-04-13
2025041304014031,CGH,41,34,10.0,853.0,8530.0,2025-04-13
2025041301014867,NWCL,77,34,40.0,975.0,39000.0,2025-04-13
2025041304014030,GHL,39,34,1500.0,269.0,403500.0,2025-04-13
2025041304014029,RADHI,52,34,453.0,495.0,224235.0,2025-04-13
2025041304014028,RADHI,8,34,47.0,495.0,23265.0,2025-04-13
2025041305015524,MEL,41,14,895.0,310.7,278076.5,2025-04-13
2025041305015523,MEL,41,5,10.0,310.7,3107.0,2025-04-13
2025041305015522,MEL,41,38,10.0,310.5,3105.0,2025-04-13
2025041305015521,MEL,41,39,85.0,310.0,26350.0,2025-04-13
2025041303009071,RLFL,44,41,100.0,515.1,51510.0,2025-04-13
2025041304014027,MHNL,4,41,505.0,256.2,129381.0,2025-04-13
2025041304014026,MHNL,38,41,340.0,256.4,87176.0,2025-04-13
2025041304014025,MHNL,58,41,155.0,256.5,39757.5,2025-04-13
2025041301014866,PRVU,35,42,30.0,207.5,6225.0,2025-04-13
2025041301014865,RAWA,7,41,15.0,868.0,13020.0,2025-04-13
2025041305015520,CLI,57,42,92.0,496.5,45678.0,2025-04-13
2025041304014024,HDHPC,5,13,100.0,195.2,19520.0,2025-04-13
2025041304014023,NGPL,19,49,140.0,285.5,39970.0,2025-04-13
2025041303009070,JBBL,34,49,259.0,333.1,86272.9,2025-04-13
2025041303009069,JBBL,22,49,41.0,333.2,13661.2,2025-04-13
2025041304014022,HDHPC,49,13,100.0,195.2,19520.0,2025-04-13
2025041301014864,NICA,47,45,87.0,375.5,32668.5,2025-04-13
2025041301014863,GVL,6,45,720.0,478.0,344160.0,2025-04-13
2025041303009068,GMFIL,88,45,60.0,502.1,30126.0,2025-04-13
2025041301014862,EBL,34,22,90.0,606.3,54567.0,2025-04-13
2025041303009067,FOWAD,50,45,19.0,1160.0,22040.0,2025-04-13
2025041301014861,EHPL,28,54,298.0,679.9,202610.2,2025-04-13
2025041301014860,EHPL,28,58,10.0,679.0,6790.0,2025-04-13
2025041301014859,EHPL,28,42,90.0,679.0,61110.0,2025-04-13
2025041304014021,OHL,56,71,61.0,875.0,53375.0,2025-04-13
2025041304014020,OHL,4,71,200.0,875.0,175000.0,2025-04-13
2025041304014019,OHL,63,71,100.0,875.0,87500.0,2025-04-13
2025041304014018,OHL,32,71,100.0,875.0,87500.0,2025-04-13
2025041304014017,OHL,59,71,100.0,875.1,87510.0,2025-04-13
2025041304014016,OHL,44,71,39.0,875.1,34128.9,2025-04-13
2025041304014015,AHPC,36,71,53.0,250.0,13250.0,2025-04-13
2025041304014014,HDHPC,59,91,20.0,195.1,3902.0,2025-04-13
2025041303009066,LBBL,65,59,440.0,421.0,185240.0,2025-04-13
2025041301014858,SCB,6,59,642.0,629.0,403818.0,2025-04-13
2025041301014857,SCB,34,59,343.0,629.0,215747.0,2025-04-13
2025041301014856,SCB,49,59,15.0,629.1,9436.5,2025-04-13
2025041301014855,SBI,60,59,276.0,419.0,115644.0,2025-04-13
2025041305015519,HATHY,63,62,36.0,1380.0,49680.0,2025-04-13
2025041305015518,HATHY,63,56,10.0,1380.0,13800.0,2025-04-13
2025041305015517,HATHY,63,38,10.0,1379.9,13799.0,2025-04-13
2025041305015516,HATHY,63,34,12.0,1379.0,16548.0,2025-04-13
2025041305015515,HATHY,63,50,50.0,1378.0,68900.0,2025-04-13
2025041305015514,HATHY,63,58,24.0,1376.0,33024.0,2025-04-13
2025041305015513,HATHY,63,34,58.0,1373.9,79686.2,2025-04-13
2025041304014013,RURU,85,4,247.0,713.6,176259.2,2025-04-13
2025041304014012,BARUN,58,57,172.0,533.1,91693.2,2025-04-13
2025041304014011,BARUN,58,57,307.0,533.4,163753.8,2025-04-13
2025041301014854,MEHL,42,57,80.0,520.4,41632.0,2025-04-13
2025041301014853,MEHL,57,57,50.0,520.5,26025.0,2025-04-13
2025041301014852,MEHL,45,57,100.0,522.0,52200.0,2025-04-13
2025041301014851,GBIME,58,7,50.0,218.9,10945.0,2025-04-13
2025041303009065,GUFL,58,62,10.0,581.0,5810.0,2025-04-13
2025041303009064,GUFL,58,19,15.0,580.1,8701.5,2025-04-13
2025041303009063,RSDC,3,58,100.0,703.8,70380.0,2025-04-13
2025041301014850,AHL,58,5,10.0,722.8,7228.0,2025-04-13
2025041305015512,SAHAS,58,58,130.0,502.0,65260.0,2025-04-13
2025041304014010,DHPL,58,5,25.0,390.0,9750.0,2025-04-13
2025041303009062,CFCL,26,98,50.0,602.0,30100.0,2025-04-13
2025041305015511,SMJC,45,48,100.0,559.0,55900.0,2025-04-13
2025041301014849,IHL,44,82,1000.0,656.6,656600.0,2025-04-13
2025041301014848,IHL,57,82,11.0,657.0,7227.0,2025-04-13
2025041301014847,IHL,19,82,500.0,658.0,329000.0,2025-04-13
2025041301014846,IHL,1,82,200.0,658.0,131600.0,2025-04-13
2025041305015510,CLI,17,41,20.0,497.0,9940.0,2025-04-13
2025041305015509,ENL,66,60,70.0,1219.5,85365.0,2025-04-13
2025041305015508,ENL,66,39,10.0,1218.9,12189.0,2025-04-13
2025041301014845,SNLI,66,41,50.0,640.0,32000.0,2025-04-13
2025041301014844,SCB,58,10,10.0,629.2,6292.0,2025-04-13
2025041305015507,PHCL,65,16,50.0,580.0,29000.0,2025-04-13
2025041303009061,EDBL,65,75,143.0,607.6,86886.8,2025-04-13
2025041303009060,EDBL,57,75,857.0,607.7,520798.9,2025-04-13
2025041303009059,EDBL,34,75,1000.0,607.8,607800.0,2025-04-13
2025041301014843,SNLI,25,41,10.0,640.0,6400.0,2025-04-13
2025041305015506,CHDC,69,41,10.0,2557.0,25570.0,2025-04-13
2025041305015505,CIT,96,25,186.0,1950.0,362700.0,2025-04-13
2025041305015504,CIT,96,58,10.0,1950.0,19500.0,2025-04-13
2025041305015503,CIT,96,55,50.0,1949.9,97495.0,2025-04-13
2025041305015502,CIT,96,1,10.0,1949.9,19499.0,2025-04-13
2025041305015501,CIT,96,28,10.0,1949.8,19498.0,2025-04-13
2025041305015500,CIT,96,1,10.0,1949.7,19497.0,2025-04-13
2025041305015499,CIT,96,7,95.0,1949.1,185164.5,2025-04-13
2025041305015498,CIT,96,1,10.0,1949.0,19490.0,2025-04-13
2025041305015497,CIT,96,26,20.0,1949.0,38980.0,2025-04-13
2025041305015496,CIT,96,47,80.0,1948.7,155896.0,2025-04-13
2025041305015495,CIT,96,38,10.0,1945.0,19450.0,2025-04-13
2025041301014842,KBL,35,58,20.0,206.0,4120.0,2025-04-13
2025041304014009,HDHPC,35,13,150.0,195.2,29280.0,2025-04-13
2025041301014841,SMHL,65,35,85.0,916.0,77860.0,2025-04-13
2025041301014840,SMHL,65,45,50.0,915.0,45750.0,2025-04-13
2025041301014839,SMHL,65,18,100.0,915.0,91500.0,2025-04-13
2025041301014838,SMHL,65,38,50.0,914.4,45720.0,2025-04-13
2025041301014837,SMHL,65,54,10.0,914.0,9140.0,2025-04-13
2025041301014836,SMHL,65,58,80.0,913.8,73104.0,2025-04-13
2025041301014835,SMHL,65,63,55.0,913.7,50253.5,2025-04-13
2025041301014834,SMHL,65,74,200.0,913.0,182600.0,2025-04-13
2025041301014833,SMHL,65,65,50.0,913.0,45650.0,2025-04-13
2025041301014832,SMHL,65,39,200.0,912.5,182500.0,2025-04-13
2025041301014831,SMHL,65,17,120.0,901.2,108144.0,2025-04-13
2025041303009058,SAPDBL,16,60,141.0,1006.0,141846.0,2025-04-13
2025041303009057,SAPDBL,71,60,490.0,1006.0,492940.0,2025-04-13
2025041303009056,SAPDBL,3,60,100.0,1006.5,100650.0,2025-04-13
2025041303009055,SAPDBL,71,60,500.0,1006.5,503250.0,2025-04-13
2025041303009054,SAPDBL,96,60,1000.0,1006.5,1006500.0,2025-04-13
2025041303009053,SAPDBL,58,60,50.0,1006.6,50330.0,2025-04-13
2025041303009052,SAPDBL,39,60,100.0,1007.0,100700.0,2025-04-13
2025041303009051,SAPDBL,41,60,13.0,1007.0,13091.0,2025-04-13
2025041303009050,SAPDBL,77,60,50.0,1008.0,50400.0,2025-04-13
2025041303009049,SAPDBL,77,60,50.0,1009.0,50450.0,2025-04-13
2025041303009048,SAPDBL,32,60,10.0,1010.0,10100.0,2025-04-13
2025041303009047,SAPDBL,34,60,496.0,1010.0,500960.0,2025-04-13
2025041305015494,HRL,50,99,410.0,1011.6,414756.0,2025-04-13
2025041305015493,HRL,19,99,90.0,1011.9,91071.0,2025-04-13
2025041301014830,SGHC,19,58,27.0,506.0,13662.0,2025-04-13
2025041301014829,SGHC,19,58,25.0,506.0,12650.0,2025-04-13
2025041304014008,NHPC,6,50,1940.0,207.0,401580.0,2025-04-13
2025041303009046,NLIC,34,51,400.0,766.0,306400.0,2025-04-13
2025041303009045,NLIC,37,51,100.0,766.1,76610.0,2025-04-13
2025041301014828,KDL,39,34,10.0,1091.0,10910.0,2025-04-13
2025041305015492,CHDC,49,41,50.0,2557.0,127850.0,2025-04-13
2025041305015491,CHDC,26,41,19.0,2557.0,48583.0,2025-04-13
2025041305015490,CHDC,99,41,88.0,2557.0,225016.0,2025-04-13
2025041305015489,HIDCL,41,45,490.0,287.9,141071.0,2025-04-13
2025041305015488,HIDCL,41,34,628.0,287.7,180675.6,2025-04-13
2025041304014007,RADHI,8,34,23.0,495.0,11385.0,2025-04-13
2025041304014006,RADHI,59,34,977.0,495.1,483712.7,2025-04-13
2025041304014005,SALICO,49,34,20.0,716.0,14320.0,2025-04-13
2025041303009044,RSDC,3,5,64.0,703.8,45043.2,2025-04-13
2025041303009043,RSDC,33,5,46.0,703.9,32379.4,2025-04-13
2025041304014004,SHEL,42,51,146.0,247.0,36062.0,2025-04-13
2025041305015487,SONA,74,34,269.0,465.1,125111.9,2025-04-13
2025041304014003,SHEL,42,38,284.0,247.0,70148.0,2025-04-13
2025041305015486,SONA,22,34,31.0,465.2,14421.2,2025-04-13
2025041304014002,DHPL,51,5,75.0,390.0,29250.0,2025-04-13
2025041304014001,DHPL,32,5,47.0,390.0,18330.0,2025-04-13
2025041304014000,UPPER,42,49,200.0,197.1,39420.0,2025-04-13
2025041303009042,HLI,58,49,45.0,424.1,19084.5,2025-04-13
2025041305015485,NIFRA,7,49,54.0,276.0,14904.0,2025-04-13
2025041305015484,HATHY,50,49,29.0,1366.0,39614.0,2025-04-13
2025041304013999,SHPC,45,39,60.0,476.0,28560.0,2025-04-13
2025041304013998,SHPC,45,34,200.0,474.9,94980.0,2025-04-13
2025041303009041,PMLI,45,29,14.0,553.2,7744.8,2025-04-13
2025041303009040,PMLI,45,58,12.0,551.0,6612.0,2025-04-13
2025041303009039,PMLI,45,42,12.0,548.0,6576.0,2025-04-13
2025041303009038,PMLI,45,34,12.0,547.0,6564.0,2025-04-13
2025041301014827,SHLB,43,45,20.0,2151.0,43020.0,2025-04-13
2025041303009037,PFL,7,91,200.0,415.0,83000.0,2025-04-13
2025041301014826,NBL,57,25,89.0,250.0,22250.0,2025-04-13
2025041301014825,NBL,57,25,100.0,250.0,25000.0,2025-04-13
2025041304013997,UPPER,22,45,60.0,197.2,11832.0,2025-04-13
2025041303009036,MNBBL,6,22,200.0,360.1,72020.0,2025-04-13
2025041304013996,HDHPC,32,13,35.0,195.2,6832.0,2025-04-13
2025041305015483,HATHY,50,32,10.0,1366.0,13660.0,2025-04-13
2025041304013995,UPPER,58,45,26.0,197.2,5127.2,2025-04-13
2025041305015482,HRL,19,58,10.0,1011.9,10119.0,2025-04-13
2025041305015481,CHDC,99,11,76.0,2557.0,194332.0,2025-04-13
2025041301014824,NYADI,42,21,850.0,570.0,484500.0,2025-04-13
2025041301014823,NYADI,48,21,250.0,570.0,142500.0,2025-04-13
2025041301014822,NYADI,42,21,750.0,570.0,427500.0,2025-04-13
2025041301014821,NYADI,58,21,10.0,571.0,5710.0,2025-04-13
2025041301014820,NYADI,57,21,1000.0,571.0,571000.0,2025-04-13
2025041301014819,NYADI,38,21,700.0,571.0,399700.0,2025-04-13
2025041301014818,NYADI,48,21,62.0,571.0,35402.0,2025-04-13
2025041301014817,NYADI,32,21,50.0,571.1,28555.0,2025-04-13
2025041301014816,NYADI,99,21,1250.0,571.1,713875.0,2025-04-13
2025041301014815,EBL,34,81,20.0,606.3,12126.0,2025-04-13
2025041305015480,SHIVM,76,41,35.0,522.9,18301.5,2025-04-13
2025041303009035,GFCL,28,77,55.0,657.0,36135.0,2025-04-13
2025041303009034,GFCL,58,77,50.0,657.0,32850.0,2025-04-13
2025041305015479,SONA,22,56,10.0,465.2,4652.0,2025-04-13
2025041305015478,NRN,14,62,160.0,1761.0,281760.0,2025-04-13
2025041301014814,SMHL,14,17,50.0,901.2,45060.0,2025-04-13
2025041303009033,NLIC,49,16,20.0,766.1,15322.0,2025-04-13
2025041304013994,KKHC,45,40,189.0,341.0,64449.0,2025-04-13
2025041301014813,MEHL,20,82,10.0,525.0,5250.0,2025-04-13
2025041301014812,SNLI,13,41,25.0,640.0,16000.0,2025-04-13
2025041301014811,SNLI,13,34,75.0,640.0,48000.0,2025-04-13
2025041305015477,NRN,21,60,211.0,1755.0,370305.0,2025-04-13
2025041305015476,NRN,32,60,10.0,1755.1,17551.0,2025-04-13
2025041305015475,NRN,58,60,300.0,1755.1,526530.0,2025-04-13
2025041305015474,NRN,11,60,10.0,1755.1,17551.0,2025-04-13
2025041305015473,NRN,53,60,10.0,1757.0,17570.0,2025-04-13
2025041305015472,NRN,32,60,10.0,1760.0,17600.0,2025-04-13
2025041305015471,NRN,49,60,60.0,1760.0,105600.0,2025-04-13
2025041305015470,SMATA,34,60,200.0,811.0,162200.0,2025-04-13
2025041305015469,MEL,6,39,215.0,310.0,66650.0,2025-04-13
2025041305015468,HRL,19,39,150.0,1011.9,151785.0,2025-04-13
2025041303009032,CFCL,26,39,100.0,602.0,60200.0,2025-04-13
2025041303009031,CFCL,42,39,100.0,602.7,60270.0,2025-04-13
2025041303009030,CFCL,13,39,300.0,603.0,180900.0,2025-04-13
2025041305015467,HRL,19,74,50.0,1011.8,50590.0,2025-04-13
2025041304013993,RADHI,59,51,23.0,495.1,11387.3,2025-04-13
2025041303009029,JBBL,51,59,100.0,334.0,33400.0,2025-04-13
2025041303009028,MDB,57,5,500.0,609.5,304750.0,2025-04-13
2025041305015466,NRIC,41,58,10.0,1301.0,13010.0,2025-04-13
2025041303009027,NLIC,42,14,50.0,767.0,38350.0,2025-04-13
2025041303009026,PFL,7,34,115.0,415.0,47725.0,2025-04-13
2025041305015465,MEL,6,34,100.0,310.0,31000.0,2025-04-13
2025041304013992,UPCL,6,34,300.0,306.1,91830.0,2025-04-13
2025041305015464,NRN,58,62,503.0,1765.0,887795.0,2025-04-13
2025041304013991,RADHI,45,17,140.0,495.9,69426.0,2025-04-13
2025041304013990,RADHI,45,17,20.0,495.8,9916.0,2025-04-13
2025041304013989,RADHI,45,57,240.0,495.8,118992.0,2025-04-13
2025041304013988,RADHI,45,89,100.0,495.5,49550.0,2025-04-13
2025041301014810,BHDC,38,45,150.0,555.1,83265.0,2025-04-13
2025041301014809,HIDCLP,38,94,38.0,181.0,6878.0,2025-04-13
2025041301014808,HIDCLP,34,94,10.0,181.0,1810.0,2025-04-13
2025041301014807,HIDCLP,38,94,1840.0,181.0,333040.0,2025-04-13
2025041301014806,HIDCLP,56,94,2882.0,181.2,522218.4,2025-04-13
2025041301014805,HIDCLP,49,94,1000.0,181.5,181500.0,2025-04-13
2025041301014804,HIDCLP,45,94,300.0,181.5,54450.0,2025-04-13
2025041301014803,HIDCLP,57,94,1000.0,181.6,181600.0,2025-04-13
2025041301014802,TVCL,42,22,100.0,550.0,55000.0,2025-04-13
2025041303009025,GMFIL,38,22,100.0,502.0,50200.0,2025-04-13
2025041301014801,BHDC,58,57,80.0,555.2,44416.0,2025-04-13
2025041303009024,BFC,8,57,34.0,545.0,18530.0,2025-04-13
2025041303009023,BFC,38,57,200.0,545.0,109000.0,2025-04-13
2025041303009022,BFC,48,57,66.0,545.0,35970.0,2025-04-13
2025041304013987,SPDL,32,59,163.0,331.8,54083.4,2025-04-13
2025041304013986,SPDL,32,38,100.0,331.7,33170.0,2025-04-13
2025041304013985,SPDL,32,32,70.0,330.0,23100.0,2025-04-13
2025041304013984,SPDL,32,45,330.0,330.0,108900.0,2025-04-13
2025041304013983,SPDL,32,32,10.0,330.0,3300.0,2025-04-13
2025041304013982,SPDL,32,32,35.0,329.9,11546.5,2025-04-13
2025041304013981,SPDL,32,42,292.0,328.0,95776.0,2025-04-13
2025041304013980,AKJCL,58,58,25.0,200.0,5000.0,2025-04-13
2025041304013979,AKJCL,58,45,40.0,200.0,8000.0,2025-04-13
2025041303009021,SLBSL,20,1,35.0,1750.0,61250.0,2025-04-13
2025041304013978,NGPL,6,1,220.0,285.0,62700.0,2025-04-13
2025041304013977,NGPL,38,1,180.0,285.1,51318.0,2025-04-13
2025041305015463,NRN,58,62,55.0,1765.0,97075.0,2025-04-13
2025041305015462,NRN,58,45,100.0,1765.0,176500.0,2025-04-13
2025041305015461,NRN,58,34,100.0,1765.0,176500.0,2025-04-13
2025041305015460,NRN,58,49,100.0,1765.0,176500.0,2025-04-13
2025041305015459,NRN,58,18,10.0,1765.0,17650.0,2025-04-13
2025041305015458,NRN,58,16,82.0,1765.0,144730.0,2025-04-13
2025041305015457,NRN,58,66,50.0,1763.0,88150.0,2025-04-13
2025041305015456,NRIC,21,58,500.0,1301.0,650500.0,2025-04-13
2025041305015455,NRIC,1,58,128.0,1301.0,166528.0,2025-04-13
2025041304013976,GLH,32,11,100.0,236.2,23620.0,2025-04-13
2025041304013975,UMHL,62,11,500.0,461.9,230950.0,2025-04-13
2025041304013974,AKPL,6,39,100.0,226.0,22600.0,2025-04-13
2025041301014800,PCBL,41,21,500.0,250.0,125000.0,2025-04-13
2025041301014799,PCBL,39,21,50.0,250.0,12500.0,2025-04-13
2025041301014798,PCBL,58,21,100.0,250.0,25000.0,2025-04-13
2025041301014797,PCBL,6,21,10.0,250.0,2500.0,2025-04-13
2025041301014796,PCBL,49,21,62.0,250.0,15500.0,2025-04-13
2025041305015454,NRIC,1,89,132.0,1301.0,171732.0,2025-04-13
2025041305015453,NRIC,98,89,300.0,1301.0,390300.0,2025-04-13
2025041305015452,NRIC,94,89,58.0,1301.0,75458.0,2025-04-13
2025041305015451,NRIC,57,89,10.0,1301.2,13012.0,2025-04-13
2025041305015450,HIDCL,8,34,100.0,287.7,28770.0,2025-04-13
2025041303009020,PFL,7,16,27.0,414.4,11188.8,2025-04-13
2025041301014795,GMLI,55,95,976.0,2401.0,2343376.0,2025-04-13
2025041301014794,GMLI,13,95,49.0,2434.4,119285.6,2025-04-13
2025041301014793,GMLI,45,95,10.0,2450.0,24500.0,2025-04-13
2025041301014792,GMLI,35,95,50.0,2450.0,122500.0,2025-04-13
2025041301014791,BEDC,64,7,136.0,756.8,102924.8,2025-04-13
2025041304013973,DHPL,32,14,10.0,390.0,3900.0,2025-04-13
2025041304013972,UMHL,62,29,1000.0,461.9,461900.0,2025-04-13
2025041304013971,DHPL,32,29,193.0,390.0,75270.0,2025-04-13
2025041304013970,DHPL,38,29,100.0,390.0,39000.0,2025-04-13
2025041304013969,DHPL,41,29,100.0,390.0,39000.0,2025-04-13
2025041304013968,DHPL,54,29,10.0,390.1,3901.0,2025-04-13
2025041304013967,DHPL,45,29,97.0,390.3,37859.1,2025-04-13
2025041304013966,DHPL,74,29,1000.0,390.8,390800.0,2025-04-13
2025041305015449,RNLI,44,29,11.0,532.6,5858.6,2025-04-13
2025041301014790,HHL,25,38,100.0,480.0,48000.0,2025-04-13
2025041305015448,MBJC,45,52,20.0,314.0,6280.0,2025-04-13
2025041305015447,MBJC,14,52,10.0,314.0,3140.0,2025-04-13
2025041305015446,MBJC,38,52,60.0,314.0,18840.0,2025-04-13
2025041301014789,MCHL,38,47,200.0,625.0,125000.0,2025-04-13
2025041301014788,MKJC,50,65,140.0,570.0,79800.0,2025-04-13
2025041305015445,HRL,39,57,50.0,1012.0,50600.0,2025-04-13
2025041305015444,HRL,39,42,20.0,1012.0,20240.0,2025-04-13
2025041305015443,HRL,39,21,922.0,1012.0,933064.0,2025-04-13
2025041304013965,HPPL,91,50,370.0,602.0,222740.0,2025-04-13
2025041304013964,AHPC,36,33,50.0,250.0,12500.0,2025-04-13
2025041303009019,ILBS,48,5,12.0,907.0,10884.0,2025-04-13
2025041303009018,ILBS,13,5,53.0,907.1,48076.3,2025-04-13
2025041303009017,ILBS,32,5,20.0,908.0,18160.0,2025-04-13
2025041303009016,ILBS,42,5,300.0,908.0,272400.0,2025-04-13
2025041304013963,BARUN,58,42,18.0,533.4,9601.2,2025-04-13
2025041304013962,BARUN,11,42,110.0,533.5,58685.0,2025-04-13
2025041304013961,AKPL,32,41,220.0,225.6,49632.0,2025-04-13
2025041303009015,JFL,49,6,200.0,503.0,100600.0,2025-04-13
2025041303009014,CFCL,26,34,50.0,603.0,30150.0,2025-04-13
2025041303009013,CFCL,29,34,100.0,603.5,60350.0,2025-04-13
2025041303009012,CFCL,34,34,100.0,603.7,60370.0,2025-04-13
2025041303009011,CFCL,21,34,100.0,603.9,60390.0,2025-04-13
2025041303009010,CFCL,6,34,15.0,604.0,9060.0,2025-04-13
2025041303009009,CFCL,35,34,28.0,604.0,16912.0,2025-04-13
2025041304013960,CGH,41,34,10.0,853.0,8530.0,2025-04-13
2025041305015442,HIDCL,1,34,272.0,287.7,78254.4,2025-04-13
2025041301014787,SNLI,51,91,93.0,639.0,59427.0,2025-04-13
2025041301014786,SNLI,42,91,100.0,639.0,63900.0,2025-04-13
2025041301014785,SNLI,54,91,62.0,639.0,39618.0,2025-04-13
2025041301014784,SNLI,13,91,45.0,639.1,28759.5,2025-04-13
2025041305015441,NIFRA,7,94,718.0,276.0,198168.0,2025-04-13
2025041305015440,NIFRA,41,94,282.0,276.0,77832.0,2025-04-13
2025041303009008,GMFBS,1,22,103.0,1614.0,166242.0,2025-04-13
2025041303009007,PROFL,22,32,25.0,533.0,13325.0,2025-04-13
2025041304013959,UMHL,62,1,2000.0,461.9,923800.0,2025-04-13
2025041305015439,HRL,48,21,78.0,1012.0,78936.0,2025-04-13
2025041305015438,HRL,48,43,10.0,1012.0,10120.0,2025-04-13
2025041305015437,HRL,48,32,31.0,1012.0,31372.0,2025-04-13
2025041305015436,HRL,48,52,10.0,1012.0,10120.0,2025-04-13
2025041305015435,HRL,48,50,10.0,1012.0,10120.0,2025-04-13
2025041305015434,HRL,48,45,31.0,1012.0,31372.0,2025-04-13
2025041305015433,HRL,48,35,500.0,1011.9,505950.0,2025-04-13
2025041305015432,HRL,48,16,300.0,1011.8,303540.0,2025-04-13
2025041305015431,HRL,48,34,20.0,1011.5,20230.0,2025-04-13
2025041301014783,BHL,48,58,60.0,255.2,15312.0,2025-04-13
2025041305015430,HRL,48,34,10.0,1011.5,10115.0,2025-04-13
2025041303009006,MLBSL,74,26,24.0,2261.0,54264.0,2025-04-13
2025041303009005,MLBSL,74,43,10.0,2260.0,22600.0,2025-04-13
2025041303009004,MLBSL,74,22,10.0,2260.0,22600.0,2025-04-13
2025041303009003,MLBSL,74,43,10.0,2259.0,22590.0,2025-04-13
2025041304013958,NGPL,38,74,320.0,285.1,91232.0,2025-04-13
2025041304013957,NGPL,29,74,680.0,285.1,193868.0,2025-04-13
2025041301014782,HBL,4,6,30.0,230.0,6900.0,2025-04-13
2025041301014781,SNLI,6,34,10.0,640.0,6400.0,2025-04-13
2025041305015429,NRN,6,6,100.0,1761.1,176110.0,2025-04-13
2025041305015428,NRN,53,6,92.0,1761.1,162021.2,2025-04-13
2025041305015427,CLI,58,41,10.0,497.0,4970.0,2025-04-13
2025041305015426,CLI,58,35,10.0,497.0,4970.0,2025-04-13
2025041305015425,CLI,58,58,10.0,497.0,4970.0,2025-04-13
2025041304013956,UPCL,6,58,100.0,306.1,30610.0,2025-04-13
2025041305015424,HIDCL,58,45,10.0,287.9,2879.0,2025-04-13
2025041305015423,CHDC,36,81,14.0,2557.1,35799.4,2025-04-13
2025041301014780,NESDO,45,81,20.0,1791.2,35824.0,2025-04-13
2025041301014779,GBIME,52,43,108.0,218.6,23608.8,2025-04-13
2025041304013955,GHL,39,95,44.0,269.0,11836.0,2025-04-13
2025041304013954,GHL,55,95,100.0,269.1,26910.0,2025-04-13
2025041304013953,GHL,39,95,1000.0,269.1,269100.0,2025-04-13
2025041304013952,GHL,39,95,2000.0,269.2,538400.0,2025-04-13
2025041304013951,GHL,16,95,300.0,269.3,80790.0,2025-04-13
2025041304013950,GHL,65,95,3000.0,269.3,807900.0,2025-04-13
2025041304013949,GHL,6,95,1194.0,269.3,321544.2,2025-04-13
2025041304013948,GHL,58,95,738.0,269.5,198891.0,2025-04-13
2025041304013947,GHL,48,95,943.0,269.6,254232.8,2025-04-13
2025041304013946,GHL,39,95,930.0,269.6,250728.0,2025-04-13
2025041301014778,NABIL,42,17,400.0,487.0,194800.0,2025-04-13
2025041305015422,NRN,53,66,10.0,1761.1,17611.0,2025-04-13
2025041301014777,MCHL,38,38,50.0,625.0,31250.0,2025-04-13
2025041303009002,MSLB,55,38,30.0,1240.1,37203.0,2025-04-13
2025041303009001,MSLB,41,38,20.0,1240.1,24802.0,2025-04-13
2025041304013945,SHL,16,42,100.0,494.0,49400.0,2025-04-13
2025041301014776,SNLI,25,34,30.0,640.0,19200.0,2025-04-13
2025041303009000,JFL,96,6,10.0,503.0,5030.0,2025-04-13
2025041301014775,NABIL,42,47,15.0,487.0,7305.0,2025-04-13
2025041304013944,BPCL,44,13,375.0,398.0,149250.0,2025-04-13
2025041301014774,SPHL,60,96,50.0,769.9,38495.0,2025-04-13
2025041301014773,SPHL,60,42,25.0,769.9,19247.5,2025-04-13
2025041301014772,SPHL,60,54,50.0,769.8,38490.0,2025-04-13
2025041301014771,SPHL,60,42,10.0,765.0,7650.0,2025-04-13
2025041301014770,SPHL,60,13,100.0,764.9,76490.0,2025-04-13
2025041305015421,HRL,49,26,20.0,1011.0,20220.0,2025-04-13
2025041305015420,ENL,39,43,80.0,1219.0,97520.0,2025-04-13
2025041304013943,UPCL,46,41,58.0,307.0,17806.0,2025-04-13
2025041304013942,UPCL,46,80,100.0,307.0,30700.0,2025-04-13
2025041304013941,UPCL,46,7,342.0,306.6,104857.2,2025-04-13
2025041303008999,GFCL,50,58,50.0,658.0,32900.0,2025-04-13
2025041305015419,HRL,49,5,79.0,1011.0,79869.0,2025-04-13
2025041305015418,HRL,57,5,20.0,1011.0,20220.0,2025-04-13
2025041305015417,HRL,32,5,26.0,1011.0,26286.0,2025-04-13
2025041304013940,GHL,42,17,10.0,270.0,2700.0,2025-04-13
2025041303008998,MSLB,41,41,20.0,1240.1,24802.0,2025-04-13
2025041304013939,DHPL,91,41,437.0,391.0,170867.0,2025-04-13
2025041303008997,RLFL,45,41,100.0,515.0,51500.0,2025-04-13
2025041301014769,SAMAJ,49,54,10.0,2499.0,24990.0,2025-04-13
2025041303008996,SMPDA,62,49,155.0,970.2,150381.0,2025-04-13
2025041303008995,SMPDA,62,49,45.0,970.3,43663.5,2025-04-13
2025041301014768,NICA,47,49,14.0,375.5,5257.0,2025-04-13
2025041305015416,HRL,32,49,14.0,1011.0,14154.0,2025-04-13
2025041303008994,SKBBL,46,34,93.0,798.2,74232.6,2025-04-13
2025041304013938,RADHI,8,62,1000.0,495.0,495000.0,2025-04-13
2025041305015415,HIDCL,1,34,228.0,287.7,65595.6,2025-04-13
2025041305015414,HIDCL,62,34,2037.0,287.7,586044.9,2025-04-13
2025041304013937,NLG,63,91,50.0,887.9,44395.0,2025-04-13
2025041304013936,NLG,63,49,40.0,886.0,35440.0,2025-04-13
2025041305015413,KEF,40,59,100.0,9.32,932.0,2025-04-13
2025041305015412,NRN,53,71,50.0,1761.1,88055.0,2025-04-13
2025041301014767,GMLI,13,71,1951.0,2434.4,4749514.4,2025-04-13
2025041301014766,GMLI,13,71,1000.0,2434.5,2434500.0,2025-04-13
2025041301014765,GMLI,13,71,100.0,2435.0,243500.0,2025-04-13
2025041301014764,GMLI,41,71,49.0,2435.0,119315.0,2025-04-13
2025041301014763,GMLI,45,71,10.0,2435.0,24350.0,2025-04-13
2025041301014762,GMLI,16,71,50.0,2440.2,122010.0,2025-04-13
2025041301014761,GMLI,45,71,100.0,2441.0,244100.0,2025-04-13
2025041301014760,GMLI,26,71,50.0,2441.0,122050.0,2025-04-13
2025041301014759,GMLI,34,71,200.0,2442.0,488400.0,2025-04-13
2025041301014758,GMLI,49,71,100.0,2442.0,244200.0,2025-04-13
2025041301014757,GMLI,13,71,100.0,2442.0,244200.0,2025-04-13
2025041301014756,GMLI,58,71,100.0,2450.0,245000.0,2025-04-13
2025041301014755,GMLI,47,71,10.0,2450.0,24500.0,2025-04-13
2025041303008993,SINDU,54,33,20.0,1080.8,21616.0,2025-04-13
2025041305015411,PHCL,65,54,100.0,580.0,58000.0,2025-04-13
2025041303008992,SMPDA,48,51,50.0,971.0,48550.0,2025-04-13
2025041305015410,HRL,32,48,100.0,1011.0,101100.0,2025-04-13
2025041304013935,RADHI,8,84,930.0,495.0,460350.0,2025-04-13
2025041304013934,RADHI,21,84,70.0,495.0,34650.0,2025-04-13
2025041305015409,NIFRA,41,6,500.0,276.0,138000.0,2025-04-13
2025041304013933,UPCL,60,6,200.0,305.2,61040.0,2025-04-13
2025041304013932,UPCL,17,6,2000.0,305.3,610600.0,2025-04-13
2025041304013931,UPCL,16,6,1000.0,305.5,305500.0,2025-04-13
2025041304013930,UPCL,5,6,1000.0,305.6,305600.0,2025-04-13
2025041304013929,UPCL,63,6,500.0,306.0,153000.0,2025-04-13
2025041304013928,UPCL,14,6,300.0,306.0,91800.0,2025-04-13
2025041303008991,SHINE,58,57,88.0,406.0,35728.0,2025-04-13
2025041304013927,PPCL,8,49,20.0,317.8,6356.0,2025-04-13
2025041303008990,SLBSL,20,8,10.0,1750.0,17500.0,2025-04-13
2025041303008989,GLBSL,70,64,10.0,2900.0,29000.0,2025-04-13
2025041303008988,SJLIC,76,41,30.0,440.0,13200.0,2025-04-13
2025041301014754,NABIL,58,6,10.0,487.5,4875.0,2025-04-13
2025041301014753,NABIL,58,54,40.0,487.4,19496.0,2025-04-13
2025041305015408,SHIVM,58,17,192.0,521.0,100032.0,2025-04-13
2025041305015407,NIFRA,41,36,100.0,276.0,27600.0,2025-04-13
2025041305015406,HRL,32,29,40.0,1011.0,40440.0,2025-04-13
2025041305015405,CIT,62,36,10.0,1942.1,19421.0,2025-04-13
2025041301014752,SARBTM,45,75,500.0,789.0,394500.0,2025-04-13
2025041303008987,GBBL,3,25,50.0,396.0,19800.0,2025-04-13
2025041305015404,CHDC,69,58,10.0,2558.0,25580.0,2025-04-13
2025041301014751,PRVU,51,52,100.0,207.6,20760.0,2025-04-13
2025041301014750,SARBTM,45,36,106.0,789.0,83634.0,2025-04-13
2025041303008986,MLBL,60,91,10.0,389.0,3890.0,2025-04-13
2025041304013926,HPPL,91,60,1000.0,602.0,602000.0,2025-04-13
2025041305015403,HIDCL,26,18,50.0,288.0,14400.0,2025-04-13
2025041301014749,EBL,34,19,70.0,606.3,42441.0,2025-04-13
2025041301014748,EBL,48,19,50.0,606.4,30320.0,2025-04-13
2025041301014747,EBL,11,19,100.0,606.4,60640.0,2025-04-13
2025041303008985,FOWAD,50,19,15.0,1160.0,17400.0,2025-04-13
2025041303008984,FOWAD,34,19,20.0,1160.1,23202.0,2025-04-13
2025041301014746,SNLI,46,34,15.0,640.0,9600.0,2025-04-13
2025041304013925,CHCL,51,26,50.0,475.1,23755.0,2025-04-13
2025041303008983,EDBL,57,97,220.0,607.7,133694.0,2025-04-13
2025041303008982,PFL,22,5,11.0,414.2,4556.2,2025-04-13
2025041303008981,PFL,47,5,89.0,414.2,36863.8,2025-04-13
2025041303008980,PFL,38,5,100.0,414.3,41430.0,2025-04-13
2025041304013924,API,16,5,25.0,273.0,6825.0,2025-04-13
2025041304013923,API,42,5,476.0,273.0,129948.0,2025-04-13
2025041304013922,BARUN,41,34,10.0,534.0,5340.0,2025-04-13
2025041301014745,CYCL,13,53,18.0,1590.0,28620.0,2025-04-13
2025041305015402,NRN,53,49,148.0,1761.0,260628.0,2025-04-13
2025041303008979,GUFL,57,49,30.0,580.0,17400.0,2025-04-13
2025041303008978,FMDBL,42,49,939.0,765.0,718335.0,2025-04-13
2025041303008977,FMDBL,42,38,11.0,765.0,8415.0,2025-04-13
2025041303008976,FMDBL,42,81,30.0,765.0,22950.0,2025-04-13
2025041303008975,FMDBL,42,48,20.0,763.8,15276.0,2025-04-13
2025041303008974,FMDBL,42,58,350.0,760.0,266000.0,2025-04-13
2025041303008973,FMDBL,42,65,100.0,759.9,75990.0,2025-04-13
2025041303008972,FMDBL,42,35,50.0,758.0,37900.0,2025-04-13
2025041304013921,NGPL,33,41,194.0,287.0,55678.0,2025-04-13
2025041304013920,NGPL,33,22,200.0,287.0,57400.0,2025-04-13
2025041304013919,NGPL,33,34,1300.0,287.0,373100.0,2025-04-13
2025041304013918,NGPL,33,58,189.0,287.0,54243.0,2025-04-13
2025041304013917,NGPL,33,45,4000.0,286.9,1147600.0,2025-04-13
2025041304013916,NGPL,33,41,320.0,286.9,91808.0,2025-04-13
2025041304013915,NGPL,33,63,591.0,286.9,169557.9,2025-04-13
2025041304013914,NGPL,33,14,200.0,286.9,57380.0,2025-04-13
2025041304013913,NGPL,33,86,495.0,286.9,142015.5,2025-04-13
2025041304013912,NGPL,33,5,250.0,286.8,71700.0,2025-04-13
2025041304013911,NGPL,33,57,701.0,286.5,200836.5,2025-04-13
2025041304013910,NGPL,33,17,70.0,286.5,20055.0,2025-04-13
2025041304013909,NGPL,33,48,500.0,286.3,143150.0,2025-04-13
2025041304013908,NGPL,33,52,990.0,286.0,283140.0,2025-04-13
2025041303008971,PROFL,22,62,90.0,532.0,47880.0,2025-04-13
2025041305015401,SMJC,86,91,50.0,557.5,27875.0,2025-04-13
2025041305015400,SMJC,49,91,100.0,558.0,55800.0,2025-04-13
2025041305015399,SMJC,51,91,100.0,558.0,55800.0,2025-04-13
2025041305015398,SMJC,92,91,100.0,558.0,55800.0,2025-04-13
2025041305015397,SMJC,38,91,100.0,558.0,55800.0,2025-04-13
2025041305015396,SMJC,17,91,200.0,558.0,111600.0,2025-04-13
2025041305015395,SMJC,17,91,90.0,558.0,50220.0,2025-04-13
2025041305015394,SMJC,4,91,100.0,558.1,55810.0,2025-04-13
2025041305015393,SMJC,1,91,60.0,558.1,33486.0,2025-04-13
2025041305015392,SMJC,61,91,50.0,558.2,27910.0,2025-04-13
2025041305015391,HIDCL,62,63,200.0,287.7,57540.0,2025-04-13
2025041305015390,HRL,32,45,15.0,1011.0,15165.0,2025-04-13
2025041303008970,MLBL,34,33,13.0,391.9,5094.7,2025-04-13
2025041303008969,MLBL,34,36,17.0,391.7,6658.9,2025-04-13
2025041303008968,MLBL,34,99,1000.0,390.9,390900.0,2025-04-13
2025041303008967,MLBL,34,14,770.0,390.8,300916.0,2025-04-13
2025041303008966,MLBL,34,11,200.0,390.0,78000.0,2025-04-13
2025041301014744,MKJC,50,34,390.0,570.0,222300.0,2025-04-13
2025041301014743,MKJC,43,34,24.0,570.0,13680.0,2025-04-13
2025041301014742,MKJC,6,34,50.0,570.0,28500.0,2025-04-13
2025041301014741,MKJC,34,34,36.0,570.1,20523.6,2025-04-13
2025041301014740,SARBTM,45,34,11.0,789.0,8679.0,2025-04-13
2025041305015389,HRL,32,34,10.0,1011.0,10110.0,2025-04-13
2025041304013907,SSHL,56,45,400.0,228.8,91520.0,2025-04-13
2025041301014739,HIDCLP,45,35,1000.0,182.0,182000.0,2025-04-13
2025041303008965,USLB,32,57,17.0,1719.1,29224.7,2025-04-13
2025041303008964,USLB,43,57,50.0,1719.2,85960.0,2025-04-13
2025041303008963,NFS,22,51,59.0,683.0,40297.0,2025-04-13
2025041305015388,NRN,54,49,10.0,1761.0,17610.0,2025-04-13
2025041305015387,VLUCL,14,48,10.0,635.5,6355.0,2025-04-13
2025041301014738,UHEWA,75,48,11.0,643.0,7073.0,2025-04-13
2025041301014737,UHEWA,49,48,190.0,643.1,122189.0,2025-04-13
2025041303008962,SMFBS,62,21,10.0,1899.0,18990.0,2025-04-13
2025041301014736,SPC,8,72,60.0,517.9,31074.0,2025-04-13
2025041304013906,AHPC,36,64,97.0,250.0,24250.0,2025-04-13
2025041304013905,AHPC,34,64,63.0,250.0,15750.0,2025-04-13
2025041304013904,GHL,56,17,488.0,270.0,131760.0,2025-04-13
2025041304013903,GHL,66,17,10.0,270.5,2705.0,2025-04-13
2025041305015386,NRM,4,58,10.0,468.0,4680.0,2025-04-13
2025041301014735,MKCL,58,60,50.0,1608.8,80440.0,2025-04-13
2025041301014734,DOLTI,58,6,10.0,662.0,6620.0,2025-04-13
2025041304013902,DHPL,91,56,38.0,391.0,14858.0,2025-04-13
2025041301014733,SARBTM,45,14,400.0,789.0,315600.0,2025-04-13
2025041301014732,MKJC,34,38,50.0,570.1,28505.0,2025-04-13
2025041301014731,NYADI,29,45,280.0,574.9,160972.0,2025-04-13
2025041301014730,NYADI,29,49,20.0,574.0,11480.0,2025-04-13
2025041304013901,KPCL,58,3,12.0,524.0,6288.0,2025-04-13
2025041304013900,CHL,6,40,40.0,446.0,17840.0,2025-04-13
2025041304013899,RADHI,96,89,55.0,495.5,27252.5,2025-04-13
2025041304013898,RADHI,96,49,25.0,495.4,12385.0,2025-04-13
2025041304013897,RADHI,96,26,20.0,495.0,9900.0,2025-04-13
2025041304013896,RADHI,96,45,10.0,495.0,4950.0,2025-04-13
2025041304013895,RADHI,96,52,104.0,495.0,51480.0,2025-04-13
2025041304013894,RADHI,96,83,285.0,495.0,141075.0,2025-04-13
2025041301014729,DOLTI,40,98,114.0,660.2,75262.8,2025-04-13
2025041301014728,DOLTI,39,98,116.0,660.3,76594.8,2025-04-13
2025041301014727,DOLTI,35,98,40.0,661.0,26440.0,2025-04-13
2025041301014726,DOLTI,38,98,30.0,661.1,19833.0,2025-04-13
2025041305015385,NRIC,57,36,290.0,1301.2,377348.0,2025-04-13
2025041305015384,NRIC,44,36,10.0,1301.2,13012.0,2025-04-13
2025041305015383,NRIC,56,36,100.0,1302.0,130200.0,2025-04-13
2025041304013893,BPCL,44,13,139.0,398.0,55322.0,2025-04-13
2025041304013892,BPCL,45,13,50.0,398.0,19900.0,2025-04-13
2025041304013891,BPCL,38,13,50.0,398.0,19900.0,2025-04-13
2025041304013890,BPCL,11,13,150.0,398.1,59715.0,2025-04-13
2025041304013889,BPCL,53,13,130.0,398.1,51753.0,2025-04-13
2025041304013888,BPCL,3,13,221.0,398.1,87980.1,2025-04-13
2025041304013887,BPCL,38,13,10.0,398.2,3982.0,2025-04-13
2025041304013886,BPCL,81,13,250.0,398.3,99575.0,2025-04-13
2025041301014725,NYADI,99,26,50.0,571.1,28555.0,2025-04-13
2025041304013885,SHEL,19,38,2618.0,247.0,646646.0,2025-04-13
2025041304013884,SHEL,19,94,382.0,247.0,94354.0,2025-04-13
2025041305015382,SHIVM,50,17,20.0,521.0,10420.0,2025-04-13
2025041303008961,PFL,49,16,13.0,414.4,5387.2,2025-04-13
2025041305015381,NRN,58,49,12.0,1761.0,21132.0,2025-04-13
2025041305015380,NRN,28,49,110.0,1761.0,193710.0,2025-04-13
2025041301014724,SNLI,33,34,20.0,640.0,12800.0,2025-04-13
2025041301014723,EHPL,28,42,100.0,679.0,67900.0,2025-04-13
2025041301014722,EHPL,28,6,100.0,678.8,67880.0,2025-04-13
2025041301014721,PRVU,51,91,94.0,207.6,19514.4,2025-04-13
2025041301014720,PRVU,19,91,200.0,207.6,41520.0,2025-04-13
2025041301014719,HBL,4,63,83.0,230.0,19090.0,2025-04-13
2025041301014718,HBL,42,63,150.0,230.0,34500.0,2025-04-13
2025041301014717,HBL,48,63,50.0,230.0,11500.0,2025-04-13
2025041301014716,HBL,5,63,50.0,230.0,11500.0,2025-04-13
2025041301014715,HBL,21,63,100.0,230.0,23000.0,2025-04-13
2025041301014714,HBL,65,63,4567.0,230.0,1050410.0,2025-04-13
2025041304013883,SHPC,45,60,100.0,475.0,47500.0,2025-04-13
2025041303008960,PROFL,45,21,80.0,533.0,42640.0,2025-04-13
2025041303008959,SADBL,34,28,10.0,405.0,4050.0,2025-04-13
2025041304013882,AKPL,47,34,225.0,225.5,50737.5,2025-04-13
2025041304013881,AKPL,50,34,175.0,225.5,39462.5,2025-04-13
2025041303008958,CORBL,26,34,25.0,1826.1,45652.5,2025-04-13
2025041303008957,GRDBL,72,47,330.0,1244.0,410520.0,2025-04-13
2025041303008956,GRDBL,72,39,100.0,1240.0,124000.0,2025-04-13
2025041303008955,GRDBL,72,57,62.0,1235.0,76570.0,2025-04-13
2025041303008954,SWBBL,80,57,20.0,829.0,16580.0,2025-04-13
2025041304013880,GHL,56,22,42.0,270.0,11340.0,2025-04-13
2025041304013879,GHL,56,44,10.0,270.0,2700.0,2025-04-13
2025041301014713,KDL,39,18,20.0,1091.0,21820.0,2025-04-13
2025041305015379,HRL,32,60,295.0,1011.0,298245.0,2025-04-13
2025041301014712,MEHL,57,48,50.0,520.5,26025.0,2025-04-13
2025041301014711,MEHL,43,48,510.0,520.6,265506.0,2025-04-13
2025041301014710,MEHL,34,48,20.0,521.0,10420.0,2025-04-13
2025041301014709,MEHL,34,48,10.0,521.0,5210.0,2025-04-13
2025041304013878,SHEL,42,74,70.0,246.8,17276.0,2025-04-13
2025041304013877,SHEL,22,74,130.0,246.8,32084.0,2025-04-13
2025041301014708,GMLI,47,92,90.0,2450.0,220500.0,2025-04-13
2025041301014707,GMLI,43,92,30.0,2450.0,73500.0,2025-04-13
2025041301014706,GMLI,6,92,100.0,2454.9,245490.0,2025-04-13
2025041301014705,GMLI,51,92,10.0,2455.0,24550.0,2025-04-13
2025041301014704,GMLI,37,92,50.0,2460.0,123000.0,2025-04-13
2025041301014703,GMLI,34,92,100.0,2461.0,246100.0,2025-04-13
2025041301014702,GMLI,38,92,300.0,2465.0,739500.0,2025-04-13
2025041301014701,GMLI,57,92,10.0,2468.7,24687.0,2025-04-13
2025041301014700,GMLI,57,92,10.0,2468.7,24687.0,2025-04-13
2025041301014699,GMLI,16,92,100.0,2470.0,247000.0,2025-04-13
2025041301014698,GMLI,51,92,10.0,2470.0,24700.0,2025-04-13
2025041301014697,GMLI,70,92,50.0,2470.0,123500.0,2025-04-13
2025041301014696,GMLI,34,92,10.0,2472.1,24721.0,2025-04-13
2025041301014695,GMLI,42,92,70.0,2481.0,173670.0,2025-04-13
2025041303008953,GLBSL,70,8,10.0,2966.2,29662.0,2025-04-13
2025041303008952,GLBSL,70,45,35.0,2966.0,103810.0,2025-04-13
2025041303008951,GLBSL,70,74,40.0,2958.0,118320.0,2025-04-13
2025041303008950,GLBSL,70,6,100.0,2957.9,295790.0,2025-04-13
2025041303008949,GLBSL,70,58,15.0,2949.0,44235.0,2025-04-13
2025041303008948,GFCL,58,21,50.0,657.0,32850.0,2025-04-13
2025041303008947,GFCL,34,21,50.0,657.0,32850.0,2025-04-13
2025041305015378,HRL,36,60,20.0,1011.0,20220.0,2025-04-13
2025041304013876,RADHI,8,83,115.0,495.0,56925.0,2025-04-13
2025041304013875,RADHI,8,13,500.0,495.0,247500.0,2025-04-13
2025041304013874,RADHI,8,42,500.0,495.0,247500.0,2025-04-13
2025041304013873,RADHI,8,16,250.0,495.0,123750.0,2025-04-13
2025041304013872,RADHI,8,42,235.0,495.0,116325.0,2025-04-13
2025041305015377,GCIL,35,55,203.0,528.0,107184.0,2025-04-13
2025041305015376,GCIL,34,55,794.0,528.0,419232.0,2025-04-13
2025041304013871,SHEL,58,94,30.0,247.0,7410.0,2025-04-13
2025041301014694,SMH,42,38,200.0,925.0,185000.0,2025-04-13
2025041301014693,SNLI,13,38,12.0,639.1,7669.2,2025-04-13
2025041304013870,GHL,56,29,200.0,270.0,54000.0,2025-04-13
2025041304013869,HPPL,91,3,630.0,602.0,379260.0,2025-04-13
2025041304013868,HPPL,50,3,100.0,602.0,60200.0,2025-04-13
2025041304013867,HPPL,34,3,200.0,602.1,120420.0,2025-04-13
2025041304013866,HPPL,64,3,70.0,602.2,42154.0,2025-04-13
2025041303008946,NFS,35,4,80.0,682.2,54576.0,2025-04-13
2025041305015375,SMATA,4,48,1064.0,812.0,863968.0,2025-04-13
2025041305015374,HDL,25,6,50.0,1194.5,59725.0,2025-04-13
2025041301014692,TAMOR,40,48,404.0,525.0,212100.0,2025-04-13
2025041301014691,TAMOR,40,25,100.0,524.9,52490.0,2025-04-13
2025041301014690,MMKJL,49,47,10.0,646.3,6463.0,2025-04-13
2025041301014689,UNLB,47,47,25.0,2232.9,55822.5,2025-04-13
2025041301014688,SANIMA,47,38,16.0,302.0,4832.0,2025-04-13
2025041303008945,NLICL,47,53,16.0,628.8,10060.8,2025-04-13
2025041303008944,SMPDA,62,35,2000.0,970.3,1940600.0,2025-04-13
2025041304013865,LEC,19,50,80.0,208.0,16640.0,2025-04-13
2025041304013864,LEC,19,55,320.0,207.9,66528.0,2025-04-13
2025041304013863,LEC,19,33,100.0,207.5,20750.0,2025-04-13
2025041301014687,IHL,29,86,105.0,660.0,69300.0,2025-04-13
2025041301014686,SNLI,13,41,31.0,639.1,19812.1,2025-04-13
2025041303008943,JBBL,22,49,66.0,333.2,21991.2,2025-04-13
2025041303008942,JBBL,67,49,100.0,333.3,33330.0,2025-04-13
2025041303008941,JBBL,57,49,53.0,333.4,17670.2,2025-04-13
2025041303008940,JBBL,45,49,31.0,333.9,10350.9,2025-04-13
2025041304013862,RADHI,14,49,91.0,494.3,44981.3,2025-04-13
2025041301014685,SGHC,49,42,10.0,506.0,5060.0,2025-04-13
2025041301014684,BEDC,64,49,50.0,756.8,37840.0,2025-04-13
2025041301014683,SHLB,4,49,10.0,2151.3,21513.0,2025-04-13
2025041303008939,LBBL,65,49,10.0,421.0,4210.0,2025-04-13
2025041301014682,GMLI,42,33,10.0,2481.0,24810.0,2025-04-13
2025041303008938,MDB,58,91,31.0,608.5,18863.5,2025-04-13
2025041303008937,MDB,42,91,200.0,609.0,121800.0,2025-04-13
2025041303008936,MDB,40,91,450.0,609.0,274050.0,2025-04-13
2025041303008935,MDB,49,91,140.0,609.1,85274.0,2025-04-13
2025041303008934,MDB,57,91,179.0,609.1,109028.9,2025-04-13
2025041301014681,MEHL,42,49,10.0,522.0,5220.0,2025-04-13
2025041301014680,MEHL,42,82,290.0,522.0,151380.0,2025-04-13
2025041305015373,NIFRA,41,42,75.0,276.0,20700.0,2025-04-13
2025041305015372,HATHY,63,4,14.0,1373.5,19229.0,2025-04-13
2025041305015371,HATHY,63,48,30.0,1373.4,41202.0,2025-04-13
2025041305015370,HATHY,63,6,147.0,1372.0,201684.0,2025-04-13
2025041305015369,HATHY,63,94,100.0,1371.9,137190.0,2025-04-13
2025041305015368,HATHY,63,57,190.0,1371.0,260490.0,2025-04-13
2025041305015367,HATHY,63,74,11.0,1370.0,15070.0,2025-04-13
2025041305015366,HATHY,63,71,500.0,1369.9,684950.0,2025-04-13
2025041305015365,NIFRA,41,45,200.0,276.0,55200.0,2025-04-13
2025041301014679,NYADI,99,45,100.0,571.1,57110.0,2025-04-13
2025041305015364,NIFRA,41,22,268.0,276.0,73968.0,2025-04-13
2025041301014678,GBIME,72,7,895.0,218.9,195915.5,2025-04-13
2025041304013861,GLH,49,32,72.0,236.5,17028.0,2025-04-13
2025041304013860,UPCL,48,7,10.0,306.6,3066.0,2025-04-13
2025041303008933,PFL,10,16,10.0,414.4,4144.0,2025-04-13
2025041303008932,SHINE,6,57,500.0,406.0,203000.0,2025-04-13
2025041305015363,NRN,21,64,11.0,1761.0,19371.0,2025-04-13
2025041305015362,CHDC,58,17,100.0,2558.0,255800.0,2025-04-13
2025041304013859,UPCL,64,7,500.0,306.6,153300.0,2025-04-13
2025041304013858,UPCL,32,7,148.0,306.6,45376.8,2025-04-13
2025041301014677,ULBSL,49,7,40.0,3210.0,128400.0,2025-04-13
2025041305015361,HRL,55,60,50.0,1011.0,50550.0,2025-04-13
2025041303008931,GFCL,34,55,120.0,657.0,78840.0,2025-04-13
2025041304013857,RADHI,14,55,50.0,494.3,24715.0,2025-04-13
2025041304013856,NGPL,29,14,320.0,285.1,91232.0,2025-04-13
2025041304013855,NGPL,59,14,680.0,286.0,194480.0,2025-04-13
2025041304013854,SJCL,38,38,50.0,320.0,16000.0,2025-04-13
2025041305015360,CHDC,38,50,30.0,2559.0,76770.0,2025-04-13
2025041303008930,PFL,51,16,150.0,414.4,62160.0,2025-04-13
2025041305015359,PHCL,65,36,120.0,580.0,69600.0,2025-04-13
2025041305015358,HIDCL,62,67,25.0,287.7,7192.5,2025-04-13
2025041301014676,ADBL,83,38,11.0,289.0,3179.0,2025-04-13
2025041305015357,HRL,57,60,15.0,1011.0,15165.0,2025-04-13
2025041305015356,HRL,50,60,120.0,1011.0,121320.0,2025-04-13
2025041305015355,HIDCL,26,18,410.0,288.0,118080.0,2025-04-13
2025041305015354,HIDCL,26,34,500.0,287.9,143950.0,2025-04-13
2025041305015353,HIDCL,26,57,90.0,287.8,25902.0,2025-04-13
2025041301014675,NWCL,77,41,30.0,975.0,29250.0,2025-04-13
2025041305015352,HIDCL,62,49,103.0,287.7,29633.1,2025-04-13
2025041305015351,SAHAS,49,1,150.0,501.9,75285.0,2025-04-13
2025041305015350,SAHAS,49,36,900.0,501.9,451710.0,2025-04-13
2025041305015349,SAHAS,49,14,150.0,501.9,75285.0,2025-04-13
2025041305015348,SAHAS,49,40,270.0,501.9,135513.0,2025-04-13
2025041305015347,SAHAS,49,6,100.0,501.8,50180.0,2025-04-13
2025041301014674,NABIL,42,49,52.0,487.0,25324.0,2025-04-13
2025041303008929,FMDBL,1,49,30.0,757.1,22713.0,2025-04-13
2025041305015346,SAHAS,33,6,10.0,501.8,5018.0,2025-04-13
2025041301014673,TPC,62,58,37.0,527.9,19532.3,2025-04-13
2025041301014672,TPC,62,59,500.0,526.5,263250.0,2025-04-13
2025041301014671,TPC,62,29,90.0,526.0,47340.0,2025-04-13
2025041301014670,TPC,62,3,10.0,525.0,5250.0,2025-04-13
2025041301014669,TPC,62,13,30.0,525.0,15750.0,2025-04-13
2025041301014668,TPC,62,34,10.0,525.0,5250.0,2025-04-13
2025041301014667,TPC,62,94,10.0,525.0,5250.0,2025-04-13
2025041301014666,TPC,62,71,500.0,524.0,262000.0,2025-04-13
2025041301014665,TPC,62,68,28.0,523.0,14644.0,2025-04-13
2025041301014664,TPC,62,57,500.0,518.5,259250.0,2025-04-13
2025041301014663,TPC,62,44,167.0,518.4,86572.8,2025-04-13
2025041301014662,TPC,62,41,118.0,517.0,61006.0,2025-04-13
2025041303008928,SMFBS,62,29,10.0,1899.2,18992.0,2025-04-13
2025041305015345,HATHY,3,62,100.0,1365.0,136500.0,2025-04-13
2025041305015344,HATHY,38,62,200.0,1365.0,273000.0,2025-04-13
2025041305015343,HATHY,57,62,20.0,1365.0,27300.0,2025-04-13
2025041305015342,HATHY,25,62,60.0,1365.0,81900.0,2025-04-13
2025041304013853,SHEL,22,91,30.0,246.8,7404.0,2025-04-13
2025041301014661,GMLI,42,56,30.0,2484.0,74520.0,2025-04-13
2025041304013852,SHEL,28,94,4000.0,247.0,988000.0,2025-04-13
2025041303008927,NLICL,56,94,55.0,625.1,34380.5,2025-04-13
2025041304013851,GHL,56,59,1000.0,270.0,270000.0,2025-04-13
2025041303008926,JBBL,71,59,100.0,334.0,33400.0,2025-04-13
2025041303008925,SINDU,34,33,20.0,1080.8,21616.0,2025-04-13
2025041304013850,PMHPL,45,42,20.0,294.4,5888.0,2025-04-13
2025041303008924,ALICL,32,45,50.0,741.3,37065.0,2025-04-13
2025041303008923,MNBBL,22,22,200.0,360.2,72040.0,2025-04-13
2025041301014660,RHGCL,58,64,890.0,515.0,458350.0,2025-04-13
2025041301014659,RHGCL,29,64,100.0,515.0,51500.0,2025-04-13
2025041301014658,RHGCL,48,64,510.0,515.1,262701.0,2025-04-13
2025041305015341,SONA,74,7,440.0,465.1,204644.0,2025-04-13
2025041305015340,SONA,33,7,10.0,465.2,4652.0,2025-04-13
2025041305015339,GCIL,7,57,10.0,529.4,5294.0,2025-04-13
2025041301014657,GVL,6,58,10.0,478.0,4780.0,2025-04-13
2025041305015338,BBC,16,58,100.0,5995.0,599500.0,2025-04-13
2025041303008922,NLIC,25,14,50.0,767.0,38350.0,2025-04-13
2025041303008921,NLIC,11,14,10.0,767.1,7671.0,2025-04-13
2025041305015337,NRN,21,58,11.0,1761.0,19371.0,2025-04-13
2025041305015336,NRN,58,58,1000.0,1761.0,1761000.0,2025-04-13
2025041305015335,NRN,40,58,89.0,1761.1,156737.9,2025-04-13
2025041305015334,ILI,4,33,90.0,463.0,41670.0,2025-04-13
2025041305015333,SBCF,45,52,300.0,9.13,2739.0,2025-04-13
2025041305015332,SBCF,49,52,4000.0,9.13,36520.0,2025-04-13
2025041301014656,SNLI,13,35,12.0,639.1,7669.2,2025-04-13
2025041301014655,GVL,13,42,50.0,480.0,24000.0,2025-04-13
2025041303008920,SAPDBL,34,60,504.0,1010.0,509040.0,2025-04-13
2025041303008919,SAPDBL,60,60,200.0,1011.4,202280.0,2025-04-13
2025041303008918,SAPDBL,16,60,200.0,1012.0,202400.0,2025-04-13
2025041303008917,SAPDBL,46,60,100.0,1012.0,101200.0,2025-04-13
2025041303008916,SAPDBL,20,60,100.0,1012.1,101210.0,2025-04-13
2025041303008915,SAPDBL,66,60,500.0,1014.3,507150.0,2025-04-13
2025041303008914,SAPDBL,43,60,81.0,1015.0,82215.0,2025-04-13
2025041303008913,SAPDBL,25,60,100.0,1015.0,101500.0,2025-04-13
2025041303008912,SAPDBL,75,60,50.0,1015.0,50750.0,2025-04-13
2025041303008911,SAPDBL,7,60,30.0,1015.0,30450.0,2025-04-13
2025041303008910,SAPDBL,22,60,100.0,1016.0,101600.0,2025-04-13
2025041303008909,SAPDBL,17,60,10.0,1017.0,10170.0,2025-04-13
2025041303008908,SAPDBL,33,60,10.0,1017.0,10170.0,2025-04-13
2025041303008907,SAPDBL,7,60,20.0,1018.0,20360.0,2025-04-13
2025041303008906,SAPDBL,65,60,50.0,1019.2,50960.0,2025-04-13
2025041303008905,SAPDBL,62,60,10.0,1020.0,10200.0,2025-04-13
2025041303008904,SAPDBL,17,60,100.0,1020.0,102000.0,2025-04-13
2025041303008903,SAPDBL,38,60,50.0,1020.0,51000.0,2025-04-13
2025041303008902,SAPDBL,50,60,200.0,1020.0,204000.0,2025-04-13
2025041303008901,SAPDBL,49,60,70.0,1020.1,71407.0,2025-04-13
2025041303008900,SAPDBL,72,60,100.0,1020.2,102020.0,2025-04-13
2025041303008899,SAPDBL,57,60,10.0,1020.3,10203.0,2025-04-13
2025041303008898,SAPDBL,57,60,10.0,1020.4,10204.0,2025-04-13
2025041303008897,SAPDBL,50,60,100.0,1020.6,102060.0,2025-04-13
2025041303008896,SAPDBL,39,60,200.0,1020.7,204140.0,2025-04-13
2025041303008895,SAPDBL,59,60,40.0,1020.7,40828.0,2025-04-13
2025041303008894,SAPDBL,58,60,25.0,1022.0,25550.0,2025-04-13
2025041303008893,SAPDBL,92,60,30.0,1024.1,30723.0,2025-04-13
2025041304013849,HPPL,64,50,600.0,602.2,361320.0,2025-04-13
2025041305015331,NIFRA,41,41,100.0,276.0,27600.0,2025-04-13
2025041305015330,NIFRA,41,13,75.0,276.0,20700.0,2025-04-13
2025041305015329,NIFRA,41,83,400.0,276.0,110400.0,2025-04-13
2025041301014654,MBL,6,91,56.0,225.5,12628.0,2025-04-13
2025041301014653,MBL,6,91,200.0,225.5,45100.0,2025-04-13
2025041301014652,MBL,28,91,244.0,225.6,55046.4,2025-04-13
2025041304013848,RADHI,42,42,136.0,495.0,67320.0,2025-04-13
2025041301014651,GMLI,42,58,10.0,2480.0,24800.0,2025-04-13
2025041301014650,GMLI,42,49,10.0,2472.0,24720.0,2025-04-13
2025041304013847,BPCL,17,45,50.0,398.6,19930.0,2025-04-13
2025041303008892,SADBL,34,26,14.0,402.0,5628.0,2025-04-13
2025041303008891,SADBL,34,35,2578.0,401.0,1033778.0,2025-04-13
2025041304013846,IGI,45,55,50.0,566.9,28345.0,2025-04-13
2025041301014649,KBL,34,58,40.0,206.0,8240.0,2025-04-13
2025041304013845,NGPL,59,34,520.0,286.0,148720.0,2025-04-13
2025041303008890,BFC,57,57,40.0,546.0,21840.0,2025-04-13
2025041305015328,HRL,32,26,200.0,1011.0,202200.0,2025-04-13
2025041303008889,LICN,40,48,10.0,976.0,9760.0,2025-04-13
2025041301014648,NIMB,74,13,100.0,211.5,21150.0,2025-04-13
2025041305015327,NRIC,44,6,70.0,1301.2,91084.0,2025-04-13
2025041305015326,NRIC,71,6,50.0,1301.2,65060.0,2025-04-13
2025041305015325,NRIC,10,6,10.0,1302.5,13025.0,2025-04-13
2025041305015324,NRIC,95,37,10.0,1303.0,13030.0,2025-04-13
2025041305015323,SHIVM,76,17,18.0,521.0,9378.0,2025-04-13
2025041304013844,UPPER,42,17,30.0,197.1,5913.0,2025-04-13
2025041304013843,GHL,56,25,600.0,270.0,162000.0,2025-04-13
2025041304013842,GHL,56,29,100.0,270.0,27000.0,2025-04-13
2025041304013841,GHL,56,56,60.0,270.0,16200.0,2025-04-13
2025041304013840,HPPL,66,91,10.0,604.0,6040.0,2025-04-13
2025041304013839,AKJCL,58,45,150.0,200.0,30000.0,2025-04-13
2025041301014647,NICA,47,29,199.0,375.5,74724.5,2025-04-13
2025041303008888,SLBSL,20,16,55.0,1750.0,96250.0,2025-04-13
2025041303008887,JFL,45,38,230.0,501.1,115253.0,2025-04-13
2025041303008886,JFL,49,38,20.0,502.0,10040.0,2025-04-13
2025041305015322,MBJC,38,38,40.0,314.0,12560.0,2025-04-13
2025041305015321,MBJC,22,38,10.0,314.0,3140.0,2025-04-13
2025041305015320,MBJC,29,38,40.0,314.2,12568.0,2025-04-13
2025041303008885,GRDBL,4,57,10.0,1235.0,12350.0,2025-04-13
2025041304013838,NICL,57,80,20.0,803.0,16060.0,2025-04-13
2025041305015319,HRL,50,13,20.0,1010.1,20202.0,2025-04-13
2025041305015318,HRL,42,13,20.0,1010.1,20202.0,2025-04-13
2025041305015317,HRL,45,13,130.0,1010.1,131313.0,2025-04-13
2025041303008884,PMLI,65,36,100.0,546.0,54600.0,2025-04-13
2025041303008883,RLFL,38,39,28.0,515.0,14420.0,2025-04-13
2025041303008882,RLFL,45,39,50.0,515.0,25750.0,2025-04-13
2025041303008881,RLFL,51,39,342.0,515.0,176130.0,2025-04-13
2025041303008880,RLFL,35,39,50.0,515.0,25750.0,2025-04-13
2025041303008879,RLFL,53,39,10.0,515.0,5150.0,2025-04-13
2025041305015316,NRIC,19,37,50.0,1303.0,65150.0,2025-04-13
2025041303008878,JSLBB,42,5,50.0,1445.0,72250.0,2025-04-13
2025041305015315,HRL,5,26,100.0,1011.0,101100.0,2025-04-13
2025041301014646,RFPL,5,41,30.0,686.9,20607.0,2025-04-13
2025041304013837,NGPL,59,49,1000.0,286.0,286000.0,2025-04-13
2025041304013836,UPPER,42,28,252.0,197.1,49669.2,2025-04-13
2025041304013835,UPPER,45,28,100.0,197.1,19710.0,2025-04-13
2025041304013834,UPPER,58,28,245.0,197.1,48289.5,2025-04-13
2025041301014645,TVCL,57,42,17.0,549.1,9334.7,2025-04-13
2025041304013833,NGPL,59,48,100.0,286.0,28600.0,2025-04-13
2025041304013832,NGPL,59,48,2000.0,286.0,572000.0,2025-04-13
2025041304013831,NGPL,59,52,1500.0,286.0,429000.0,2025-04-13
2025041304013830,NGPL,59,34,700.0,286.0,200200.0,2025-04-13
2025041304013829,NGPL,59,3,300.0,286.0,85800.0,2025-04-13
2025041304013828,NGPL,59,63,200.0,285.1,57020.0,2025-04-13
